2320 4004
405 288 429 339 ]
442 286 546 342 166

405 432 500 472 quae
522 420 679 461 dicitur
700 421 828 460 Fama
855 419 987 472 Julian,
1006 421 1281 474 Vertobriga‚

405 485 646 526 Concordia
660 485 789 525 Julia.
823 486 949 524 Coler-

459 549 526 600 §7
556 549 665 588 Huic
684 547 798 595 facto
827 561 902 598 par
932 548 1098 598 ejusdem
1115 549 1192 588 viri
1210 549 1281 587 hu·

404 611 594 662 manitas]
640 612 736 650 Hoc
773 611 945 663 quidem
977 611 1072 650 loco
1101 610 1280 649 duorum

401 674 650 725 Scipionum
680 679 779 713 acta
808 685 1034 725 perperam
1063 674 1136 712 uni
1154 675 1280 713 AEmi-

401 738 513 777 liano
542 737 866 788 adscribuntur;
898 750 995 778 nam
1037 739 1279 789 exemplum

403 801 483 841 hoc
519 802 745 853 posterius,
785 801 907 841 Livio
945 806 1072 850 teste,
1104 813 1185 840 nou
1225 800 1279 839 ad

404 864 685 915 AEmilianum,
692 863 767 915 sed
781 876 903 903 avum
917 863 1006 915 ejus
1019 863 1280 914 superiorem

402 925 669 978 Africanum,
699 927 772 980 qui
789 940 840 967 eo
858 926 1134 968 humanitatis
1163 927 1279 966 edito

402 992 599 1041 exemplo
643 991 961 1036 Massanissam,
1008 995 1096 1029 tum
1144 990 1280 1031 adhuc

403 1053 584 1104 hostem,
603 1055 806 1093 Romanis
825 1055 1004 1105 primum
1023 1055 1280 1094 conciliavit.

403 1115 549 1168 Atqui·
563 1118 673 1157 bunc
693 1123 780 1157 tam
811 1117 1054 1169 pudendum
1075 1129 1279 1167 errorem,

403 1192 485 1220 non
507 1181 731 1233 imperitiae
754 1185 820 1224 vel
836 1182 1108 1234 negligentiae
1135 1190 1279 1223 aucto—

401 1243 459 1282 ris
476 1243 685 1295 adscribe,
702 1246 773 1298 qui
792 1246 1004 1285 immerito
1020 1256 1135 1295 saepe
1149 1257 1279 1296 vapu-

401 1305 463 1345 lat
494 1319 519 1346 a
555 1307 711 1357 doctis,
749 1307 822 1346 sed
861 1319 1004 1346 eorum
1043 1307 1280 1346 temeritati

399 1372 532 1421 atque
569 1370 839 1420 ignorantiae,
873 1369 1026 1421 quibus
1063 1369 1145 1408 hoc
1191 1373 1279 1407 tam

398 1431 651 1471 concinnum
670 1445 777 1484 opus
809 1433 1048 1482 destruere,
1075 1438 1205 1483 atque
1235 1431 1279 1470 in

397 1493 613 1544 epitomen
633 1496 885 1535 contrahere
905 1495 1038 1535 visum
1057 1493 1154 1545 fuit,
1167 1494 1279 1534 sicut

400 1562 445 1594 et
478 1562 607 1596 antea
636 1564 894 1610 conquestus
931 1569 1038 1597 sum.
1096 1557 1279 1596 Constat

399 1624 542 1659 autem
579 1627 758 1660 consuta
793 1621 887 1660 haec
923 1620 1121 1671 exempla
1165 1631 1277 1669 esse,

399 1683 467 1722 vel
504 1683 584 1723 hoc
626 1683 798 1735 indicio,
825 1683 934 1736 quod
969 1683 1014 1722 in
1047 1683 1278 1734 Campensi

398 1747 580 1797 legatur,
627 1747 736 1787 Huic
757 1746 869 1795 facto
897 1758 972 1797 par
1003 1746 1169 1795 ejusdem
1211 1746 1278 1786 avi

399 1809 634 1851 humanitas.
689 1810 935 1850 Verissime.
992 1810 1103 1850 Nam
1123 1810 1177 1849 de
1210 1822 1278 1849 su·

399 1872 567 1922 periore
597 1871 802 1912 Africano
832 1873 901 1912 hic
926 1873 1118 1926 loquitur
1146 1874 1277 1913 Vale-

398 1935 498 1975 rius.
554 1936 640 1976 Sed
673 1936 746 1988 qui
778 1937 860 1976 hoc
879 1935 1123 1987 exemplum
1143 1934 1276 1987 priori

398 2005 658 2039 connectere
694 1999 938 2049 voluerunt,
971 1998 1156 2047 Ejusdem
1186 1997 1279 2050 viri,

396 2063 677 2113 scripserunt,
706 2068 835 2114 atque
862 2060 989 2101 finem
1012 2061 1198 2112 exempli
1218 2061 1279 2100 in·

397 2137 527 2177 super
539 2126 906 2166 accommodantes
926 2136 1002 2176 pro
1015 2136 1091 2164 sua
1102 2123 1279 2164 libidine

398 2193 634 2240 mutarunt,
647 2201 742 2228 cum
764 2189 849 2239 legi
862 2187 1019 2227 debeat
1032 2188 1112 2227 hoc
1128 2187 1277 2227 modo:

397 2253 479 2291 Eos
496 2252 622 2303 igitur
636 2251 813 2292 victorioe
830 2252 1022 2292 maximos
1025 2251 1184 2297 fructus
1198 2252 1279 2291 rati

397 2315 581 2367 Romani,
625 2315 720 2355 Diis
765 2317 992 2366 templorum
1037 2319 1278 2366 ornamenta,

395 2377 553 2427 regibus
594 2378 824 2427 sanguinem
877 2390 988 2417 suum
1040 2379 1278 2427 restituere3

397 2442 750 2494 quemadmodum
778 2443 823 2482 in
843 2442 1070 2495 Campensi
1102 2443 1275 2494 legitur.

398 2506 581 2556 Pighius

451 2571 595 2610 Hastae
612 2569 821 2620 subjectos]
847 2570 933 2612 Qui
966 2570 1140 2622 publice
1172 2583 1276 2611 ven·

395 2633 627 2674 debantur.
663 2634 871 2674 Solebant
884 2633 1051 2673 enimin
1066 2634 1275 2674 auctioni-

396 2695 475 2736 bus
490 2697 626 2736 hastae
646 2696 826 2748 praefigi.

448 2759 654 2799 Amicitioe
683 2760 793 2809 regis
813 2759 1008 2812 fidissimi
1035 2760 1173 2810 populo
1194 2760 1275 2799 Ro·

395 2822 528 2873 mano]
547 2823 618 2862 De
639 2823 899 2862 Massanissa
917 2822 1119 2874 loquitur.
1140 2821 1276 2874 Atqui

394 2883 485 2935 ille,
512 2896 610 2924 cum
646 2884 690 2923 id
728 2884 928 2935 contigit,
965 2883 1276 2925 infensissimus

395 2946 587 2988 Romano
619 2947 779 2986 nomini
812 2947 962 2986 hostis.
1017 2947 1170 3000 Itaque
1203 2960 1277 2999 pa-

395 3022 489 3050 rum
518 3015 685 3052 attenta
704 3010 869 3050 Valerii
901 3022 1020 3050 mens
1052 3011 1144 3051 haec
1175 3011 1276 3051 scri-

393 3072 552 3115 bentis.
579 3074 690 3126 Lips.

448 3136 626 3187 Annulo]
653 3135 725 3176 Sic
756 3136 872 3176 enim
907 3147 999 3175 mos
1031 3140 1128 3176 erat
1157 3136 1275 3188 inge-

395 3210 501 3239 nuos
520 3212 674 3252 pueros
693 3200 848 3240 annulo
867 3200 1024 3240 ornari.

450 3261 614 3313 Fibula]
653 3262 751 3304 Qua
778 3262 823 3302 in
857 3261 1043 3302 humeris
1080 3261 1274 3303 militaris

396 3325 527 3365 vestis
546 3324 820 3366 nectebatur.

453 3387 603 3427 Tunica
623 3386 841 3438 laticlavia]
869 3387 1102 3439 Conjungit
1132 3387 1200 3427 hic
1226 3387 1276 3427 fi·

396 3451 538 3489 hulam
558 3462 728 3491 auream
748 3457 794 3490 et
806 3450 992 3490 tunicam
1003 3450 1275 3500 laticlaviam,

394 3515 493 3568 quia
511 3526 560 3555 ea
581 3517 633 3557 ab
653 3523 838 3570 utraque
859 3522 982 3568 parte
1017 3516 1058 3556 in
1089 3512 1273 3555 humeris

986 304 1162 341 NOTAE
1205 303 1533 345 VARIORUM

1577 307 1640 345 IN

1344 421 1485 462 fibulis
1505 424 1809 475 stringebatur.
1857 423 1982 464 Unde
1995 423 2223 465 Suetonius

1343 484 1385 523 in
1400 484 1623 537 Augusto:
1644 488 1655 508 ‘
1676 488 1839 527 Tunica
1860 487 2061 526 laticlavi
2082 494 2229 527 resuta

1344 559 1397 585 ex
1419 553 1600 600 utraque
1617 555 1736 600 parte
1757 550 1809 589 ad
1828 551 1960 601 pedes
1977 549 2172 591 decidit.'

1397 609 1648 661 Hispanoque
1675 614 1828 664 sagulo]
1855 613 2054 663 Sagutum
2093 611 2226 652 vestis

1342 670 1554 723 militaris,
1570 685 1651 724 qua
1668 681 1848 713 utuntur
1861 674 2043 725 Hispani
2059 675 2227 726 virgata

1343 741 1388 773 et
1407 736 1690 775 versicolore:
1720 745 1765 776 et
1786 743 1852 776 est
1880 738 2180 777 diminutivum
2201 750 2227 776 a

1341 808 1456 848 sago.
1517 798 1716 850 Virgilius
1739 811 1750 837 :
1769 800 1780 821 ‘
1797 800 1983 852 Virgatis
2001 801 2149 840 lucent
2166 812 2230 839 sa-

1343 858 1481 909 gulis!

1399 925 1548 964 Ornato
1566 925 1679 976 equo]
1699 925 1897 966 Phaleris
1922 925 2015 966 scil.
2033 933 2080 967 et
2099 938 2226 967 orna-

1341 989 1498 1028 mentis
1515 989 1622 1029 aliis.
2186 1034 2250 1044 ,ἃ

1393 1052 1415 1102 §
1446 1054 1472 1090 8
1517 1052 1567 1092 L.
1602 1052 1738 1103 etiam,
1766 1052 1855 1103 ἐξα]
1893 1051 2067 1104 Contig.
2097 1051 2150 1093 A.
2170 1048 2224 1093 U.

1341 1124 1512 1155 DLXXX.

1397 1178 1602 1228 Occurrit]
1639 1177 1930 1229 Amphipolim
1964 1177 2140 1216 ductum
2178 1182 2226 1217 et

1341 1239 1400 1278 ibi
1421 1252 1446 1279 a
1478 1242 1611 1280 Paulo
1633 1247 1891 1279 conventum
1909 1239 2062 1280 scribit
2081 1238 2222 1279 Zona-

1341 1315 1410 1342 ras
1429 1303 1582 1343 Annal.
1598 1316 1648 1343 ιι.
1680 1304 1811 1343 Coler.

1396 1365 1561 1417 Imperii
1597 1369 1801 1406 decoratus
1827 1365 2081 1417 ornamentis]
2110 1366 2220 1411 Tan·

1344 1443 1467 1483 quam
1514 1433 1682 1472 honoris
1733 1432 1872 1483 gratia
1909 1432 1972 1471 illi
2010 1431 2102 1484 regi
2140 1443 2224 1471 non

1341 1496 1514 1548 captivo
1536 1497 1729 1548 prodiret
1748 1495 1932 1537 obviam.
1968 1495 2066 1535 Fuit
2079 1502 2223 1536 autem

1341 1564 1492 1610 captus
1527 1559 1685 1599 Perses
1725 1571 1751 1598 a
1786 1560 1862 1600 Cn.
1901 1558 2087 1598 Octavio
2126 1570 2225 1598 cum

1339 1620 1504 1661 duobus
1534 1621 1633 1661 filiis
1660 1621 1908 1661 Alexandro
1940 1628 1986 1661 et
2006 1621 2226 1673 Philippo,

1340 1684 1440 1724 dum
1459 1683 1662 1736 fugerent
1691 1686 1734 1724 in
1762 1685 2099 1725 Samothraciam
2127 1696 2223 1741 cum

1341 1747 1491 1787 decem
1507 1748 1675 1787 milibus
1687 1748 1910 1795 talentum,
1924 1747 2037 1800 quod
2053 1747 2105 1787 ad
2122 1759 2222 1787 con-

1340 1812 1472 1851 sulem
1492 1812 1707 1853 AEmilium
1723 1814 1919 1853 Paullum
1937 1812 2118 1854 deduxit
2135 1813 2221 1854 Oc·

1341 1875 1494 1914 tavius.
1527 1876 1737 1916 oliverius.

1395 1939 1454 1977 Et
1476 1938 1616 1978 Groeco
1628 1951 1800 1979 sermone
1813 1941 1864 1980 ad
1879 1953 1983 1992 spem
1996 1940 2224 1981 exhortatus

1340 2001 1416 2052 est]
1443 2001 1581 2041 Recte
1601 2002 1643 2041 in
1676 2003 1782 2044 Mss.
1811 2008 1851 2043 et
1882 2004 2021 2043 Graeco
2050 2016 2222 2044 sermone

1340 2065 1391 2102 ad
1418 2075 1526 2114 spem
1555 2065 1787 2105 exhortatus
1815 2070 1888 2106 est.
1943 2065 2220 2118 Astipulatur

1342 2125 1487 2166 Livius
1548 2127 1623 2167 lib.
1667 2139 1773 2168 va.
1826 2129 1940 2177 idem
1993 2128 2186 2168 referens
2209 2141 2220 2168 ε

1338 2187 1351 2210 ‘
1369 2188 1510 2240 Haec,'
1523 2189 1675 2242 inquit,
1693 2189 1705 2211 ‘
1722 2190 1882 2230 Graeco
1903 2202 2101 2230 sermone
2117 2190 2223 2231 Per-

1338 2264 1427 2303 seo,
1457 2253 1608 2292 Latine
1637 2253 1791 2293 deinde
1813 2253 1931 2294 suis?
1968 2254 2063 2294 Nec
2077 2253 2222 2294 ociose

1336 2315 1417 2356 hoc
1435 2322 1684 2356 annotatum
1705 2316 1757 2356 ab
1780 2317 2023 2368 Historicis,
2041 2317 2158 2357 velut
2177 2317 2222 2357 in

1337 2379 1609 2419 humanitatis
1636 2392 1687 2420 ac
1706 2380 1982 2432 benignitatis
2002 2376 2221 2431 indicium,

1337 2454 1433 2482 cum
1468 2443 1655 2496 alioquin
1687 2455 1742 2482 ex
1772 2443 2002 2495 majestate
2038 2445 2221 2485 Romani

1341 2507 1502 2559 populi,
1537 2513 1668 2560 atque
1704 2507 1966 2548 auctoritate
2002 2507 2223 2558 magistra-

1338 2576 1456 2609 tuum
1475 2571 1611 2610 soleat
1626 2582 1734 2620 esse,
1749 2570 1945 2621 Graecos,
1959 2576 2220 2622 exterasque

1336 2631 1419 2671 nisi
1438 2633 1592 2672 Latine
1612 2632 1786 2684 alloqui,
1814 2637 1862 2672 ut
1892 2632 1985 2684 ipse
2019 2632 2219 2672 Valerius

1336 2694 1410 2734 lib.
1427 2706 1476 2734 n.
1495 2707 1590 2746 cap.
1608 2699 1647 2735 2.
1662 2700 1810 2734 auctor
1822 2701 1902 2735 est.
1923 2695 2046 2745 Pigh.
2078 2695 2220 2735 Graeco

1334 2757 1526 2808 sermone]
1569 2758 1860 2798 Humanitatis
1894 2764 1941 2798 et
1977 2759 2218 2799 clementiae

1338 2831 1481 2860 causa.
1538 2821 1648 2860 Nam
1683 2820 1788 2860 alias
1823 2820 1977 2860 Latine
2008 2820 2221 2872 solebant,

1340 2890 1447 2935 puta
1474 2884 1708 2936 majestatis
1731 2897 1877 2936 causa,
1904 2889 1954 2925 ut
1973 2885 2076 2925 alibi
2090 2885 2220 2926 Vale·

1339 2947 1440 2986 rius.
1498 2948 1626 2987 Coler.

1394 3012 1458 3062 §9
1483 3011 1583 3050 Haec
1595 3011 1645 3050 L.
1663 3011 1814 3061 Paulli,
1843 3010 1932 3063 850]
1965 3012 2106 3054 Quum
2132 3012 2216 3052 Mi-

1337 3073 1549 3114 thridates
1559 3087 1584 3114 a
1595 3074 1800 3125 Pompeio
1810 3086 1834 3113 e
1846 3073 2067 3126 provincia
2075 3075 2218 3126 pulsus

1337 3138 1390 3178 ad
1421 3139 1650 3190 Tigranem
1670 3137 1886 3178 Armeniae
1905 3149 2051 3190 regem
2069 3136 2218 3177 confu-

1335 3202 1484 3253 gisset,
1528 3213 1625 3240 eum
1669 3212 1930 3252 persequens
1973 3200 2220 3252 Pompeius,

1336 3263 1539 3304 celeriter
1575 3265 1618 3303 in
1652 3261 1898 3302 Armeniam
1922 3262 2166 3312 contendit,
2190 3274 2217 3301 a

1333 3326 1524 3378 Tigrane
1545 3325 1730 3376 juniore,
1758 3324 1830 3376 qui
1859 3336 1883 3364 a
1901 3330 2026 3376 patre
2045 3324 2217 3365 defece-

1335 3395 1418 3438 rat,
1438 3388 1690 3428 accersitus.
1726 3387 1935 3438 Tigranes
1954 3399 2056 3427 vero
2072 3387 2215 3441 senior

1334 3452 1482 3492 audito
1502 3450 1699 3502 Pompeii
1719 3449 1923 3501 adventu,
1954 3450 2213 3502 cognitaque

1336 3515 1428 3566 ejus
1449 3513 1689 3563 clementia,
1721 3512 1996 3567 moribusque
2016 3511 2212 3555 suavissi-
