2288 3990
331 280 473 334 1050

388 411 569 451 Catilinae
604 410 745 463 victor]
775 412 934 452 Saltem
979 424 1055 463 per
1091 413 1203 465 lega-

332 479 447 515 tum:
478 487 575 514 nam
596 473 686 526 ipse
706 474 884 526 pedibus
911 487 1028 527 aeger
1055 475 1203 516 adesse

330 547 413 575 non
434 542 619 588 poterat,
637 542 685 576 ut
703 536 923 576 Sallustius
943 536 1050 578 dicit
1067 538 1203 590 primo

330 598 455 640 libro.
644 636 648 639 .

385 662 587 702 Abstersos
625 661 798 713 gladios]
859 662 991 706 Quasi
1035 663 1203 704 civilem

330 725 578 776 sauguinem
597 723 956 766 abominarentur.

384 786 530 825 Lucius
566 786 708 836 Cinna,
733 787 821 839 ssa]
851 787 910 827 Hi
935 787 1039 828 urbe
1059 788 1206 840 ejecti,

332 848 510 888 diversis
541 847 816 900 factionibus,
844 850 912 891 hic
941 852 1117 904 aSylla,
1136 852 1206 891 ille

333 910 389 950 ab
406 911 606 961 Octavio,
622 923 754 961 parvo
785 913 987 964 temporis
1015 913 1205 954 intersti-

333 972 411 1023 tio,
429 974 684 1025 comparatis
715 982 841 1026 atque
872 977 1114 1027 conjunctis
1134 988 1206 1016 ex-

330 1036 554 1087 ercitibus,
573 1037 724 1088 patriae
753 1036 911 1078 bellum
939 1039 1204 1079 intulerunt:

332 1109 432 1137 nam
464 1110 561 1138 cum
591 1099 751 1138 Marius
781 1112 954 1141 carcere
989 1101 1210 1154 liberatus,

335 1165 383 1199 ut
403 1160 447 1200 ln
466 1172 559 1211 cap.
580 1161 634 1200 de
656 1161 881 1202 Ominibus
900 1165 1068 1215 planius
1089 1164 1209 1204 vide-

334 1233 503 1272 mns,se
523 1224 566 1262 iu
585 1222 773 1264 Africam
791 1226 1054 1276 contulisset,
1074 1227 1211 1266 audis-

335 1290 487 1337 setque
508 1286 654 1326 Romae
674 1286 924 1327 seditionem
943 1294 1080 1328 ortam
1099 1290 1211 1329 inter

335 1347 515 1387 Cinnam
535 1354 579 1388 et
600 1349 846 1395 Octavium,
866 1355 1017 1402 utpote
1042 1352 1106 1391 vir
1125 1351 1212 1392 bel-

335 1409 608 1449 licosissimus
638 1423 693 1451 ex
723 1412 951 1452 Maurusiis
975 1414 1144 1461 e'quites
1169 1414 1213 1454 iu

336 1469 487 1512 Africa
505 1474 783 1524 comparavit,
799 1478 843 1514 et
863 1487 916 1515 ex
936 1475 1049 1526 agris
1069 1474 1215 1516 robus·

339 1534 519 1575 tissimos
539 1549 729 1589 quosque
748 1538 922 1590 delegit,
942 1539 1215 1594 impletisque

337 1598 562 1651 sexaginta
591 1599 783 1652 navibus,
812 1613 910 1642 cum
946 1614 998 1642 ea
1029 1602 1216 1643 virorum

336 1661 464 1712 copia
500 1661 676 1702 Romam
707 1675 855 1703 versus
886 1665 1118 1716 navigavit,
1151 1679 1216 1707 se·

339 1735 423 1775 que
444 1724 608 1775 Cinnae,
621 1727 747 1777 paulo
762 1732 860 1768 ante
874 1730 1050 1780 expulso
1064 1730 1215 1782 Roma,

339 1786 579 1838 conjunxit,
597 1787 670 1840 qui
690 1789 958 1840 segnioribus
980 1789 1105 1832 factis
1124 1792 1217 1843 jam

342 1850 559 1901 Romanis,
597 1856 726 1903 atque
756 1851 924 1893 desidia
955 1861 999 1894 et
1035 1855 1218 1906 segnitie

341 1911 513 1964 ducum,
532 1914 669 1965 primo
697 1914 911 1968 Hostiam,
929 1916 1082 1957 deinde
1100 1917 1219 1958 Jani-

341 1975 501 2024 culum,
520 1981 735 2027 postremo
755 1977 915 2018 Urbem
941 1979 1077 2030 ipsam
1096 1991 1220 2020 occu·

343 2045 519 2090 parunt,
546 2051 671 2091 quam
692 2039 810 2080 velut
835 2046 994 2082 terram
1021 2043 1221 2084 hostilem

344 2098 631 2151 diripuerunt,
664 2105 710 2141 et
739 2103 974 2144 miserabili
1001 2106 1122 2145 caede
1157 2118 1221 2146 re-

343 2162 587 2213 pleverunt.
641 2165 750 2206 Post
784 2166 894 2207 hauc
931 2167 1060 2219 igitur
1093 2169 1224 2209 victo·

345 2224 451 2264 riam
472 2226 609 2266 Cinna
628 2232 673 2267 et
688 2228 852 2268 Marius
868 2228 922 2268 de
942 2231 1026 2270 suis
1045 2231 1224 2271 inimicis

343 2298 428 2326 non
449 2288 778 2340 triumpharunt.
837 2291 985 2332 Oliver.

400 2348 467 2389 Ad
499 2352 642 2402 templa
670 2352 843 2393 Deorum
873 2359 911 2394 et
945 2356 1056 2408 aras]
1084 2357 1147 2397 Ut
1173 2356 1228 2396 de

347 2411 543 2452 Victoria
573 2420 700 2464 parta
731 2416 830 2456 Diis
860 2418 1022 2469 gratias
1051 2425 1229 2470 agerent

348 2474 640 2518 sacrificantes
687 2492 804 2521 more
863 2482 1231 2535 triumphantium.

352 2539 460 2578 Bau.

405 2602 506 2642 Item
537 2602 682 2644 Lucius
710 2605 824 2656 Sylla
857 2607 927 2658 qui
956 2607 1128 2659 plurima
1157 2608 1234 2648 bel-

353 2663 412 2714 la]
439 2664 560 2715 Sylla
581 2667 714 2706 multa
745 2668 854 2707 bella
872 2669 1015 2709 civilia
1032 2669 1234 2711 confecit.

354 2726 546 2766 Primum
572 2728 773 2768 adversus
809 2729 993 2770 Marium
1024 2738 1070 2770 et
1093 2732 1234 2783 Sulpi-

355 2788 459 2828 tium
488 2797 582 2829 orta
611 2790 664 2830 de
685 2791 908 2843 provincia
933 2793 1062 2833 Ponti
1091 2794 1236 2834 sediti·

354 2864 450 2892 one.
507 2854 618 2893 Nam
652 2866 747 2893 cum
781 2856 1120 2897 Mithridaticum
1147 2858 1234 2898 bel·

355 2916 443 2954 lum
463 2916 608 2967 Syllae,
626 2918 698 2969 qui
728 2923 817 2958 tum
849 2919 1006 2959 Consul
1036 2927 1142 2967 erat,
1163 2920 1236 2960 de-

359 2978 601 3018 mandatum
637 2979 767 3031 foret,
797 2983 852 3024 Q.
871 2982 993 3033 Sulp.
1025 2983 1148 3023 Trib.
1179 2984 1237 3035 pl.

359 3041 553 3081 adversae
586 3041 784 3082 factionis
818 3043 943 3083 homo
973 3045 1111 3096 legem
1140 3046 1240 3086 tulit

359 3103 492 3143 invito
506 3105 681 3155 Senatu,
702 3111 750 3145 ut
781 3107 922 3147 Mario
942 3107 1240 3148 Mithridatica

361 3165 583 3216 provincia
616 3167 882 3219 crederetur,
915 3170 984 3210 cui
1029 3171 1239 3222 rogationi

359 3241 460 3268 cum
480 3228 681 3269 resistere
693 3230 812 3282 Sylla
826 3243 989 3272 summa
999 3243 1078 3283 ope
1094 3234 1241 3284 vellet,

361 3291 571 3342 Sulpitius
602 3304 699 3331 enm
729 3297 894 3332 armata
922 3305 1044 3333 manu
1079 3293 1120 3333 in
1145 3306 1240 3335 eum

361 3354 571 3405 impetum
591 3353 715 3405 fecit,
733 3361 1006 3408 stragemque
1023 3356 1240 3408 ingentem

365 3415 480 3454 circa
513 3428 607 3455 eum
635 3416 786 3468 edidit,
805 3418 880 3458 ubi
913 3418 1108 3470 Pompeii
1133 3418 1243 3460 filius

368 3477 618 3519 adolescens
654 3480 942 3522 nobilissimus
988 3494 1125 3523 caesus
1162 3489 1244 3524 est.

907 295 1084 334 NOTAE
1125 295 1456 336 VARIORUM

1501 297 1564 336 ΙΝ

1264 412 1382 464 Sylla
1399 414 1512 453 inter
1531 412 1693 454 caedem
1708 412 1939 455 difficulter
1952 415 2138 468 elapsus,

1266 476 1374 515 clam
1394 482 1519 516 nocte
1540 477 1580 516 in
1602 482 1743 517 castra
1761 477 1997 528 contendit,
2013 490 2135 519 exer·

1265 537 1394 576 citum
1422 550 1584 577 omnem
1615 539 1816 578 adversus
1842 540 2072 592 Sulpitium
2091 546 2138 582 et

1265 599 1451 639 Marium
1480 601 1729 652 concitavit,
1746 608 1793 642 et
1818 603 1940 643 caesis
1969 604 2139 656 legatis,

1266 661 1336 712 qui
1361 661 1412 700 ad
1434 662 1729 714 accipiendum
1754 664 1993 705 exercitum
2021 664 2139 705 missi

1266 721 1453 774 fuerant,
1472 724 1524 764 ad
1553 724 1701 765 urbem
1732 727 1996 778 properavit,
2013 739 2140 780 qnam

1265 785 1478 827 hostiliter
1490 788 1720 838 ingressus,
1735 789 1922 828 caedibus
1938 795 1985 829 et
1996 789 2142 830 incen-

1267 849 1338 889 dio
1366 851 1577 902 replevit3
1605 862 1699 890 nam
1727 850 1828 891 dum
1855 851 2001 891 hostes
2019 863 2144 903 spec-

1269 917 1349 961 tat,
1377 925 1544 952 suornm
1572 913 1730 955 nullam
1757 913 1966 953 rationem
1996 912 2144 959 habet,

1269 980 1414 1014 sontes
1443 975 1712 1027 insontesque
1732 975 1952 1027 opprimit.
2011 974 2144 1015 Dein-

1271 1039 1341 1090 de,
1364 1038 1513 1079 sedato
1538 1040 1739 1088 tumultu,
1766 1039 1944 1091 imperio
1968 1039 2145 1091 potitus,

1271 1100 1475 1140 adversus
1494 1101 1793 1142 Mithridatem
1822 1100 2046 1154 profectus
2066 1106 2147 1148 est,

1273 1164 1345 1204 ubi
1363 1177 1458 1204 cum
1490 1166 1616 1216 paulo
1637 1171 1737 1216 post
1757 1165 1944 1205 audisset
1962 1164 2147 1204 Marium

1273 1233 1317 1267 et
1335 1228 1514 1267 Cinnam
1532 1227 1774 1279 conjunctis
1799 1227 2060 1267 exercitibus
2079 1239 2150 1267 ur-

1272 1290 1370 1329 bem
1386 1290 1563 1342 cepisse,
1582 1296 1801 1344 totamque
1821 1290 2035 1331 hostiliter
2047 1289 2152 1331 diri-

1275 1353 1434 1403 puisse,
1465 1359 1512 1392 et
1538 1352 1710 1403 civium,
1743 1364 1795 1392 ac
1826 1351 2018 1404 inprimis
2046 1351 2151 1392 ami-

1274 1426 1420 1454 corum
1449 1426 1618 1454 suorum
1644 1412 1800 1454 foedam
1834 1413 2018 1453 edidisse
2045 1417 2154 1453 stra-

1276 1489 1387 1529 gem,
1406 1477 1492 1517 icto
1520 1489 1617 1517 cum
1645 1478 1764 1529 Rege
1787 1475 1968 1527 foedere,
1985 1487 2155 1527 compo-

1277 1538 1454 1591 sitisque
1490 1539 1617 1579 rebus
1649 1539 1693 1578 iu
1726 1537 1959 1591 provincia,
1976 1538 2154 1578 Romam

1278 1602 1409 1642 venit.
1465 1603 1521 1642 Et
1542 1602 1677 1654 primo
1706 1600 1820 1653 apud
1848 1600 2040 1652 Capuam
2059 1611 2156 1640 cum

1276 1664 1417 1704 Mario
1449 1665 1622 1716 juniore
1653 1670 1699 1705 et
1729 1663 1913 1704 Consule
1950 1663 2156 1703 Norbano

1278 1727 1464 1768 feliciter
1484 1727 1703 1780 pugnavit,
1720 1738 1850 1778 supra
1867 1737 1954 1766 vu.
1974 1723 2156 1766 hostium

1278 1792 1411 1831 millia
1431 1793 1614 1842 cecidit;
1643 1791 1758 1831 intra
1780 1791 1974 1842 Capuam
1994 1788 2157 1829 Norba-

1279 1866 1378 1894 num
1418 1853 1603 1894 inclusit.
1657 1853 1723 1893 M.
1756 1863 1924 1905 quoque
1961 1850 2161 1893 Lucullus

1282 1929 1388 1957 unus
1407 1928 1461 1955 ex
1482 1916 1661 1956 ducibus
1681 1914 1766 1954 suis
1786 1913 1900 1966 apud
1917 1913 2161 1953 Fidentiam

1283 1978 1472 2018 sedecim
1498 1978 1694 2018 cohortes
1725 1976 1928 2015 adversus
1956 1974 2163 2028 quinqua-

1283 2044 1403 2095 ginta
1422 2042 1563 2094 duxit,
1583 2047 1628 2082 et
1647 2053 1719 2080 eas
1747 2039 1861 2080 fudit
1885 2045 2016 2092 atque
2038 2037 2161 2090 fuga-

1286 2107 1364 2158 vit,
1394 2106 1617 2158 victorque
1649 2104 1801 2144 decem
1837 2109 1883 2143 et
1914 2107 2013 2142 octo
2049 2102 2166 2142 milia

1287 2168 1533 2218 trucidavit,
1552 2168 1719 2207 hostem
1737 2166 1889 2207 castris
1905 2165 2041 2206 exinit.
2068 2165 2165 2217 Syl·

1287 2233 1329 2272 la
1345 2231 1471 2283 paulo
1500 2236 1600 2281 post
1618 2231 1798 2269 alterum
1820 2228 2047 2268 Consulem
2074 2226 2164 2266 Sci-

1290 2294 1474 2344 pionem,
1494 2303 1570 2343 spe
1603 2290 1719 2343 pacis
1748 2294 1984 2340 ostentata,
2001 2295 2046 2329 et
2072 2288 2166 2344 ej-us

1293 2356 1484 2408 legiones
1518 2354 1692 2404 occidit,
1722 2364 1865 2393 rursus
1901 2363 1997 2392 cum
2030 2350 2168 2391 Mario

1283 2419 1476 2471 juniore,
1503 2417 1576 2471 qui
1606 2417 1845 2457 exercitum
1879 2419 2170 2468 reparaverat,

1292 2481 1403 2523 baud
1424 2481 1573 2533 procul
1591 2480 1644 2520 ab
1664 2479 1770 2519 urbe
1791 2489 2057 2530 congressus,
2074 2488 2169 2517 cum

1293 2544 1461 2596 ingenti
1478 2542 1664 2583 hostium
1691 2547 1837 2592 strage
1859 2541 1996 2580 victor
2017 2538 2172 2587 evasit,

1295 2618 1391 2646 nam
1419 2606 1475 2645 ad
1505 2604 1656 2656 viginti
1687 2604 1821 2643 millia
1845 2615 1974 2652 cassa,
2002 2607 2047 2640 et
2075 2607 2173 2640 octo

1295 2673 1426 2719 capta
1444 2667 1498 2707 ab
1517 2678 1569 2706 eo
1596 2665 1724 2706 fuisse
1753 2658 1972 2714 dicuntur,
1990 2662 2173 2703 Marium

1297 2730 1520 2770 Praeneste
1545 2727 1718 2780 fugisse,
1742 2727 1876 2766 multa
1902 2736 2070 2778 quoque
2098 2736 2175 2776 per

1297 2792 1388 2844 ejus
1409 2789 1656 2843 praefectos,
1674 2789 1946 2841 Pompeium,
1961 2787 2175 2838 Crassum,

1299 2855 1542 2905 Metellum,
1559 2852 1786 2893 Servilium
1816 2850 1966 2903 praelia
1991 2848 2179 2890 feliciter

1300 2918 1541 2966 commissa,
1575 2917 1647 2968 qui
1684 2926 1852 2965 magnas
1896 2914 2174 2954 Romanorum

1301 2980 1445 3032 copias
1469 2980 1682 3018 delevere.
1738 2978 1948 3018 Ultimum
1982 2976 2043 3016 illi
2072 2987 2181 3028 pra?-

1302 3043 1402 3082 linm
1442 3041 1526 3083 fuit
1561 3042 1638 3081 sub
1673 3041 1777 3093 ipsis
1816 3039 2024 3080 moenibus
2060 3038 2180 3080 urbis

1303 3117 1398 3144 cum
1431 3103 1624 3143 Telesino
1661 3102 1845 3155 quodam
1889 3099 2097 3149 Samnite,
2136 3104 2183 3139 et

1305 3167 1538 3219 Lamponio
1571 3165 1664 3217 ejus
1694 3165 1826 3215 socio,
1846 3163 1890 3203 in
1919 3174 2002 3214 quo
2033 3174 2181 3212 parum

1303 3230 1456 3280 abfuit,
1475 3229 1576 3282 quin
1608 3227 1801 3268 funditus
1830 3226 2075 3273 deleretur3
2104 3224 2180 3264 sed

1306 3292 1479 3334 tandem
1498 3292 1711 3343 aspirante
1726 3288 1910 3338 fortuna,
1928 3287 2023 3326 illos
2042 3285 2184 3337 profli-

1306 3355 1440 3407 gavit,
1460 3368 1543 3394 non
1563 3356 1652 3393 sine
1673 3364 1828 3402 magna
1846 3361 2013 3390 suorum
2033 3349 2183 3397 clade;

1309 3419 1454 3459 urbem
1477 3416 1630 3456 deinde
1652 3416 1878 3464 ingressus,
1897 3425 1972 3451 sex
1997 3411 2186 3457 millibus

1310 3494 1363 3522 ex
1384 3479 1571 3534 equestri
1587 3477 1734 3518 ordine
1749 3477 1792 3515 in
1810 3474 1946 3516 forum
1966 3474 2185 3527 perductis
