2288 3990
547 273 838 324 „VALERn
882 272 1123 313 Maxim
1171 274 1292 315 mn.
1322 274 1388 313 11.
1429 273 1563 313 CAP.
1590 259 1642 312 4,

194 399 351 440 bantur
371 402 513 438 autem
533 395 800 436 lectisternia
814 408 840 434 a
858 394 1077 435 struendis

191 464 332 517 lectis,
359 462 510 516 quibus
541 461 734 501 Deorum
757 459 980 499 simulacra
1012 470 1079 496 su-

193 525 628 581 perimponebantur:
659 536 761 575 ergo
796 522 1078 570 lectisternia,

193 590 347 644 quibus
367 601 414 630 se
442 594 688 629 sternentes
713 592 806 629 tota
825 594 953 629 nocte
970 586 1078 639 vigi-

191 654 354 695 labant.

187 747 189 749 ·
247 719 314 759 Ad
326 718 511 770 mum]
537 717 590 758 Id
611 722 696 768 est,
709 715 985 768 profundum,
1002 714 1078 755 ubi

188 780 376 822 solidum
393 782 504 822 solet
517 793 611 822 esse
626 780 909 822 aedificiorum
927 779 1078 820 funda-

189 850 400 886 mentum.

243 909 313 950 Ad
326 922 400 950 xx.
415 911 556 962 pedum
569 909 836 961 altitudinem]
855 908 963 950 Alta
984 908 1078 949 haec

190 974 355 1017 fossio:
399 978 540 1018 verius
566 976 719 1030 fuerit,
751 978 893 1017 denum
921 978 1077 1030 pedum.

188 1040 378 1092 Lipsius.

243 1104 520 1156 Altitutinem]
566 1103 668 1145 Scil.
704 1102 1077 1157 profunditatem3

188 1180 289 1209 nam
321 1169 504 1209 altitudo
535 1173 624 1209 tam
655 1168 710 1209 de
735 1167 931 1222 fastigio,
951 1182 1078 1222 quam

188 1231 246 1273 de
265 1232 482 1285 profundo
500 1232 678 1275 dicitur.
721 1233 850 1273 Unde
878 1234 890 1255 ‘
907 1234 1079 1274 coelum-

185 1311 272 1352 qne
304 1297 593 1352 profundum'
631 1299 782 1340 dixere
818 1298 991 1351 Poetae,
1032 1306 1079 1340 et

187 1365 202 1386 ⁴
219 1364 355 1404 altum
370 1376 491 1404 mare
506 1363 536 1404 :'
567 1376 666 1404 nam
685 1366 699 1388 ‘
713 1365 847 1405 altum
861 1364 873 1382 ’
889 1371 934 1405 et
954 1377 1079 1417 supe-

189 1428 346 1468 riorem
365 1434 412 1470 et
428 1427 676 1470 inferiorem
699 1429 974 1470 altitudinem
994 1431 1078 1483 sig-

188 1489 353 1544 nificat,
389 1497 503 1532 teste
531 1492 699 1544 Servio,
728 1493 830 1546 quia
861 1505 1076 1534 mensurae

188 1566 343 1595 nomen
363 1560 434 1595 est
449 1556 662 1597 altitudo:
683 1557 795 1598 sicut
811 1558 943 1598 etiam
957 1557 1077 1599 fasti-

188 1617 303 1670 gium
321 1617 502 1658 dicimus
532 1619 786 1672 plerumque
805 1620 1077 1672 profundita-

188 1688 289 1721 tem.
316 1681 553 1733 Virgilius:
585 1684 597 1706 ‘
617 1684 816 1724 Forsitan
845 1691 891 1725 et
916 1686 1076 1726 scrobi-

187 1745 268 1786 bus
300 1757 397 1799 quae
432 1746 518 1788 sint
545 1745 720 1801 fastigia.
748 1750 943 1803 quaerasss
991 1751 1078 1791 Oli-

186 1823 270 1850 ver.
535 1834 544 1839 -

241 1875 350 1921 Quia
382 1876 544 1917 totidem
563 1876 669 1930 filii]
700 1878 792 1919 Lib.
813 1878 1076 1920 Colmarien-

186 1938 273 1980 sis:
301 1940 468 1981 totidem
485 1942 614 1982 liberi.
654 1943 850 1994 Rectius,
869 1956 964 1984 meo
984 1945 1075 1984 ani-

184 2014 270 2044 mo.
327 2004 524 2045 Fuerunt
555 2006 668 2047 enim
698 2006 784 2048 duo
812 2006 889 2048 filii
917 2013 964 2048 et
993 2020 1076 2049 tina

184 2066 287 2110 filia.
317 2070 511 2115 Cotem„

239 2133 365 2186 Cujus
393 2133 631 2186 exemplum]
657 2135 858 2176 Valesius
885 2135 1010 2176 ludos
1029 2143 1075 2177 et

181 2199 375 2239 solennia
427 2199 642 2239 secularia
682 2199 790 2240 fecit
842 2200 1073 2241 liberorum

181 2272 331 2304 causa.
382 2263 450 2304 At
477 2264 677 2304 Valerius
706 2263 939 2304 Publicola
969 2264 1073 2304 libe-

181 2327 331 2368 randae
376 2328 567 2368 civitatis
612 2327 768 2379 gratia,
813 2341 907 2380 quae
946 2335 1072 2380 peste

181 2392 372 2444 graviter
406 2398 611 2445 corrupta
646 2392 803 2434 fuerat.
864 2394 950 2435 Hic
987 2393 1072 2436 fuit

179 2457 380 2498 Valerius
400 2458 488 2510 ille,
505 2459 578 2510 qui
597 2459 762 2499 exactis
791 2459 964 2512 regibus
985 2461 1071 2512 pri·

179 2535 274 2564 mus
303 2524 346 2564 in
374 2523 482 2564 urbe
514 2524 784 2564 consulatum
811 2524 946 2576 gessit
973 2537 1070 2565 cum

177 2586 308 2628 Junio
348 2588 500 2628 Bruto.
557 2588 670 2628 Nam
711 2588 948 2629 Collatinus
988 2590 1070 2629 Lu-

177 2651 326 2692 eretiae
344 2651 556 2704 conjunx,
574 2664 672 2692 cum
707 2653 846 2693 Bruto
880 2650 1073 2705 oleatus,

177 2715 234 2756 ob
271 2727 426 2756 nomen
457 2727 503 2757 et
530 2729 668 2768 genus
698 2717 864 2768 regium
892 2723 1070 2759 coactus

177 2783 244 2819 est
267 2779 476 2820 abdicare
505 2791 549 2819 se
579 2781 854 2833 magistratu,
883 2787 928 2822 et
961 2781 1069 2822 urbe

176 2842 409 2895 excedere,
429 2844 628 2897 quoniam
649 2844 704 2884 de
730 2852 862 2898 gente
884 2846 1068 2899 Tarqui·

174 2906 248 2945 nia
265 2903 405 2948 foret:
442 2906 511 2947 hic
546 2906 611 2947 illi
644 2906 803 2948 deinde
843 2909 1068 2950 successit.

179 2969 334 3010 Oliver.

234 3032 415 3074 Valerius
446 3034 668 3087 Poplicola]
697 3035 895 3090 Contigit
925 3035 981 3079 A.
1009 3036 1067 3077 U.

175 3107 358 3136 ccxux.

226 3159 392 3201 Publice
419 3162 657 3212 nuncupatis
690 3163 814 3215 votis]
858 3163 1068 3206 Solebant

175 3229 349 3264 veteres
382 3231 484 3265 vota
513 3225 606 3278 jam
645 3234 850 3278 suscepta
893 3227 1067 3281 scriptis

175 3287 524 3343 subsignatisque
542 3291 697 3331 tabulis
713 3291 984 3343 confirmare,
1003 3299 1066 3334 at-

176 3363 258 3403 que
276 3353 393 3404 ipsas
412 3366 529 3406 saepe
550 3355 718 3396 tabulas
739 3356 945 3407 Deorum,
973 3359 1067 3411 qui·

178 3412 259 3452 bus
290 3423 514 3470 voverant,
546 3419 728 3470 genibus
747 3432 851 3460 cera
876 3419 1066 3474 affigere.

174 3475 396 3520 Juvenalis
414 3481 570 3534 Satyra
599 3495 647 3524 x.
685 3485 831 3537 ‘Ergo
860 3498 1066 3538 superva-

176 3551 272 3592 cua,
284 3547 360 3583 ant
374 3545 625 3595 perniciosa
638 3554 860 3600 petuntur,
875 3549 1066 3603 Propter

1885 258 2028 314 1023

1141 407 1235 444 quae
1252 394 1320 436 fas
1340 399 1408 436 est
1428 406 1569 448 genua
1586 388 1780 435 incerare
1808 393 2031 436 Deorum.’

1140 459 1307 499 Plinius
1327 460 1524 512 Epistola
1558 458 1611 499 ad
1642 459 1901 510 Trajanum:
1930 458 2031 498 ‘So-

1139 523 1286 562 lennia
1306 529 1407 563 vota
1427 535 1506 575 pro
1520 522 1817 563 incolumitate
1838 527 1928 570 tua,
1947 534 2032 574 qua

1141 586 1315 639 publica
1348 588 1460 626 salus
1492 587 1754 635 continetur,
1782 590 1829 626 et
1858 585 2036 638 suseipi-

1140 662 1250 701 mus,
1288 652 1490 704 Domine,
1521 657 1565 692 et
1602 651 1825 703 solvimus,
1866 651 2033 702 precati

1140 715 1273 767 Deos,
1292 722 1342 756 ut
1367 717 1503 757 velint
1521 729 1572 757 ea
1593 729 1765 768 semper
1784 715 1907 766 solvi,
1924 727 2035 757 sem-

1139 792 1304 834 perque
1359 781 1549 834 signari.'
1619 781 1749 823 Adde
1798 787 1866 823 tot
1913 787 2034 822 vete-

1140 857 1233 885 rum
1249 846 1551 887 numismatum
1568 846 2034 900 inscriptiones‚Vo·rA

1141 910 1364 959 ΡνΒιιοΑ,
1380 912 1513 952 VOTA
1540 912 1786 963 SvscEPTA,
1804 912 1938 952 Vo'rA
1954 910 2034 952 So-

1140 984 1271 1015 Lv'rA.
1311 975 1489 1017 Torreat.

1195 1041 1217 1092 ᾧ
1238 1043 1265 1079 6
1294 1040 1543 1091 Religionem
1570 1041 1749 1080 ludorum
1768 1039 2033 1081 crescentibus

1139 1105 1277 1156 opibus
1293 1111 1424 1146 secuta
1442 1106 1601 1146 lautitia
1616 1105 1696 1157 est]
1718 1105 1925 1148 Quamvis
1943 1107 2035 1146 nul-

1141 1168 1172 1207 li
1190 1169 1402 1209 accedant
1421 1170 1812 1222 manuscriptorum
1829 1170 2035 1210 librorum

1139 1233 1309 1283 calculi,
1331 1246 1411 1286 pro
1430 1234 1575 1275 loetitia
1595 1239 1739 1274 tamen
1764 1245 1927 1286 repono
1951 1233 2036 1273 lau-

1141 1298 1236 1338 titia
1248 1311 1262 1338 .-
1284 1298 1370 1338 vim
1386 1311 1572 1352 namque
1589 1298 1791 1338 dictionis
1805 1310 1891 1338 non
1908 1298 2038 1338 iutel-

1140 1362 1340 1402 lexerunt
1375 1362 1513 1414 scioli,
1550 1363 1622 1415 qui
1653 1363 1767 1402 illam
1800 1367 2037 1403 mutarunt.

1142 1426 1242 1467 Non
1273 1426 1385 1467 enim
1417 1426 1680 1468 solummodo
1712 1427 1872 1467 lautitia
1895 1432 1963 1467 est
1992 1427 2037 1466 in

1141 1491 1295 1543 epulis,
1327 1504 1473 1532 verum
1506 1493 1637 1533 etiam
1676 1492 1721 1532 in
1757 1492 1873 1533 omni
1912 1492 2034 1533 cultu

1140 1561 1271 1608 atque
1309 1562 1524 1607 apparatu
1565 1557 1686 1608 vitae,
1718 1568 1845 1608 quam
1886 1555 2037 1597 Graeci

1139 1618 1400 1660 πολυτέλειαν
1435 1620 1672 1673 appellant.
1727 1619 1801 1660 Sic
1833 1620 1889 1661 Q.
1920 1619 2039 1660 Hor-

1140 1684 1303 1724 tensius
1320 1690 1468 1724 orator
1488 1684 1604 1736 apud
1632 1684 1820 1724 Nonium
1841 1698 1852 1724 ς
1883 1686 1896 1707 ‘
1911 1684 2039 1726 Quae-

1139 1759 1311 1801 cunque
1343 1748 1399 1789 sit
1431 1748 1621 1800 lautitia,
1654 1748 1723 1788 cui
1755 1747 1915 1788 victum
1950 1749 2039 1788 ele·

1140 1817 1314 1864 gantem
1333 1812 1576 1865 magnifice,
1592 1823 1731 1865 neque
1746 1812 1886 1852 minus
1907 1825 2037 1865 quam

1139 1879 1335 1931 deceret,
1386 1880 1531 1920 colore
1588 1878 1908 1920 instituissent!
1963 1878 2036 1919 Sic

1139 1945 1265 1985 lautos
1301 1950 1431 1986 vocat
1471 1944 1621 1984 Verris
1660 1943 1842 1984 comites
1876 1943 2036 1984 Cicero

1139 2009 1329 2050 Actione
1368 2023 1420 2051 11.
1461 2011 1542 2050 hoc
1577 2015 1659 2060 est,
1697 2008 1950 2062 splendidos
1983 2020 2035 2048 ac

1137 2078 1422 2124 sumptuosos.
1455 2072 1791 2125 Appositissime
1806 2071 2036 2124 igiturVa-

1137 2135 1269 2176 lerius
1287 2142 1435 2178 noster
1463 2137 1666 2177 lautitiam
1686 2137 1792 2177 dicit
1823 2138 2003 2176 ludorum
2020 2149 2037 2184 ‚-

1137 2213 1313 2242 narrare
1345 2202 1492 2242 volens
1511 2202 1703 2242 breviter
1721 2213 1771 2240 ac
1793 2201 2035 2250 succincte,

1136 2265 1310 2317 quinam
1341 2267 1634 2306 Romanorum
1665 2265 1779 2305 ludis
1799 2265 1885 2305 suis
1904 2266 2033 2306 solito

1136 2327 1320 2380 majores
1380 2335 1596 2380 sumptus,
1654 2327 2034 2382 profusioremque

1135 2392 1505 2444 magnificentiam
1527 2392 1788 2444 adjecerint.
1846 2393 1943 2433 Nec
1960 2394 2038 2434 ali-

1137 2461 1204 2497 ter
1222 2457 1315 2509 ipse
1334 2463 1503 2509 postea,
1522 2457 1596 2497 ubi
1617 2457 1672 2498 de
1691 2458 1917 2510 Spartanis
1937 2459 2032 2511 lege

1135 2521 1325 2573 Lycurgi
1362 2521 1418 2561 ab
1455 2520 1562 2561 Asia
1589 2521 1884 2562 exulantibus.
1942 2522 2032 2562 Au-

1134 2584 1274 2625 dierat
1293 2585 1404 2625 enim
1437 2585 1654 2626 lautitiam
1681 2585 1799 2637 inde,
1819 2592 1863 2626 et
1883 2586 2031 2627 immo-

1134 2648 1255 2689 dicos
1277 2655 1542 2702 sumptus,et
1563 2650 1705 2690 omnia
1727 2661 1812 2690 non
1831 2662 2032 2692 necessa-

1133 2713 1209 2753 riae
1231 2715 1469 2766 voluptatis
1491 2726 1653 2766 genera
1671 2712 1863 2771 flusisse.
1894 2714 2033 2769 Atqui

1132 2781 1308 2822 Valerio
1362 2780 1576 2823 familiare
1634 2788 1703 2823 est
1771 2783 2029 2824 vocabulum

1132 2844 1312 2897 lautitia,
1356 2846 1461 2886 item
1502 2846 1647 2886 lautus.
1685 2847 1811 2898 Pigh.
1883 2847 2033 2888 Conti-

1132 2909 1196 2961 git
1254 2910 1374 2951 varia
1431 2911 1790 2963 Spectaculorum
1860 2912 2032 2953 luxuria

1131 2973 1187 3013 A.
1223 2974 1280 3014 U.
1312 2985 1521 3016 nchxv.
1553 2986 1850 3017 nchxxvm.
1880 2987 2030 3016 nenv-

1131 3048 1398 3081 ncuxxxw.
1410 3051 1531 3081 1)ch
1541 3052 1638 3082 ΧΠ.
1656 3052 1790 3084 nexo.
1809 3053 2027 3083 ccccxcv,

1188 3103 1242 3150 Q.
1276 3104 1458 3159 Catulus]
1488 3105 1656 3146 Plinius
1687 3105 1762 3147 lib.
1795 3117 1869 3146 xv·
1901 3104 2027 3145 ‘Pri-

1129 3178 1222 3206 mus
1243 3170 1432 3208 omnium
1455 3170 1634 3210 Catulus
1652 3169 1798 3209 linteis
1832 3170 1875 3208 in
1906 3170 2027 3209 thea-

1130 3235 1197 3270 tro
1235 3232 1430 3273 umbram
1465 3232 1590 3285 fecit,
1628 3239 1672 3273 et
1708 3233 1882 3285 byssina
1931 3233 2026 3272 vela

1128 3295 1290 3348 primus
1310 3296 1352 3336 in
1373 3298 1588 3337 theatrum
1611 3296 1766 3337 duxit.'

1184 3361 1431 3411 Campanam
1451 3362 1632 3401 imitatus
1659 3358 1878 3411 luxuriam]
1911 3359 2026 3401 Quia

1128 3427 1175 3464 et
1201 3423 1287 3475 ipsi
1318 3424 1529 3477 Campani
1550 3424 1733 3464 omnium
1755 3434 1897 3462 rerum
1917 3434 2023 3475 opu-

1126 3490 1262 3531 lentia
1278 3489 1550 3532 abundantes
1569 3488 1782 3541 ejusmodi
1800 3490 2020 3543 apparati·

1127 3551 1206 3593 bus
1227 3553 1477 3595 utebantur.
