2288 3990
587 327 847 367 VALuRu
892 310 1683 365 MAX1M11AB.nt.cAP.2.

228 447 446 501 gyptiaca,
465 444 744 494 Germanica,
763 442 932 494 Italica,
949 445 1033 483 &c.
1075 440 1116 486 A

226 511 322 550 Diis
368 509 516 559 cultis,
566 506 844 559 Apollinaris,
881 505 1112 547 Minervia.

224 573 294 615 Ab
307 584 517 614 armorum
527 572 799 624 praestantia,
809 572 869 611 Fe
876 576 1006 619 rrata,
1018 582 1113 622 quae

225 642 319 677 tota
337 648 362 676 e
379 633 511 674 ferro.
566 632 606 674 A
628 634 736 684 loco,
750 633 982 682 Fretensis,
998 631 1114 672 freto

224 699 372 739 assita.
433 697 500 737 Ab
538 697 695 749 insigni
729 697 843 738 forte
881 703 1114 746 scutorum,

222 759 526 801 Fulminatrix.
584 760 714 810 Item,
747 760 935 810 Victrix,
964 759 1111 800 Gemi-

222 836 292 872 na,
328 825 507 875 Valens,
545 824 770 876 Adjutrix‚
804 825 899 875 Pia,
937 823 1112 874 Fidelis,

223 889 364 939 Felix,
383 891 465 929 ὅτε.
494 888 668 940 Lipsius.

279 953 513 992 convulsum
529 952 706 1004 signum]
735 952 915 993 Scilicet
934 965 958 992 e
979 957 1111 1002 terra,

221 1015 264 1055 in
285 1028 371 1068 qua
389 1015 521 1056 fixum
541 1014 699 1056 fuerat.

278 1079 513 1118 Castrorum
542 1077 720 1129 suorum]
748 1078 874 1120 Quod
902 1077 985 1117 illis
1005 1090 1108 1118 exu-

220 1147 306 1190 tus,
325 1147 372 1182 et
391 1142 432 1181 in
451 1141 595 1193 fugam
618 1154 766 1182 versus
780 1147 864 1182 est.

273 1206 296 1257 ξ
317 1208 369 1245 21
398 1205 571 1245 Achilles
588 1204 900 1256 cognominatus]
929 1205 1026 1244 Hoc
1047 1212 1108 1244 ta-

220 1279 316 1307 men
347 1279 586 1318 cognomen
619 1266 814 1317 Agellius
847 1269 895 1308 L.
919 1267 1108 1308 Sicinnio

218 1331 410 1372 Dentato
430 1331 640 1371 tributum
661 1331 813 1371 scribit
831 1332 910 1371 lib.
934 1343 987 1372 11.
1008 1343 1107 1383 cap.

219 1399 286 1438 11.
343 1397 401 1437 Et
433 1397 589 1436 Festus
611 1397 653 1435 in
675 1408 778 1436 voce
800 1396 1108 1437 obsidionalis„

222 1460 352 1503 Coler-

279 1522 516 1574 Celtiberos]
547 1524 684 1564 Celtae
721 1536 817 1564 cum
852 1524 905 1563 ad
934 1524 1106 1564 Iberum

218 1587 529 1638 consedissent,
575 1587 785 1628 Celtiberi
837 1586 945 1627 dicti
993 1594 1105 1626 sunt.

218 1650 346 1690 Unde
355 1650 560 1689 'Lucanus
576 1664 586 1690 ε
620 1651 633 1672 ‘
651 1649 918 1702 Profugique
934 1664 959 1690 a
975 1658 1107 1701 gente

217 1719 390 1753 vetusta
427 1713 649 1753 Gallorum
689 1713 828 1754 Celtae
875 1714 1106 1754 miscentes

217 1787 372 1816 nomen
393 1775 543 1817 Iberi.'
608 1807 611 1811 .

270 1840 482 1892 Sagulnm]
517 1841 663 1892 Vestis
677 1841 873 1882 militaris
893 1842 1020 1881 variis
1036 1855 1105 1882 co-

216 1903 378 1943 loribus
399 1911 622 1944 contexta.
653 1905 884 1957 Virgilius:
919 1908 932 1929 ‘
951 1906 1104 1958 Virga-

218 1966 273 2007 tis
291 1967 441 2007 lucent
461 1968 647 2016 sagulis?

276 2031 348 2070 Ine
387 2031 496 2082 vero]
540 2031 758 2072 Videlicet
810 2032 980 2083 Cotius,
1030 2039 1106 2073 aut

215 2092 330 2135 forte
362 2095 473 2134 idem
502 2095 708 2144 Piresius,
737 2096 863 2147 petiit
891 2095 1039 2147 etiam,
1058 2103 1106 2136 ut

216 2163 362 2198 essent
389 2159 534 2211 juncti
570 2158 685 2199 inter
718 2171 762 2199 se
785 2159 887 2211 jure
914 2159 1107 2211 hospitii,

215 2221 389 2274 quando
426 2235 510 2274 pax
544 2228 660 2263 esset
707 2223 945 2262 constituta
991 2222 1106 2262 inter

215 2287 462 2328 Celtiberos
481 2295 527 2328 et
549 2289 782 2329 Romanos.
811 2289 987 2328 Badius.

271 2352 294 2403 ς
313 2355 366 2391 22
395 2353 460 2391 Ne
477 2353 526 2392 G.
542 2352 727 2400 Atilium,
739 2353 826 2404 Spa]
852 2352 921 2391 lta
937 2352 1034 2403 lego
1051 2364 1106 2391 ex

217 2413 274 2455 V.
311 2414 362 2453 (3.
410 2426 495 2454 non
541 2415 590 2453 C.
621 2414 811 2454 Acilium.
870 2414 942 2454 Ita
977 2415 1106 2454 etiam

214 2477 461 2517 nominatur
489 2489 514 2516 a
546 2477 781 2517 Plutarcho
812 2484 858 2518 et
885 2478 1108 2523 Suetonio.

214 2539 403 2590 Pighius.
460 2541 548 2581 Nec
579 2541 753 2581 Atilium
783 2542 954 2594 quidem]
993 2542 1104 2582 Con-

211 2601 314 2644 flato
343 2605 436 2655 jam
469 2604 596 2645 Civili
629 2605 772 2654 Bello,
827 2606 972 2646 Caesar
1004 2619 1103 2646 cum

211 2666 452 2708 Massiliam
489 2668 695 2718 venisset,
729 2669 915 2720 objertae
946 2676 1043 2709 sunt
1064 2671 1101 2710 ei

211 2736 378 2782 portae:
409 2743 508 2771 nam
531 2731 829 2772 Massilienses
850 2745 955 2786 erga
976 2734 1103 2774 Rem·

209 2793 330 2845 publ.
348 2794 391 2834 in
421 2793 507 2834 fide
527 2801 574 2835 et
593 2794 735 2836 officio
754 2795 943 2848 fuerunt,
961 2798 1101 2838 Caesa-

210 2867 300 2896 rem
347 2870 450 2898 vero
496 2864 650 2899 contra
697 2859 930 2911 Rempubl.
985 2874 1101 2901 arma

209 2921 439 2971 sumpsisse
476 2921 743 2962 credebant:
788 2935 922 2975 quare
965 2925 1100 2966 iratus

210 2984 375 3035 caesar,
396 2985 576 3025 classem
596 2998 647 3025 eo
675 2986 849 3038 direxit,
878 2988 948 3028 ubi
985 3001 1100 3029 com-

208 3047 339 3088 missa
366 3049 508 3088 navali
538 3062 695 3101 pugna,
724 3050 885 3091 Atilius
919 3053 1098 3094 decimas

206 3111 389 3163 legionis
434 3113 572 3163 miles,
617 3126 714 3154 curn
762 3117 1099 3158 Massiliensium

207 3187 359 3216 navem
415 3177 773 3228 apprehendisset
827 3179 1001 3232 dextra,
1044 3194 1099 3222 ea

207 3244 431 3280 truncatus
465 3253 490 3279 a
519 3241 806 3291 nautis‚1aeva
826 3243 1004 3295 puppim
1024 3257 1098 3296 ap-

206 3304 461 3355 prehendit3
491 3315 572 3345 nec
604 3305 721 3356 prius
750 3306 938 3358 destitit,
969 3321 1095 3361 quam

204 3379 356 3408 navem
368 3370 480 3408 illam
494 3367 706 3420 profundo
721 3370 966 3412 submersit.
995 3373 1098 3413 Sue·

208 3432 351 3471 tonius
370 3429 412 3471 in
434 3433 539 3480 Vita
559 3433 744 3473 Caesaris
762 3447 772 3474 ε
804 3436 816 3457 ‘
837 3433 995 3475 Atilius
1024 3450 1098 3477 na-

206 3494 291 3533 vali
322 3495 376 3533 ad
406 3495 641 3535 Massiliam
668 3497 837 3548 praelio,
868 3498 1032 3550 injecta
1052 3501 1096 3541 in

206 3569 394 3609 puppem
439 3558 626 3598 hostium
679 3559 850 3614 dextra,
894 3563 1097 3618 abscissa,

1925 309 2070 374 1079

1182 442 1461 484 memorabile
1475 441 1578 483 illud
1595 440 1709 494 apud
1725 439 1900 481 Graecos
1916 440 2070 492 Cynae-

1181 507 1260 558 giri
1280 508 1525 559 exemplum
1545 506 1754 556 imitatus,
1774 504 2007 545 transilivit
2027 505 2069 544 in

1178 581 1331 609 navem
1361 570 1547 610 umbone
1568 569 1716 611 obvios
1737 566 1903 621 agens.'
1935 567 2042 608 oliv.

1235 633 1408 673 Caesaris
1450 633 1646 686 partibus]
1689 632 1869 673 Scilicet
1917 635 2071 671 contra

1177 696 1448 748 Pompeium.

1235 761 1382 801 Parum
1400 760 1515 810 justa
1542 760 1709 812 notitia]
1740 759 1854 802 Quia
1874 769 1959 798 non
1994 756 2069 797 ad-

1176 823 1310 864 hibita
1339 822 1423 863 fuit
1450 824 1719 876 eloquentia,
1749 835 1845 876 quae
1865 821 1930 862 illi
1960 832 2071 873 prae-

1176 888 1293 927 claro
1326 886 1512 928 facinori
1551 887 1820 931 conveniret.
1877 884 1939 926 At
1969 895 2072 925 vero

1175 950 1316 990 Graeci
1353 951 1398 991 in
1428 950 1647 991 laudando
1680 950 1953 1002 Cynaegirum
1983 961 2073 989 om-

1174 1026 1272 1053 nem
1292 1013 1468 1054 dicendi
1486 1014 1656 1067 copiam
1677 1018 1722 1053 et
1739 1018 1937 1053 ornatum
1955 1012 2074 1052 adhi-

1176 1077 1325 1119 buere.
1359 1079 1508 1118 Oliver.
1567 1078 1721 1118 Parum
1740 1077 1874 1129 justa]
1904 1075 1956 1116 Id
1987 1080 2071 1124 est,

1174 1153 1256 1179 non
1279 1141 1382 1180 satis
1413 1141 1573 1192 ampla,
1605 1141 1672 1180 vel
1705 1141 1804 1192 quia
1819 1139 2070 1191 Scriptores

1173 1205 1347 1245 silentio
1361 1203 1912 1257 praeterierunt,(Lucanus
1928 1206 2071 1241 tamen

1173 1268 1405 1322 meminit,)
1425 1270 1492 1309 vel
1520 1269 1619 1322 quia
1635 1281 1719 1309 non
1742 1272 1808 1308 est
1839 1264 2071 1306 verisimile

1174 1345 1303 1372 unum
1325 1332 1558 1381 hominem,
1578 1337 1625 1372 et
1656 1344 1754 1371 eum
1782 1331 1921 1370 altera
1939 1341 2071 1370 manu

1173 1402 1364 1447 captum,
1397 1396 1540 1435 navim
1569 1401 1733 1435 tantam
1767 1392 2069 1442 submersisse,

1172 1459 1254 1498 nisi
1283 1457 1398 1498 forte
1424 1459 1545 1510 prius
1576 1458 1825 1498 convulsam
1861 1457 2070 1506 dicamus,

1172 1528 1217 1561 et
1255 1534 1333 1573 per
1367 1522 1491 1561 nni-us
1524 1519 1849 1561 infestationem
1880 1531 1964 1559 non
1995 1531 2069 1571 po-

1173 1587 1308 1626 tuisse
1354 1588 1547 1628 succurri
1602 1588 1730 1627 rimas
1790 1586 2071 1627 obstruendo.

1171 1651 1342 1692 Badius.
1399 1652 1554 1691 Parum
1570 1651 1686 1702 justa
1713 1649 1877 1702 notitia]
1914 1650 2068 1690 Sueto-

1169 1714 1262 1752 nius
1283 1726 1472 1767 quoque,
1491 1727 1588 1755 cum
1619 1714 1725 1754 alios
1755 1720 1960 1755 auctores
1980 1725 2067 1754 non

1169 1777 1365 1823 haberet,
1404 1779 1557 1818 sumsit
1590 1790 1645 1818 ex
1679 1778 1855 1818 Valerio
1892 1782 2067 1826 nostro;

1169 1841 1283 1894 quod
1317 1841 1418 1881 inde
1449 1841 1624 1893 colligo,
1656 1842 1756 1894 quia
1785 1840 1900 1881 idem
1921 1852 2068 1880 exem-

1170 1906 1287 1958 plum
1308 1918 1406 1945 cum
1428 1905 1645 1958 Cynaegiri
1665 1905 1944 1945 Atheniensis
1964 1916 2067 1944 con-

1169 1968 1274 2022 fert,
1302 1971 1355 2010 de
1375 1983 1476 2024 quo,
1509 1976 1674 2022 praeter
1710 1969 1988 2010 Herodotum
2021 1973 2068 2008 et

1167 2034 1196 2075 J
1202 2033 1404 2085 ustinnm,
1425 2035 1521 2086 lege
1538 2033 1813 2073 Ammianum
1834 2031 1910 2072 lib.
1928 2042 2064 2071 xxvl.

1168 2097 1300 2150 quiet
1319 2097 1631 2138 Callimachum
1646 2096 1914 2137 nominatum
1933 2094 2067 2137 fuisse

1169 2161 1339 2201 scribit.
1374 2162 1550 2202 Colerus.

1221 2225 1281 2264 At
1320 2225 1597 2277 Cynaegirum]
1642 2225 1740 2266 Hoc
1778 2229 1950 2277 gestum
1994 2229 2065 2265 est

1170 2287 1283 2327 bello
1315 2288 1512 2339 Persico,
1545 2289 1659 2342 quod
1682 2288 1968 2329 Athenienses
1990 2288 2065 2328 ad·

1171 2363 1320 2391 versus
1383 2352 1566 2392 Darium
1614 2352 1849 2392 Persarum
1897 2353 2063 2404 Regem

1170 2421 1411 2466 gesserunt,
1447 2416 1501 2455 de
1537 2428 1622 2468 quo
1656 2416 1854 2457 Justinus
1898 2415 1973 2455 lib.
2011 2427 2064 2456 11.

1167 2483 1178 2500 ‘
1196 2479 1413 2530 Cynaegiri
1427 2491 1596 2532 quoque
1611 2479 1787 2531 militis,'
1803 2479 1958 2532 iuquit,
1976 2479 1990 2502 ‘
2006 2478 2064 2518 A·

1169 2543 1399 2583 theniensis
1424 2544 1563 2594 gloria
1598 2544 1764 2596 magnis
1791 2544 2062 2596 Scriptorum

1167 2607 1363 2647 laudibus
1378 2609 1601 2648 celebrata
1619 2613 1701 2660 est,
1718 2608 1790 2661 qui
1808 2614 1907 2660 post
1923 2608 2061 2660 praelii

1164 2671 1409 2710 innumeras
1424 2670 1582 2720 caedes,
1611 2683 1708 2710 cum
1727 2669 1949 2723 fugientes
1966 2672 2062 2709 hos-

1166 2744 1233 2774 tes
1252 2734 1306 2774 ad
1327 2746 1460 2774 naves
1488 2735 1667 2786 egisset,
1687 2741 1886 2775 onustam
1906 2746 2060 2773 navem

1165 2796 1319 2837 dextra
1338 2809 1463 2837 manu
1483 2798 1640 2848 tenuit,
1672 2810 1754 2838 nec
1774 2797 1894 2851 prius
1926 2797 2061 2838 demi-

1165 2861 1238 2911 sit,
1287 2874 1413 2914 quam
1460 2873 1632 2901 manum
1672 2861 1920 2912 amitteret;
1968 2867 2058 2901 tum

1164 2938 1333 2979 quoqne
1368 2932 1591 2978 amputata
1622 2925 1779 2965 dextra
1816 2935 1959 2975 manu,
1988 2937 2061 2964 na-

1163 3001 1259 3029 vem
1279 2990 1454 3029 sinistra
1473 2989 1833 3042 comprehendit;
1863 3001 1992 3041 quam
2012 2994 2059 3028 et

1161 3052 1296 3104 ipsam
1337 3064 1432 3091 cum
1469 3052 1698 3104 amisisset,
1716 3052 1771 3091 ad
1793 3059 2057 3104 postremum

1161 3129 1302 3157 morsu
1320 3129 1475 3156 navem
1496 3117 1698 3160 detinuit.
1739 3119 1917 3158 Tantam
1939 3118 1981 3156 in
2003 3129 2055 3156 eo

1161 3181 1370 3221 virtutem
1404 3179 1533 3220 fuisse
1572 3180 1740 3231 dicunt,
1779 3186 1829 3219 ut
1863 3192 1947 3219 non
1987 3185 2056 3218 tot

1159 3244 1351 3285 caedibus
1371 3244 1599 3296 fatigatus,
1619 3256 1705 3283 non
1733 3242 1938 3283 ambabus
1967 3254 2056 3281 ma-

1158 3309 1286 3349 nibus
1317 3308 1484 3348 amissis
1517 3308 1677 3357 victus,
1710 3307 1764 3346 ad
1787 3311 2054 3358 postremum

1160 3382 1355 3426 truncus,
1373 3382 1420 3415 et
1435 3375 1564 3414 veluti
1577 3374 1727 3414 rabida
1742 3372 1832 3412 fera
1850 3371 2053 3411 dentibus

1160 3438 1459 3478 dimicaverit!
1492 3438 1643 3477 Oliver.

1213 3505 1237 3555 ᾧ
1274 3506 1328 3542 23
1367 3503 1581 3542 Classicam
1613 3498 1752 3550 Atilii]
1800 3498 1897 3538 Hoc
1929 3499 2052 3538 Bello

1161 3567 1288 3607 Civili
1323 3573 1492 3619 gestum
1525 3572 1608 3618 est,
1636 3563 1748 3616 quod
1777 3563 1891 3605 inter
1911 3564 2052 3604 Caesa-
