2346 3996
562 317 823 358 vALaRu
866 317 1107 356 ΜΑΧιΜι
1152 320 1271 358 ma.
1302 319 1390 359 tx.
1420 321 1565 360 (ΜΡ.
1590 309 1673 361 11.

203 451 290 489 um,
319 437 373 478 ad
409 434 622 489 rempubl.
649 434 871 489 pertinere
903 434 1078 474 videba-

196 508 283 548 tur.
310 501 410 553 quia
437 499 635 541 universa
668 499 821 540 civitas
857 511 936 551 pro
963 500 1080 539 Mar·

195 565 295 605 celli
334 565 476 606 salute
519 574 782 616 magnopere
828 562 1080 603 laborasset.

250 691 317 742 §6
362 689 649 741 Triumvirum]
684 688 879 740 Antonii,
915 687 1083 741 Lepidi,

195 759 242 794 et
262 753 469 806 Augusti.

247 816 577 868 Imperatoribas]
598 817 863 858 Triumviris.

248 881 317 932 §6
347 880 558 933 Campam]
588 881 812 922 Martium.

251 944 317 983 Ad
331 944 543 995 questoria
561 943 740 996 comitia]
761 943 821 984 Ut
839 943 954 984 filius
966 957 1082 997 quae-

197 1010 290 1046 stor
347 1011 581 1058 crearetur,
631 1018 791 1059 suaque
838 1007 1085 1060 praesentia,

196 1068 337 1121 quoad
355 1074 514 1120 posset,
522 1068 610 1110 filio
627 1067 944 1122 suffragaretur.
977 1071 1084 1110 Oliv.

250 1133 311 1184 §7
344 1131 407 1172 Ne
432 1131 591 1173 Vettius
609 1132 778 1184 quidem,
797 1132 888 1185 Suu]
918 1133 1082 1175 Crude-

194 1194 362 1235 litatem
397 1196 538 1235 uxoris
568 1200 774 1247 expertus
808 1201 877 1238 est
908 1197 1083 1238 Vettius

194 1258 295 1309 iste,
309 1259 381 1311 qui
398 1271 423 1298 a
437 1259 670 1300 triumviris
685 1260 973 1312 proscriptus,
985 1272 1082 1301 cnm

196 1321 250 1361 ad
271 1322 458 1373 posticas
485 1323 633 1362 uxoris
653 1323 771 1363 aedes
802 1322 1082 1376 profugisset,

196 1385 251 1425 ab
269 1395 322 1425 ea
339 1397 422 1425 non
457 1371 526 1426 e'st
557 1385 779 1426 admissus.
835 1387 980 1429 Quare
1011 1400 1082 1429 ve-

195 1450 386 1490 hementi
418 1451 710 1503 indignatione
746 1459 999 1506 commotus,
1027 1467 1081 1496 ne

197 1513 240 1551 in
274 1516 623 1566 persequentium
651 1528 803 1556 manus
818 1518 1080 1571 perveniret,

198 1574 279 1614 sibi
308 1575 450 1628 gladio
479 1582 633 1629 pectus
666 1579 897 1631 transfixit,
916 1587 1080 1632 postes-

198 1650 283 1690 que
314 1638 626 1681 crudelissimae
654 1642 847 1694 conjugis
873 1644 1080 1695 sanguine

197 1702 399 1754 aspersit.
445 1703 566 1744 Uxor
582 1703 716 1756 igitur
731 1705 869 1746 virum
890 1718 971 1746 non
984 1720 1081 1759 pro·

197 1764 325 1816 didit,
347 1765 424 1805 sed
444 1767 534 1807 suis
552 1768 749 1808 manibus
769 1770 1080 1822 quodammodo

188 1829 424 1879 jugulavit.
479 1831 592 1884 Nam
613 1830 726 1871 idem
759 1838 828 1872 est
857 1839 1079 1874 auctorem

198 1896 244 1931 et
262 1897 456 1932 actorem
475 1893 606 1934 caedis
625 1906 732 1934 esse.
766 1893 889 1934 Idem.

247 1955 365 1995 Ex'r.
407 1958 474 2008 §1
514 1956 655 1996 Patris
684 1966 722 1997 et
749 1958 904 2010 patrui]
947 1959 1001 1998 P.
1035 1964 1080 1999 et

196 2018 276 2058 Cn.
294 2018 543 2071 Scipionum
563 2021 606 2060 in
629 2020 839 2073 Hispania
851 2022 1080 2075 interemp-

197 2085 351 2122 torum.
381 2082 490 2122 Rea.

253 2143 512 2185 Gladiatoria·
535 2146 713 2197 munere]
741 2147 793 2187 In
823 2149 938 2188 ludis
957 2148 1080 2189 fune-

196 2206 344 2247 bribus
363 2207 679 2250 adhibebantur
697 2211 982 2262 gladiatorum
1011 2224 1084 2263 pa-

195 2271 264 2316 ria
273 2270 388 2311 inter
400 2285 446 2312 se
460 2273 517 2313 ad
529 2274 795 2326 sanguinem,
811 2275 880 2314 vel
900 2275 953 2314 ad
973 2288 1084 2315 mor-

198 2341 286 2386 tem
301 2347 435 2388 nsque
450 2340 725 2389 certantium,
742 2343 790 2378 ut
819 2350 949 2389 supra
974 2337 1084 2379 dixi-

198 2410 304 2439 mus.
358 2399 518 2453 Itaque
543 2402 751 2454 ejusmodi
783 2403 873 2442 ludi
904 2404 1083 2443 celebri-

198 2475 295 2502 ores
314 2463 598 2516 habebantur,
619 2477 704 2518 quo
737 2466 886 2517 plures
921 2466 1083 2517 gladia·

198 2530 318 2566 tores
349 2527 669 2568 occubuissent.
710 2530 861 2569 Oliver.
922 2530 1086 2570 Gladia-

196 2587 303 2627 toria
331 2589 510 2642 maere]
533 2591 662 2632 Quod
698 2597 879 2643 propter
912 2591 1084 2633 effusio·

198 2662 295 2691 nem
312 2652 528 2706 sanguinis
546 2653 642 2694 Diis
661 2653 808 2695 inferis
826 2661 873 2695 et
887 2655 1082 2696 manibus

200 2715 441 2756 occisorum
477 2717 762 2768 gratissimum
780 2730 875 2758 esse
897 2717 1084 2759 credidit

197 2777 354 2818 misen
369 2779 600 2830 gentilitas.
655 2780 769 2821 Illud
787 2788 931 2821 autem
951 2793 1084 2834 genus

196 2839 432 2882 dimicandi
449 2841 495 2882 in
513 2854 660 2895 arena,
688 2844 763 2884 ubi
781 2856 860 2896 par
879 2846 973 2896 pari
1007 2858 1084 2898 op-

201 2905 457 2957 ponebatur,
475 2906 638 2948 dictnm
658 2913 727 2948 est
751 2904 919 2961 mimus,
954 2921 1085 2961 prop-

198 2973 324 3009 terea
341 2969 457 3021 quod
475 2981 531 3009 ex
549 2982 603 3010 eo
622 2971 742 3022 quasi
774 2971 962 3012 muneris
992 2972 1086 3012 loco

199 3031 471 3085 voluptatem
511 3033 722 3086 captabat
753 3035 954 3087 populus.
1005 3037 1088 3076 Ba·

255 3159 350 3200 mo
377 3161 484 3211 rega
507 3161 613 3215 fita]
651 3149 870 3203 nissenut
901 3175 927 3203 a
965 3162 1087 3203 Livio

203 3222 351 3263 vuer.
370 3223 580 3266 hocloco.
637 3226 737 3266 Non
763 3226 880 3266 enim
912 3225 1086 3279 stanes,

202 3286 280 3327 aed
310 3287 533 3338 patrueles
559 3286 717 3329 fratres
736 3288 867 3330 fuisse
886 3290 996 3331 dicit
1015 3292 1086 3332 Li·

205 3350 312 3391 vina.
345 3352 498 3393 oum.

266 3413 322 3454 Ut
338 3414 467 3454 verbis
483 3418 712 3457 contendere
740 3430 856 3469 qaam
876 3418 991 3468 ferro
1025 3418 1088 3459 di·

206 3476 353 3516 mieare
380 3478 554 3529 mouent,
595 3485 685 3520 ater
715 3492 881 3530 regnare
911 3480 1087 3531 deberet]

208 3539 280 3579 Ita
292 3540 434 3591 vulgo.
487 3540 674 3582 Veteres
691 3543 787 3584 libri
806 3543 992 3585 habent:
1027 3545 1088 3583 uti

317 3606 460 3657 Delph.
476 3611 514 3646 et
540 3607 635 3647 Var.
655 3610 763 3649 Clas.

1005 3611 1092 3651 Val.
1112 3611 1230 3651 Max.

1886 309 2025 364 1361

1141 436 1267 484 verbis
1298 450 1411 489 qaam
1448 438 1563 487 ferro
1599 438 1814 488 dijudicare
1852 441 2025 482 mallent.

1143 499 1377 550 Eleganter
1402 515 1412 541 :
1472 502 1703 551 Dijadicare
1751 502 1861 542 enim
1913 503 2029 556 istic,

1142 562 1256 613 quod
1279 562 1453 603 barbari
1472 564 1642 605 Gallica
1656 576 1766 604 voce
1787 565 1939 606 dicunt
1956 579 2025 617 ap-

1136 630 1342 677 panctare.
1399 628 1469 668 Sic
1506 629 1659 669 Cicero
1688 629 1741 669 ad
1775 629 1913 671 Attio.
1954 630 2029 672 lib.

1144 699 1245 728 xrv.
1276 690 1287 711 ‘
1306 690 1485 731 Nostras
1517 692 1814 732 contentiones
1847 693 2027 744 respub-

1141 752 1224 792 lica
1236 751 1526 805 dijudicabit?
1583 755 1704 795 Idem
1725 755 1779 795 de
1795 755 1934 796 Finib.
1954 767 2026 795 nr.

1145 818 1157 838 ‘
1176 815 1368 868 Eamque
1389 818 1726 859 controversiam
1748 818 2030 871 dijudicabis!

1144 877 1333 928 Pighius.

1196 942 1220 993 ξ
1241 945 1267 981 2
1316 941 1590 988 Mithridates,
1622 942 1711 994 δῖα]
1759 944 2028 984 Mithridatis

1142 1001 1306 1044 factum
1343 1005 1480 1046 multo
1520 1007 1787 1056 sceleratius,
1831 1007 1904 1058 qni
1946 1019 2031 1047 non

1144 1079 1242 1107 cum
1271 1066 1425 1118 fratre,
1454 1068 1530 1107 sed
1552 1080 1648 1109 cum
1670 1075 1793 1120 patre
1813 1069 1866 1108 de
1898 1081 2030 1120 regno

1140 1132 1346 1171 certavit.
1404 1132 1511 1172 Cum
1542 1132 1655 1171 enim
1689 1131 1898 1183 regnandi
1938 1132 2033 1172 libi—

1144 1195 1246 1235 dine
1266 1196 1397 1235 nimia
1415 1201 1535 1236 esset
1563 1195 1781 1247 incensus,
1803 1205 2031 1247 praematu-

1145 1270 1237 1298 ram
1255 1264 1301 1298 et
1320 1259 1506 1299 celerem
1527 1259 1666 1310 patris
1683 1263 1865 1299 mortem
1888 1259 2036 1310 cupie-

1146 1321 1234 1372 bat,
1262 1334 1388 1374 quam
1405 1334 1501 1362 cum
1522 1322 1583 1361 illi
1615 1323 1723 1362 clam
1753 1321 1912 1362 inferre
1945 1335 2030 1362 non

1144 1390 1309 1435 posset,
1327 1396 1405 1424 nec
1425 1385 1566 1436 palam
1588 1383 1788 1436 auderet,
1816 1390 2032 1436 occupata

1143 1447 1262 1498 regni
1283 1452 1409 1498 parte
1429 1447 1589 1487 bellum
1606 1447 1776 1487 indixit.
1831 1447 1919 1488 Sed
1950 1460 2025 1500 pa·

1143 1514 1212 1548 ter
1228 1515 1366 1549 morte
1385 1514 1644 1562 praeventus,
1673 1511 1931 1551 sceleratam
1950 1510 2029 1550 filii
2090 1564 2092 1566 v

1142 1572 1426 1623 cupiditatem
1446 1572 1710 1625 adimplevit.
1741 1574 1890 1614 Oliver.

1196 1637 1220 1687 ς
1240 1638 1264 1675 3
1315 1635 1538 1687 Sariaster]
1585 1635 1671 1676 Hic
1713 1637 1942 1687 Sariaster,
1981 1641 2030 1676 ut

1143 1699 1280 1738 tradit
1315 1699 1575 1739 Plutarchus
1609 1700 1652 1739 in
1683 1701 1775 1741 vita
1811 1701 2031 1753 Pompeii,

1143 1767 1242 1813 post
1257 1762 1426 1812 pulsum
1440 1774 1465 1802 e
1479 1762 1702 1814 provincia
1716 1765 2034 1814 Mithridatem,

1142 1825 1218 1876 qni
1238 1825 1291 1863 ad
1303 1825 1530 1875 Tigranem
1557 1826 1600 1864 in
1623 1825 1867 1867 Armeniam
1885 1826 2035 1880 profu-

1146 1895 1290 1940 gerat,
1319 1901 1343 1927 a
1365 1893 1488 1939 patre
1508 1887 1687 1940 defecit,
1705 1895 1752 1930 et
1774 1890 2033 1942 Pompeium

1144 1953 1189 1992 in
1210 1950 1459 1991 Armeniam
1474 1952 1661 2003 vocavit,
1674 1952 1823 2005 illique
1840 1952 2034 1993 venienti

1145 2015 1333 2055 occurrit
1355 2016 1408 2054 ad
1429 2013 1604 2055 fluvium
1625 2013 1842 2066 Araxem;
1864 2015 2033 2067 junctis

1143 2078 1293 2130 copiis,
1323 2079 1452 2118 urbes
1483 2084 1528 2117 et
1562 2078 1721 2130 oppida
1761 2079 1896 2130 patris
1934 2090 2031 2118 cum

1146 2142 1358 2193 Pompeio
1375 2142 1538 2194 pariter
1555 2148 1797 2193 expugnat.
1850 2141 1934 2182 Sed
1964 2141 2034 2181 'ri-

1147 2217 1298 2256 granes
1317 2205 1466 2244 audito
1487 2205 1677 2244 adventu
1695 2205 1910 2257 Pompeii,
1931 2216 2031 2255 cog-

1145 2269 1321 2322 nitaque
1337 2269 1581 2309 defectione
1600 2268 1692 2320 filii,
1720 2268 2034 2308 communicato

1146 2345 1242 2372 cum
1263 2333 1411 2372 amicis
1431 2332 1627 2382 consilio,
1644 2333 1792 2384 hisque
1811 2332 1854 2370 in
1870 2331 2032 2382 regiam

1146 2407 1291 2437 arcem
1311 2398 1554 2447 collocatis,
1579 2397 1635 2436 ad
1661 2396 1916 2447 Pompeium
1935 2407 2034 2446 sup-

1146 2462 1247 2513 plex
1258 2460 1455 2513 confugit
1465 2474 1478 2510 ;
1492 2460 1632 2501 fretus
1647 2460 1759 2500 iilius
1770 2461 2036 2500 humanitate

1145 2537 1196 2565 ac
1213 2525 1472 2566 suavissimis
1492 2524 1695 2574 moribus,
1720 2524 1941 2574 erroribus
1961 2536 2033 2565 ve·

1146 2589 1259 2629 niam
1281 2590 1434 2640 petiit:
1463 2601 1548 2642 qua
1566 2589 1813 2640 impetrata,
1846 2593 1895 2627 ut
1923 2588 2034 2628 dixi·

1145 2665 1241 2693 mus
1275 2653 1318 2692 in
1355 2666 1450 2705 cap.
1470 2652 1526 2693 de
1547 2652 1845 2703 Humanitate,
1865 2663 1962 2693 cum
1982 2651 2031 2690 il·

1146 2717 1233 2756 lum
1254 2717 1490 2768 Pompeius
1508 2716 1555 2756 in
1567 2716 1721 2756 dextra
1736 2720 1877 2768 parte,
1895 2714 2033 2755 filium

1147 2780 1192 2819 in
1209 2780 1379 2820 sinistra
1399 2781 1532 2832 juxta
1551 2791 1597 2820 se
1613 2780 1886 2830 collocasset,
1901 2783 2033 2830 atque

1147 2843 1260 2884 inter
1277 2843 1372 2884 illos
1399 2855 1575 2895 regnum
1595 2842 1779 2895 partitus
1807 2847 1940 2891 esset,
1961 2841 2038 2881 im·

1148 2906 1246 2959 pius
1266 2907 1378 2947 filius
1399 2906 1611 2947 Sariaster
1636 2907 1680 2946 id
1714 2918 1832 2958 aegre
1853 2906 1983 2955 tulit3
2012 2918 2038 2945 a

1149 2969 1360 3022 Pompeio
1369 2971 1576 3010 invitatus
1597 2970 1651 3010 ad
1671 2981 1836 3010 coenam
1857 2980 2034 3021 respon-

1149 3032 1230 3083 dit,
1265 3033 1366 3073 Non
1395 3033 1476 3073 sibi
1504 3029 1613 3086 opus
1631 3045 1729 3073 esse
1746 3033 1972 3084 Pompeio,
1989 3042 2036 3070 se

1150 3095 1435 3136 Romanorum
1472 3097 1604 3137 alium
1631 3097 1920 3146 inventurum,
1966 3094 2038 3134 cui

1149 3159 1322 3199 charior
1347 3171 1443 3200 esse
1473 3160 1625 3212 possit.
1679 3158 1848 3202 Quibus
1885 3155 2031 3196 verbis

1147 3227 1285 3266 iratus
1297 3222 1546 3278 Pompeius,
1559 3227 1677 3265 illum
1699 3225 1741 3264 in
1749 3223 1918 3263 vincula
1932 3233 2033 3261 con-

1141 3291 1237 3343 jici,
1250 3297 1295 3331 et
1311 3291 1364 3331 ad
1386 3291 1648 3341 triumphum
1662 3287 1871 3328 reservari
1885 3285 2035 3338 jussit.

1151 3354 1350 3394 Valerius
1370 3365 1473 3394 vero
1502 3353 1610 3393 dicit
1641 3352 1752 3391 hunc
1781 3350 1824 3389 in
1863 3353 2030 3400 patrem

1151 3419 1418 3469 conspirasse
1451 3430 1546 3458 cum
1584 3416 1744 3466 amicis,
1781 3411 2030 3454 detestabili

1152 3481 1463 3531 conjuratione,
1506 3480 1688 3519 humano
1733 3477 1902 3516 scilicet
1937 3487 2032 3514 san-

1151 3545 1294 3597 guine,
1328 3545 1460 3586 facta.
1518 3544 1697 3583 Constat
1731 3546 1873 3581 tamen
1911 3539 2031 3578 illum

1829 3610 1854 3645 4
1885 3606 1922 3644 R
