2288 3990
367 290 511 345 1086

368 422 552 462 evadere
591 429 749 475 posset.
805 424 901 464 Rex
944 425 1062 465 illum
1100 424 1243 464 multis

367 486 612 525 muneribus
635 487 836 526 donatum
865 488 1123 527 multitudini
1157 500 1243 527 suae

369 549 422 587 ad
442 554 626 588 montem
640 549 929 589 scandendum
942 551 1090 590 ducem
1104 550 1243 599 dedit,

367 623 472 664 qnos
490 625 586 652 cum
601 613 700 663 jam
732 613 950 664 superiora
968 614 1063 654 loca
1094 619 1242 652 tenen·

367 682 432 715 tes
481 675 692 715 Leonidas
729 676 1038 728 conspexisset,
1071 676 1241 716 demum

366 741 567 790 cognovit
586 752 629 779 se
650 739 810 780 diutius
830 740 1027 780 resistere
1046 752 1131 780 non
1152 751 1245 792 pos-

366 813 429 851 se,
453 814 532 842 nec
560 815 612 842 eo
642 809 781 843 tamen
811 803 1022 843 remissior
1050 804 1103 843 ad
1139 815 1243 855 pug-

364 878 459 904 nam
480 870 548 906 est
576 864 742 908 factus:
770 867 874 919 quin
907 867 1037 908 etiam
1066 878 1161 905 suos
1182 866 1243 904 ita

362 928 572 968 allocutus
585 924 665 981 est,
680 936 729 970 ut
748 929 927 979 diceret,
943 941 1015 969 eos
1034 929 1096 969 ita
1115 939 1241 980 pran-

366 993 468 1033 dere
504 999 719 1046 oportere,
756 999 955 1046 tanquam
1001 997 1242 1033 coenaturos

365 1055 480 1108 apud
500 1055 683 1096 Inferos.
730 1057 789 1097 Hi
809 1057 908 1097 duci
928 1068 1018 1106 suo,
1039 1062 1242 1107 tanquam

365 1120 585 1160 victoriam
614 1134 664 1161 ac
694 1122 931 1173 triumphos
963 1120 1244 1172 promisisset,

362 1184 577 1235 intrepide
599 1190 848 1236 paruerunt,
866 1190 912 1224 et
933 1184 994 1223 ita
1005 1186 1245 1234 pugnantes

363 1258 508 1286 omnes
541 1259 617 1299 pro
656 1248 794 1319 patria
825 1245 1000 1286 fortiter
1034 1244 1245 1284 occubue-

362 1317 479 1361 runt,
497 1312 642 1352 multis
672 1319 814 1352 tamen
843 1312 960 1363 prius
980 1323 1032 1349 ex
1053 1308 1246 1349 hostibus

360 1374 615 1416 interfectis.
671 1375 797 1415 Unde
816 1374 870 1414 de
898 1374 977 1414 hoc
996 1373 1152 1414 Strabo
1168 1371 1245 1411 lib·

363 1448 428 1477 rx.
450 1437 493 1477 in
512 1439 820 1490 Descriptione
838 1437 1243 1489 Thermopylarum:

361 1502 374 1522 ‘
392 1501 633 1553 Leonidas‚’
659 1501 812 1554 inquit,
831 1501 843 1523 ‘
865 1513 966 1541 sane
1001 1500 1148 1552 paucis
1171 1498 1244 1538 ad-

352 1564 516 1615 junctis
533 1563 739 1615 finitimis,
756 1570 907 1603 contra
927 1567 995 1603 tot
1015 1564 1244 1603 Persarum

363 1628 481 1667 milia
497 1627 712 1667 hominum
734 1626 1119 1667 valentissimorum
1142 1629 1244 1665 tunc

361 1702 445 1741 ope
470 1691 658 1730 locorum
678 1690 864 1738 obstitit,
890 1689 1029 1729 donec
1053 1690 1136 1729 alio
1165 1701 1244 1740 per

363 1759 563 1793 montana
593 1753 908 1794 circumeuntes
942 1753 1114 1793 tramite
1147 1751 1243 1792 bar-

361 1816 471 1867 bari,
513 1817 649 1869 ipsius
685 1817 888 1857 Leonidae
930 1816 1241 1857 commilitones

362 1880 660 1933 conciderunt,
675 1886 719 1921 et
751 1892 865 1920 nunc
901 1880 945 1920 in
977 1891 1241 1920 communem

360 1948 612 1984 cunctorum
639 1944 846 1983 tumulum
878 1955 1023 1983 eorum
1057 1943 1244 1996 Polyan-

361 2005 483 2046 drion
510 2011 646 2058 extat,
665 2013 711 2047 et
728 2007 944 2058 insculpta
972 2007 1014 2045 in
1045 2007 1242 2046 columna

358 2069 667 2120 Spartanorum
688 2068 852 2120 gloria!
906 2070 1056 2109 Oliver.

416 2133 601 2185 Neptuno
637 2145 796 2184 quoque,
829 2131 914 2184 mn]
943 2133 1055 2174 Quia
1087 2131 1243 2172 dicitur

361 2197 534 2236 Xerxes
573 2196 830 2248 Byzantium
869 2202 999 2248 ponte
1029 2195 1243 2247 junxisse,

359 2261 430 2301 vel
449 2260 561 2314 quod
581 2272 697 2300 mare
717 2260 894 2300 navibus
913 2261 1086 2309 stravit,
1111 2267 1160 2300 ut
1180 2261 1243 2301 di-

360 2325 423 2365 cit
455 2324 667 2365 Justinus.
735 2325 979 2376 Propterea
1013 2324 1243 2375 compedes

362 2387 536 2427 videtur
573 2387 773 2440 injecisse
812 2389 1034 2439 Neptuno.
1095 2388 1245 2428 Oliver.

362 2450 566 2502 Neptuno]
621 2452 735 2491 Vide
774 2451 1057 2492 Herodotum.
1112 2451 1243 2493 Juve-

360 2514 470 2553 nalis
488 2529 497 2552 =
525 2514 537 2536 ‘
558 2514 707 2566 Ipsum
728 2513 1008 2565 compedibus
1032 2514 1104 2566 qui
1124 2515 1245 2553 vinx-

362 2582 457 2616 erat
478 2577 815 2628 Ennosigaeum?
871 2577 1035 2617 Eadem
1062 2578 1171 2617 libro
1191 2589 1245 2618 11.

363 2639 599 2679 Pausanias
629 2640 674 2678 in
707 2640 863 2680 Lacon.
920 2639 1099 2679 Orosius
1133 2639 1245 2680 libro

362 2701 569 2751 secundo,
589 2701 734 2753 capite
763 2714 889 2742 nono.
946 2701 1162 2742 Diodorus
1182 2702 1245 2741 Si·

363 2765 500 2806 culus.
554 2766 724 2805 Xerxes
743 2765 913 2805 omnino
946 2764 1248 2817 Hellesponto,

366 2829 589 2880 Neptuno,
602 2829 690 2869 Soli
708 2829 867 2868 malum
885 2827 1070 2867 minatus
1089 2827 1247 2867 fuerat.

364 2894 541 2933 Montes
569 2892 699 2932 etiam
725 2892 768 2931 in
797 2892 967 2944 planum
995 2890 1250 2942 deduxerat,

367 2967 563 2997 convexa
598 2955 771 2994 vallium
813 2958 1075 3007 aequaverat,
1114 2953 1250 2993 maria

367 3017 570 3068 pontibus
599 3021 824 3063 straverat,
853 3021 902 3055 ut
931 3015 1092 3058 Justini
1111 3015 1250 3055 verbis

365 3079 522 3122 dicam.
588 3080 790 3120 Meminit
825 3079 921 3132 ejus
956 3084 1002 3118 et
1036 3078 1250 3119 Arnobius

367 3142 445 3183 lib.
464 3155 497 3184 1.
515 3143 720 3184 adversus
735 3147 903 3194 gentes.
961 3143 1019 3182 Et
1043 3154 1249 3182 memora-

368 3206 454 3249 bile
486 3212 555 3247 est
588 3205 868 3258 Epitaphium
898 3204 1082 3256 Alphei:
1127 3203 1252 3256 Οὐρεὰ

368 3269 440 3321 μὲν
470 3270 535 3310 καὶ
564 3268 708 3310 πόντον
736 3267 831 3320 ὑπὲρ
857 3265 1019 3318 τύμΒοιο
1055 3266 1250 3320 χάρασσε,

370 3333 447 3374 Καὶ
471 3332 590 3384 μέσον
612 3330 837 3384 ἀμφοτέρων
860 3330 1045 3383 Μάρτυρα
1061 3330 1252 3378 Λητοΐδην

366 3396 534 3438 Ἀενάων
550 3413 596 3437 τε
611 3395 731 3443 βαθὺν
747 3397 930 3445 ποταμῶν
947 3394 1046 3446 ῥόον.
1107 3394 1234 3435 Color.

429 3462 534 3502 Coelo
552 3459 749 3510 tenebras]
780 3459 896 3500 Nihil
928 3458 997 3498 hic
1023 3469 1253 3508 moverem,

371 3523 453 3568 nisi
489 3537 557 3566 me
592 3529 786 3566 moveret
818 3523 929 3567 liber
967 3521 1184 3565 Danielis:
1214 3525 1253 3562 et

938 309 1117 349 NOTAE
1160 308 1491 348 vARmRUM
1539 309 1602 348 ΙΝ

1305 424 1399 463 chao
1418 424 1607 465 tenebras.
1664 426 1729 465 An
1757 425 2000 478 legendum,
2019 425 2110 465 colio
2129 430 2185 466 te·

1303 487 1474 529 nebras?
1502 489 1546 528 id
1580 496 1665 540 est,
1691 492 1798 531 coelo.
1853 491 2036 530 Festus:
2065 490 2077 511 ‘
2107 489 2187 531 Co·
2259 493 2265 502 “

1305 552 1403 591 lium
1426 551 1575 591 Poe'tae
1605 553 1756 592 coelum
1778 553 1979 592 dixerunt
1999 565 2023 591 a
2041 552 2187 602 chaos,

1306 629 1359 656 ex
1380 629 1463 668 qno
1498 617 1709 667 putabant
1732 618 1883 656 coelum
1914 628 2008 655 esse
2029 614 2184 657 forma-

1306 679 1426 719 tum.’
1479 679 1562 718 Sed
1582 681 1652 719 cui
1683 679 1949 731 persuadebo
1967 678 2188 721 Valerium·

1305 755 1359 782 ex
1398 742 1546 781 ultima
1588 742 1662 781 illa
1699 742 1959 794 antiquitate
1995 741 2186 792 repetito

1304 803 1438 844 verbo
1466 803 1617 843 usum?
1674 804 1772 844 Alio
1801 817 1879 855 pro
1910 805 1990 844 hoc
2009 804 2185 846 vulnere

1305 869 1534 919 emplastro
1555 879 1677 919 opus.
1734 867 1786 906 In
1806 866 1914 910 libro
1944 867 2084 909 altero
2104 867 2188 907 Pa-

1305 929 1486 981 risiensi,
1503 930 1618 981 quod
1648 928 1851 969 Lavernii
1879 927 2100 979 cujusdam
2115 940 2190 971 no-

1304 1005 1402 1032 men
1431 991 1704 1044 praeferebat,
1723 992 1930 1044 scriptum
1960 990 2130 1030 inveni:
2149 995 2188 1030 et

1305 1057 1398 1096 coelo
1411 1057 1526 1096 cbaos
1544 1056 1806 1096 minitantem.
1860 1053 1952 1094 Aut
1965 1065 2045 1105 ego
2063 1053 2188 1094 vehe-

1305 1125 1473 1166 menter
1499 1119 1639 1172 fallor,
1664 1127 1738 1160 aut
1767 1119 1918 1171 aliquis
1947 1118 2118 1169 sciolus,
2132 1129 2188 1158 ex

1307 1183 1426 1223 Festi
1446 1183 1541 1223 loco
1554 1184 1606 1223 ad
1621 1184 1763 1235 chaos,
1776 1182 1882 1222 illud
1894 1182 1987 1222 cabo
2002 1180 2191 1232 adscrip-

1306 1254 1421 1287 serat
1439 1259 1525 1288 orae
1546 1248 1643 1288 libri
1667 1248 1877 1288 Danielis.
1935 1246 2053 1286 Hinc
2080 1246 2187 1286 adeo

1307 1308 1436 1351 facile
1467 1312 1644 1363 colligas
1676 1312 1791 1352 chaos
1821 1322 2060 1362 germanam
2093 1323 2187 1351 esse

1307 1373 1420 1424 apud
1442 1374 1659 1414 Valerium
1678 1375 1924 1424 lectionem,
1943 1373 2012 1413 cui
2039 1373 2190 1426 aliquis

1308 1435 1504 1476 tenebrio
1523 1437 1616 1476 illas
1644 1438 1774 1477 etiarn
1809 1435 2008 1476 tenebras
2027 1435 2189 1476 obdux-

1306 1505 1416 1540 erat.
1470 1501 1582 1540 Nam
1610 1501 1725 1541 cbaos
1753 1500 1944 1541 tenebrae
1970 1498 2189 1542 dicuntur.

1305 1563 1598 1605 Glossarium:
1627 1563 1743 1615 χάος,
1757 1563 1940 1604 tenebrae.
1998 1561 2095 1602 Nec
2117 1560 2191 1602 ad·

1305 1625 1415 1666 tinet
1432 1627 1500 1667 hic
1516 1627 1662 1668 dicere
1681 1628 1858 1667 Xerxen
1878 1636 1956 1677 per
1972 1625 2087 1664 chaos
2099 1623 2190 1664 sive

1306 1690 1481 1730 tenebras
1510 1691 1754 1743 intelligere
1773 1689 1920 1729 nimbos
1936 1688 2187 1738 sagittarum.

1306 1754 1417 1794 Nam
1447 1754 1492 1793 id
1537 1754 1719 1806 quilibet
1769 1751 2032 1803 adsequitur.
2090 1749 2189 1789 Huc

1306 1817 1443 1867 traho,
1455 1817 1569 1869 quod
1587 1816 1700 1856 idem
1717 1815 1914 1855 Valerius
1927 1811 2040 1852 infra
2055 1811 2190 1863 scrip-

1304 1879 1359 1918 sit
1389 1890 1486 1931 cap.
1519 1883 1560 1919 7.
1615 1881 1628 1902 ‘
1647 1878 1881 1919 Referente
1912 1874 2093 1928 quodam
2124 1886 2191 1914 sa·

1306 1943 1422 1994 gittis
1441 1944 1671 1983 Persarum
1706 1942 1839 1982 solem
1871 1937 2093 1980 obscurari
2125 1949 2190 1978 so-

1305 2006 1425 2047 lere.'
1483 2008 1654 2047 Colerus.

1365 2070 1552 2111 Ultimum
1569 2067 1890 2121 desperationem]
1920 2066 2087 2105 Praeter
2100 2063 2189 2103 lau-

1306 2133 1429 2173 datos
1445 2135 1547 2174 alios
1563 2133 1792 2182 Auctores,
1807 2131 1918 2171 addo
1942 2129 2188 2181 Polyaenum

1307 2197 1492 2249 Stratag.
1512 2198 1586 2238 lib.
1608 2209 1713 2238 vlu.
1768 2195 2011 2236 Innumero
2029 2189 2190 2232 occiso-

1307 2271 1397 2299 rum
1429 2271 1514 2299 non
1545 2259 1819 2300 conveniunt.
1850 2267 1944 2298 ccc.
1971 2253 2106 2295 fuisse
2135 2263 2190 2292 ex

1307 2321 1533 2363 Herodoto
1551 2322 1750 2362 Valerius
1771 2327 1815 2361 et
1834 2321 2014 2360 Seneca.
2068 2314 2191 2355 Idem

1309 2385 1400 2426 Cic.
1434 2398 1485 2427 ιι.
1519 2386 1573 2427 de
1609 2386 1702 2426 Fin.
1734 2384 1938 2434 AEliauus,
1969 2387 2015 2420 et
2043 2379 2192 2419 Front.

1310 2448 1376 2488 Ex
1406 2461 1583 2501 quorum
1619 2447 1806 2488 unanimi
1839 2455 2050 2486 consensu
2079 2453 2192 2494 pene

1308 2511 1446 2562 labor,
1466 2518 1514 2552 ut
1544 2512 1800 2561 Diodorum,
1828 2507 2062 2555 Justinum,
2082 2504 2192 2545 Oro·

1310 2574 1418 2613 sium
1439 2574 1717 2626 corrigendos
1747 2582 1958 2613 censeam.
2014 2566 2100 2608 Sed
2120 2564 2193 2606 isti

1310 2648 1454 2676 omnes
1490 2636 1761 2676 Herodotum
1798 2633 1937 2674 secuti
1964 2635 2080 2672 sunt.
2134 2629 2192 2669 Et

1309 2712 1390 2751 ego
1423 2712 1589 2752 qnoque
1621 2711 1783 2739 memor
1811 2709 1904 2737 sum
1936 2694 2051 2736 tituli
2080 2693 2193 2733 illius

1309 2764 1529 2804 Plutarchi
1541 2763 1627 2815 περὶ
1643 2764 1715 2811 τῆς
1731 2759 1940 2814 Ἡροδότου
1955 2755 2193 2805 κακοηθείας.

1313 2826 1439 2866 Idem.
1889 2857 1901 2869 .

1370 2888 1574 2940 Occidere]
1604 2888 1655 2927 Id
1676 2893 1759 2939 est,
1778 2885 2047 2927 occumbere.

1366 2954 1389 3005 ς
1407 2956 1434 2992 4
1467 2952 1702 3005 Othryadae]
1740 2951 2032 2992 Athenienses
2050 2955 2096 2989 et
2115 2946 2196 2990 La-

1314 3015 1569 3056 cedaemonii
1587 3016 1639 3055 de
1660 3027 1764 3067 agro
1779 3012 2059 3066 Thyreatium
2089 3011 2196 3054 invi-

1314 3091 1407 3119 cem
1423 3078 1707 3129 dissidebant,
1719 3083 1765 3117 et
1783 3089 1878 3116 cum
1894 3075 1950 3116 de
1970 3075 2049 3114 hoc
2063 3072 2197 3116 utrin-

1313 3155 1396 3196 que
1413 3143 1630 3182 exercitus
1645 3141 1878 3194 pugnaturi
1892 3137 2199 3186 constitissent,

1314 3218 1369 3246 ne
1390 3218 1580 3257 magnam
1601 3204 1763 3244 cladem
1783 3203 2045 3254 acciperent,
2066 3200 2197 3240 totius

1315 3268 1418 3310 belli
1475 3267 1694 3309 fortunam
1743 3264 1949 3306 trecentis
1991 3260 2198 3303 militibus

1317 3331 1636 3381 commiserunt,
1670 3329 1742 3382 qui
1771 3328 1975 3379 utrinque
2011 3337 2089 3378 pro
2121 3336 2198 3366 suo

1317 3395 1572 3435 dimicarent
1603 3393 1816 3442 exercitu,
1834 3397 1879 3432 et
1897 3390 1999 3430 dum
2022 3389 2063 3429 hi
2092 3400 2196 3440 pug-

1317 3463 1488 3506 narent,
1513 3456 1666 3508 reliqui
1694 3466 1841 3495 omnes
1870 3454 1912 3493 in
1941 3459 2086 3493 castra
2112 3450 2198 3490 dis-

1317 3520 1535 3563 cederent.
1594 3518 1646 3558 In
1678 3518 1758 3558 hac
1792 3528 1934 3574 pugna
1964 3519 2086 3558 tauta
2111 3513 2197 3562 ani·
