2346 3996
368 273 509 328 1338

368 407 538 459 coe'git;
560 407 648 460 qui,
665 418 828 448 veneno
845 414 1044 460 accepto,
1060 421 1154 449 cum
1169 422 1242 463 pa·

368 483 460 510 rum
486 471 757 523 profecisset,
787 484 812 511 a
849 472 980 512 milite
1001 473 1142 524 Gallo,
1170 485 1241 514 no-

367 534 481 574 mine
502 535 701 585 Bithoco‚
727 548 752 574 a
771 547 869 587 quo,
896 541 946 575 ut
977 548 1023 576 se
1049 536 1240 588 juvaret,

368 597 571 648 petierat,
625 595 880 637 interfectus
925 603 1006 638 est.
1077 599 1241 640 Plinius

369 662 474 702 Nat.
495 661 609 701 Hist.
624 660 699 701 lib.
723 672 869 701 xxxv.
889 661 998 702 huuc
1013 661 1119 704 dicit
1139 675 1241 716 quo-

367 724 471 763 tidie
507 723 746 763 antidotum
787 730 939 764 contra
973 737 1140 765 venena
1173 737 1241 764 su-

366 799 484 827 mere
513 786 700 827 solitum.
773 787 939 828 Gellius
978 799 1077 828 vero
1113 789 1242 829 Noct.

367 850 462 891 Att.
480 851 554 891 lib.
576 862 690 891 xvn.
720 862 814 903 cap.
844 855 907 892 16.
935 851 1156 902 *Αηιιῑθε,’
1181 852 1242 892 in·

368 915 475 966 quit,
504 914 517 937 ‘
534 915 736 969 Ponticas
757 915 904 956 dicunt
920 916 1097 956 edendis
1118 917 1243 968 vulgo

369 978 541 1018 venenis
576 978 788 1018 victitare.
844 979 1059 1031 Scriptum
1105 985 1172 1020 est
1220 993 1245 1019 a

369 1043 529 1089 Leneo,
558 1043 636 1083 Cn.
655 1044 851 1095 Pompeii
871 1044 1045 1097 liberto,
1073 1045 1244 1084 Mithri-

368 1107 514 1146 datem
550 1106 668 1146 illum
706 1107 834 1147 Ponti
869 1120 1028 1160 regem,
1063 1108 1243 1148 medicae

367 1170 447 1221 rei,
467 1176 512 1210 et
532 1170 815 1211 remediorum
835 1170 878 1210 in
899 1171 942 1210 id
963 1183 1096 1223 genus
1116 1172 1245 1211 soler-

368 1238 458 1273 tem
490 1233 637 1285 fuisse,
682 1235 936 1287 solitumque
972 1248 1117 1274 earum
1154 1247 1246 1275 san-

369 1298 538 1348 guinem
569 1298 749 1337 miscere
783 1298 1121 1348 medicamentis,
1152 1310 1245 1350 quae

370 1360 612 1411 digerendis
651 1360 823 1399 venenis
864 1361 1021 1412 valent,
1065 1373 1247 1414 eumque

368 1427 614 1479 sanguinem
635 1426 702 1466 vel
721 1425 1062 1478 potentissimum
1080 1438 1171 1467 esse
1203 1427 1247 1466 in

369 1502 422 1530 ea
441 1490 657 1538 coctione,
676 1490 765 1529 sive
784 1488 1056 1530 confectione
1077 1502 1088 1529 z
1109 1489 1247 1541 ipsum

369 1558 512 1593 antem
531 1552 697 1592 assiduo
719 1564 861 1605 regem
882 1553 1034 1593 talium
1062 1553 1246 1594 medela-

370 1628 464 1657 rum
484 1628 561 1656 usu
582 1615 896 1656 aclandestinis
929 1617 1149 1670 epularum
1185 1617 1246 1657 in·

366 1680 488 1721 sidiis
504 1681 695 1730 cavisse;
725 1680 826 1734 quin
846 1687 892 1721 et
910 1682 1118 1722 scientem
1146 1694 1258 1735 qno·‚

370 1757 455 1797 que
474 1745 602 1795 ultro,
619 1751 665 1784 nt
680 1745 923 1786 ostentandi
945 1747 1100 1798 gratia,
1121 1757 1247 1786 vene-

371 1820 471 1849 num
493 1809 688 1860 rapidum
715 1813 762 1848 et
794 1808 916 1849 velox
956 1821 1247 1862 saepenumero

369 1874 574 1924 hausisse,
601 1878 731 1925 atque
750 1871 794 1912 id
812 1884 909 1913 eum
929 1873 1019 1914 sine
1045 1885 1158 1913 noxa
1185 1872 1246 1913 fe-

370 1938 478 1978 cisse
493 1950 505 1987 3
525 1937 797 1990 quamobrem
813 1948 910 1978 cum
925 1943 1077 1990 postea
1097 1938 1248 1990 proelio

371 2014 474 2054 pop.
495 2002 617 2043 Rom.
635 2001 774 2042 victus
794 2008 911 2043 metu
933 2002 996 2042 sui
1027 2002 1070 2042 in
1103 2003 1251 2043 ultima

370 2066 493 2119 regni
511 2064 755 2117 refugisset,
783 2071 830 2106 et
846 2065 953 2105 mori
973 2065 1253 2116 decrevisset,

371 2142 538 2172 venena
556 2129 878 2180 violentissima,
904 2127 1160 2169 festinandae
1180 2141 1252 2168 ne-

370 2195 434 2235 cis
471 2206 614 2244 causa,
639 2192 799 2233 frustra
832 2198 1052 2244 expertus,
1086 2205 1167 2232 suo
1205 2204 1251 2233 se

368 2257 463 2309 ipse
501 2255 643 2309 gladio
681 2254 923 2307 transegit!
974 2254 1114 2295 Antor
1151 2267 1251 2295 vero

370 2321 426 2360 de
444 2321 561 2360 Viris
598 2318 867 2360 Illustribus:
910 2320 922 2341 ‘
945 2318 1252 2370 Mithridates:

369 2384 527 2437 inquit,
556 2385 569 2407 ⁴
587 2396 612 2423 a
630 2383 838 2435 Pompeio
857 2388 1070 2424 nocturno
1102 2384 1250 2435 proelio

371 2449 514 2488 victus
547 2448 590 2487 in
621 2459 799 2499 regnum
837 2446 1048 2500 confugit,
1078 2448 1149 2488 ubi
1176 2460 1252 2500 per

369 2512 624 2552 seditionem
663 2512 927 2564 popularium
966 2524 990 2552 a
1027 2512 1250 2553 Pharnace

371 2577 460 2618 filio
505 2578 547 2617 in
595 2582 715 2617 turre
771 2576 986 2627 obsessus,
1044 2587 1250 2617 venenum

371 2641 568 2694 sumpsit,
615 2653 698 2693 quo
744 2639 907 2680 tardius
940 2647 1113 2692 agente,
1151 2640 1253 2694 quia

373 2706 575 2745 adversus
595 2717 759 2744 venena
777 2705 922 2744 multis
941 2711 1040 2745 ante
1066 2705 1253 2744 medica·

371 2768 556 2809 minibus
593 2779 746 2819 corpus
778 2767 986 2818 firmarat,
1018 2768 1251 2807 immissum

371 2846 661 2887 percussorem
683 2834 870 2884 Gallum,
888 2833 1142 2874 auctoritate
1162 2833 1253 2872 vul-

373 2905 442 2939 tus
461 2898 675 2948 territum,
697 2897 931 2948 revocavit,
962 2904 1007 2937 et
1026 2897 1067 2936 in
1088 2896 1252 2936 caedem

373 2974 495 3003 suam
541 2973 710 3002 manum
755 2961 1013 3012 trepidantis
1061 2960 1256 3013 adjuvit!

373 3027 462 3067 Alii
483 3038 583 3066 vero
612 3024 859 3064 acutissimo
891 3036 1056 3065 veneno
1090 3025 1254 3064 extinc-

375 3097 466 3130 tum
498 3089 615 3129 illum
648 3087 783 3128 fuisse
815 3086 973 3138 ferunt,
998 3100 1100 3140 quos
1121 3089 1255 3128 Luca-

374 3166 454 3194 nus
492 3159 681 3202 secutus,
727 3151 814 3191 ait:
862 3152 874 3173 ‘
897 3152 1007 3191 Post
1043 3152 1254 3191 Cilicasne

374 3229 508 3270 vagos
527 3224 572 3257 et
602 3216 702 3256 lassi
721 3216 906 3255 Pontica
938 3215 1051 3267 regis
1081 3215 1256 3267 Proelia,

374 3281 597 3323 barbarico
634 3279 706 3318 vix
741 3285 1035 3319 consummata
1065 3279 1256 3319 veneno.'

374 3345 574 3386 Justinus
592 3343 704 3382 hunc
734 3341 843 3381 dicit
872 3341 970 3382 ideo
1005 3353 1052 3382 se
1083 3343 1255 3382 venenis

377 3407 575 3448 bibendis
613 3405 908 3453 amuefecisse,
935 3406 1048 3458 quod
1088 3418 1194 3458 puer
1231 3419 1257 3446 a

378 3472 593 3512 tutoribus
611 3470 762 3511 fuisset
782 3482 946 3511 veneno
978 3470 1156 3522 petitus,
1183 3470 1257 3510 ad·

379 3549 524 3577 versus
552 3547 726 3589 quorum
763 3530 936 3576 insidias
971 3546 1019 3574 se
1054 3534 1135 3576 hac
1172 3545 1258 3574 una

927 291 1107 330 NOTAE
1146 291 1476 332 VARIORUM
1523 295 1585 332 {N

1305 410 1469 451 ratione
1506 411 1701 452 munivit.
1756 413 2051 469 Mithridatem]
2097 417 2181 458 Hic

1304 474 1576 514 Mithridates
1616 487 1747 516 annos
1779 478 2066 530 quadraginta
2099 479 2182 520 Ro-

1304 548 1429 577 mano
1449 537 1613 578 restitit
1632 539 1826 591 imperio.
1859 541 1967 581 Oliv.

1358 601 1586 652 Hospitales
1638 602 1764 655 Deos]
1818 603 1946 656 Apud
1988 605 2182 656 'majores

1304 670 1450 703 sancta
1469 665 1736 705 habebantur
1753 667 1928 720 hospitii
1943 667 2060 719 jura,
2085 681 2180 721 quae

1307 727 1463 767 violare
1497 727 1631 768 nefas.
1683 729 1916 781 Virgilius:
1963 730 2184 782 ‘Jupiter,

1303 791 1542 843 hospitibus
1559 804 1654 832 nam
1676 798 1721 833 te
1748 793 1850 833 dare
1874 795 1975 846 jura
2003 795 2183 847 loquun-

1306 854 1405 895 tur.'
1448 855 1640 895 Violavit
1676 867 1778 907 ergo
1813 855 2040 909 hospitalia
2069 857 2186 908 Jura,

1307 930 1402 957 cum
1421 917 1638 959 mandavit
1666 918 1870 959 Asiaticis
1898 919 2108 970 omnibus,
2136 925 2185 958 ut

1307 983 1497 1034 hospites
1534 984 1747 1024 Romanos
1781 983 1929 1024 cuncti
1962 989 2184 1024 necarent.

1311 1047 1418 1087 oliv.

1365 1110 1553 1151 Crucibus
1587 1111 1688 1163 illis]
1733 1111 1964 1165 Suppliciis
2007 1115 2055 1151 et
2098 1116 2186 1150 tor-

1312 1176 1480 1215 mentis.

1362 1238 1531 1277 Auctore
1552 1238 1688 1278 Gauro
1706 1237 1896 1290 spadone]
1908 1237 2035 1278 Hunc
2054 1237 2098 1277 in
2112 1237 2184 1276 de·

1308 1300 1410 1340 litiis
1431 1300 1710 1341 Mithridates
1745 1301 1951 1351 habebat,
1985 1300 2040 1340 ad
2063 1301 2185 1353 cnjus

1309 1370 1458 1404 nutum
1475 1364 1580 1403 nihil
1599 1376 1682 1404 non
1702 1363 1850 1405 facere
1877 1371 2052 1416 paratus
2081 1369 2190 1405 erat.

1309 1428 1397 1468 Hic
1430 1439 1532 1478 ergo
1563 1428 1720 1468 multos
1752 1428 1875 1480 regis.
1906 1427 2084 1476 amicos,
2115 1427 2188 1479 qui

1312 1498 1398 1531 tam
1417 1490 1578 1532 foedum
1598 1491 1728 1543 regiae
1749 1491 1934 1532 libidinis
1954 1489 2184 1530 ministeri-

1310 1568 1380 1596 um
1400 1556 1624 1609 periniquo
1643 1555 1782 1595 animo
1801 1553 2015 1607 ferebant,
2030 1553 2084 1593 de
2098 1565 2186 1593 me-

1310 1618 1381 1659 dio
1402 1619 1495 1659 tolli
1514 1619 1699 1660 curavit.
1733 1618 1841 1659 Oliv.

1365 1684 1387 1735 ς
1415 1685 1441 1722 4
1489 1682 1776 1722 Crudelitatem
1806 1681 1958 1733 gentis]
1999 1681 2080 1723 Der
2105 1693 2190 1737 qua

1311 1747 1430 1798 Virg.
1446 1747 1458 1769 ‘
1479 1745 1576 1786 Heu
1597 1745 1697 1796 fuge
1712 1744 1904 1786 crudeles
1923 1750 2073 1795 terras,
2089 1743 2190 1796 fuge

1310 1811 1432 1851 littus
1479 1808 1680 1850 avarum!
1736 1810 1878 1852 Quare
1916 1820 2001 1849 non
2037 1808 2189 1848 mirum

1311 1880 1378 1914 est
1394 1874 1608 1914 inventam
1630 1884 1726 1912 esse
1744 1871 1957 1912 foeminam
1978 1870 2190 1911 rabiosam

1311 1936 1570 1978 crudelitate
1589 1934 1821 1976 furentem.
1850 1936 1976 1976 Idem.

1367 2003 1389 2054 ς
1409 2005 1432 2041 5
1463 2001 1616 2041 lterum
1636 1999 1886 2051 Ptolemaeus]
1918 1999 1989 2039 De
2007 1997 2123 2038 vitiis
2143 2001 2190 2037 et

1313 2066 1570 2106 crudelitate
1588 2064 1712 2117 hujus
1726 2063 1951 2104 saevissimi
1970 2062 2084 2114 regis
2101 2061 2192 2101 dic-

1315 2136 1406 2170 tum
1426 2134 1492 2169 est
1511 2129 1553 2168 in
1573 2140 1669 2180 cap.
1685 2127 1741 2168 de
1762 2125 2054 2178 Luxus-iambi
2072 2137 2187 2179 qnae·

1315 2193 1449 2233 reuda
1468 2197 1536 2232 est
1551 2191 1742 2231 historia.
1769 2191 1896 2231 Idem.

1371 2254 1651 2309 Gymnasium]
1678 2254 1765 2295 Die
1785 2254 1981 2295 ludorum
2006 2254 2190 2306 juvenes

1314 2321 1357 2361 in
1392 2319 1656 2373 gymnasium
1690 2317 1940 2371 frequentes
1981 2328 2191 2357 convene-

1314 2390 1429 2435 rant,
1460 2390 1508 2424 ut
1538 2383 1594 2423 de
1626 2394 1742 2422 more
1773 2381 2060 2422 celebrarent.
2113 2381 2192 2421 Est

1313 2449 1432 2489 locus
1460 2446 1655 2487 exercitii
1685 2445 1965 2498 gymnasium,
1999 2449 2047 2484 ut
2075 2454 2192 2496 saepe

1314 2513 1512 2554 diximus.
1544 2511 1650 2551 Oliv.

1369 2578 1437 2629 §6
1466 2575 1554 2615 Hos
1569 2573 1751 2625 Junctos]
1804 2573 1873 2613 Ita
1910 2573 2052 2624 vulgo.
2110 2571 2193 2612 Alii

1313 2639 1474 2679 habent
1493 2650 1684 2688 onerosos,
1703 2637 1747 2677 id
1767 2643 1851 2688 est,
1869 2636 1951 2676 sibi
1971 2646 2123 2688 graves
2143 2647 2194 2675 ac

1314 2702 1526 2754 difficiles,
1544 2714 1723 2755 quorum
1744 2713 1848 2753 opes
1877 2707 2006 2752 atque
2041 2705 2193 2752 poten-

1315 2769 1423 2809 tiam
1444 2765 1681 2806 metuebat.
1739 2764 1822 2803 Vel
1847 2764 2043 2816 junctos,
2075 2765 2195 2816 quasi

1314 2831 1436 2872 simul
1459 2830 1824 2878 administrantes,
1852 2839 2029 2880 quornm
2049 2830 2195 2866 aucto-

1315 2897 1420 2936 ritas
1453 2905 1605 2945 magna
1638 2891 1758 2932 foret
1791 2890 1905 2943 apud
1934 2901 2095 2941 regem,
2132 2889 2193 2929 ita

1311 2962 1498 3014 jubente
1518 2959 1692 3011 populo.
1725 2957 1847 2997 Idem.

1371 3026 1438 3077 §7
1470 3023 1647 3062 Eandem
1681 3019 1851 3070 socrum]
1905 3020 2013 3059 Erat
2047 3023 2096 3059 et
2129 3029 2193 3057 so·

1317 3100 1436 3133 cruS,
1455 3086 1557 3139 quia
1585 3085 1679 3137 ejus
1714 3083 1844 3123 filiam
1877 3083 2062 3122 duxerat
2092 3092 2194 3120 uxo-

1318 3163 1424 3191 rem.
1459 3149 1577 3188 Idem.

1373 3215 1396 3266 §
1416 3215 1441 3252 8
1473 3208 1680 3250 Consimili
1694 3204 1859 3257 genere]
1890 3205 2044 3244 Cicero
2064 3201 2193 3243 Offic.

1317 3278 1392 3318 lib.
1413 3287 1480 3323 nt.
1494 3277 1506 3298 ‘
1523 3273 1687 3314 Durius
1703 3267 1859 3318 etiam,’
1878 3267 2029 3319 inquit,
2043 3266 2196 3306 ‘Athe-

1319 3342 1503 3386 aienses,
1535 3336 1606 3389 qui
1641 3334 1876 3382 sciverunt,
1904 3337 1953 3370 ut
1972 3330 2198 3382 AEginetis,

1318 3405 1391 3459 qui
1410 3403 1546 3443 classe
1567 3397 1779 3445 valebant,
1795 3395 1970 3447 pollices
1992 3393 2197 3447 praecide·

1319 3473 1480 3509 rentur.
1538 3463 1636 3503 Hoc
1658 3461 1793 3500 visum
1814 3465 1880 3498 est
1901 3458 2033 3506 utile3
2071 3457 2195 3495 nimis

1320 3532 1431 3574 enim
1461 3525 1708 3569 imminebat
1736 3528 1914 3576 propter
1949 3520 2193 3573 propinqui-
