2320 4004
592 311 853 350 vlu-,mur
895 309 1140 348 ΜΑΧιΜι
1182 309 1412 349 1.113.1v.
1454 311 1588 350 cAP.
1616 298 1667 351 3.

272 436 295 486 ἦ
311 437 346 474 4·
364 431 562 481 Deinceps
589 441 640 469 ex
664 430 716 469 iis
732 440 922 476 vocemus,
939 439 1101 478 quorum

217 499 385 548 unimus,
404 494 492 547 ξω]
518 495 734 545 Praepono
749 498 939 532 veterem
951 492 1100 532 lectio-

218 573 331 608 nem,
350 559 549 610 Deinceps
576 562 614 597 et
631 558 682 597 iis
698 568 890 597 vacemus.
914 555 1097 606 Lipsius.

219 623 412 674 Contigit
432 622 552 662 A.U.
574 631 703 662 comt.

273 687 347 726 Cn.
390 685 587 736 Marcius]
634 685 719 725 Hic
764 684 848 724 fuit
892 684 980 730 ille,
1027 684 1099 736 qui

216 756 367 803 postea
385 750 635 790 Coriolanus
654 750 794 790 dictus
814 754 897 800 est,
916 761 968 788 eo
987 748 1100 801 quod

217 826 351 867 opera
369 820 414 854 et
434 815 595 854 virtute
612 826 689 853 sua
708 819 882 864 captum
907 811 1043 852 fuerit
1075 825 1100 851 a

216 878 467 918 Posthumio
494 878 668 918 consule
687 877 893 929 oppidum
913 876 1101 916 Coriola-

215 955 332 983 num.
390 943 503 983 Nam
523 955 618 982 cnm
651 941 788 981 Aulus
819 941 1098 981 Posthumius

217 1005 437 1046 obsideret
456 1005 660 1058 oppidum
682 1005 970 1056 Coriolanum,
986 1010 1041 1045 et·
1057 1004 1098 1043 in

217 1081 271 1110 eo
287 1070 576 1122 oppugnando
606 1070 764 1121 saepius
784 1070 963 1110 militnm
985 1069 1098 1110 vires

215 1131 380 1172 frustra
394 1137 617 1184 tentasset,
637 1132 748 1185 quod
771 1133 1099 1178 munitissimum

217 1201 348 1249 esset,
379 1196 458 1236 Cn.
489 1196 695 1245 Marcius,
733 1196 929 1248 deceptis
957 1200 1100 1241 custo-

217 1259 358 1310 dibus,
375 1259 581 1312 oppidum
598 1260 740 1311 irruit,
761 1260 901 1311 ignem
921 1259 963 1299 iu
980 1265 1101 1300 tecta

216 1324 422 1378 conjecit,
453 1325 693 1376 multasque
728 1323 878 1376 oppidi
898 1324 1015 1364 aedes
1036 1324 1099 1363 in-

218 1389 363 1429 cendit
381 1402 392 1438 ;
435 1387 590 1440 quibus
633 1388 844 1438 correptis
883 1393 1101 1427 commota

216 1452 384 1503 civitas,
428 1464 523 1492 cnm
573 1451 625 1490 ad
672 1451 915 1490 incendium
957 1462 1101 1490 omnes

219 1521 543 1566 concurrerent,
579 1516 697 1554 Rom.
731 1513 962 1554 faciliorem
984 1513 1100 1555 fece-

217 1583 320 1618 runt
338 1578 713 1631 expugnationem.
752 1579 852 1631 Ejus
871 1579 1003 1630 igitur
1018 1579 1100 1618 vir-

217 1647 312 1682 tute
327 1649 500 1694 captum
514 1646 577 1681 est
594 1642 814 1693 oppidum,
833 1654 857 1680 a
873 1654 956 1693 quo
972 1642 1101 1681 etiam
1128 1658 1131 1659 ⁷

218 1706 608 1757 agnominationem
645 1705 829 1756 accepit,
868 1704 968 1756 quia
1007 1710 1103 1756 post

215 1769 262 1809 id
282 1768 444 1810 factum
462 1770 712 1810 Coriolanus
731 1769 883 1809 dictus.
917 1769 1021 1809 oliv.

270 1832 376 1873 Anci
405 1832 531 1883 regis]
562 1832 647 1872 Hic
680 1832 885 1884 originem
913 1831 1102 1872 ducebat

217 1897 272 1938 ab
291 1896 416 1937 Anco
431 1896 613 1947 Marcio,
633 1902 784 1948 quarto
813 1897 1100 1936 Romanorum

218 1970 337 2014 rege.
395 1961 497 2001 Fuit
530 1961 661 2013 igitur
687 1966 775 2000 tam
796 1973 954 2012 genere
975 1973 1102 2013 quam

217 2024 380 2064 virtute
407 2025 653 2076 praeclarus.
706 2024 810 2064 Anci
833 2024 974 2076 Regis]
1005 2024 1102 2064 Hoc

219 2087 349 2127 etiam
370 2087 425 2128 de
452 2087 632 2141 Marciis
663 2088 835 2127 dixerat
868 2089 1029 2138 Caesar,
1058 2088 1102 2126 in

216 2150 464 2191 laudatione
495 2151 628 2192 Juliae
658 2152 801 2192 amitae
821 2164 927 2201 suae,
947 2151 990 2190 in
1011 2152 1103 2191 haec

217 2213 375 2254 verba:
394 2217 406 2236 ⁶
422 2213 580 2254 Amitae
593 2227 698 2254 meae
718 2215 746 2255 J
751 2216 846 2255 uliae
864 2221 1101 2254 maternum

219 2289 351 2329 genus
385 2278 438 2318 ab
472 2277 644 2329 regibus
679 2283 836 2329 ortum,
874 2285 1103 2329 paternum

219 2353 317 2381 cum
354 2341 446 2380 Diis
478 2341 786 2381 immortalibus
823 2342 1101 2394 conjunctum

219 2411 302 2445 est.
375 2405 488 2445 Nam
536 2405 590 2445 ab
627 2405 750 2445 Anco
797 2407 962 2446 Marcio
1006 2411 1104 2446 sunt

220 2468 379 2509 Marcii
400 2469 557 2521 reges.'
587 2469 718 2509 Ovid.
739 2470 856 2510 Fast.
875 2481 938 2509 vr.
958 2470 970 2492 ‘
985 2470 1103 2510 Mar-

198 2534 289 2573 cia
340 2533 534 2574 sacrifico
581 2534 817 2575 deductum
850 2548 1006 2576 nomen
1046 2538 1101 2578 ab

220 2595 375 2637 Anco.'
406 2598 533 2637 Coler.

276 2661 426 2713 Grege]
451 2662 624 2711 Gregem
639 2675 717 2714 pro
734 2669 927 2704 armento
947 2665 1102 2715 posuit.

221 2727 337 2767 Nam
352 2739 514 2778 gregem
533 2727 587 2767 de
606 2728 853 2779 minoribus,
883 2734 1103 2769 armentum

219 2790 400 2831 dicimus
445 2791 500 2831 de
546 2792 774 2843 majoribus
833 2793 1104 2844 animalibus,

220 2859 333 2894 teste
351 2854 516 2906 Servio,
538 2856 730 2907 quamvis
752 2856 822 2896 alii
850 2857 975 2897 aliter
1009 2870 1102 2898 sen-

220 2919 345 2959 tiant.
376 2920 531 2960 Oliver.

273 2982 493 3034 Smtinere]
521 2983 695 3024 Sursum
717 2997 742 3024 a
781 2991 898 3025 terra
916 2987 1102 3027 levatum

225 3052 391 3086 tenere.

276 3110 490 3162 Merum-it]
546 3110 703 3151 Placet
762 3112 836 3151 lib.
890 3113 1103 3164 Danielis,

222 3174 418 3223 Elegerit.
473 3174 674 3225 Elegerat
713 3175 824 3215 enim
855 3177 1103 3217 Coriolanus

219 3236 400 3288 hospitis
417 3237 598 3277 salntem
620 3243 665 3277 et
693 3250 863 3290 equum.
895 3241 1024 3280 (ἴοιεν.

276 3302 337 3352 §5
369 3301 472 3341 MV.
506 3306 636 3340 autem
668 3302 815 3341 Curius
854 3304 1105 3345 exactissima

201 3363 376 3415 mmm]
403 3364 527 3405 Adeo
555 3364 738 3405 celebris
758 3370 824 3406 est
840 3367 964 3418 hujus
986 3369 1103 3408 Curii

223 3423 463 3478 frugalitas,
477 3434 524 3467 ut
542 3428 643 3468 nulli
666 3427 800 3468 ferme
816 3429 995 3469 obscura
1009 3443 1103 3471 esse

226 3487 375 3539 possit,
390 3490 547 3541 quippe
558 3491 631 3543 qui
647 3492 849 3532 Romanae
863 3499 1102 3545 temperan-

227 3548 299 3590 tiae
320 3551 585 3593 exactissima
618 3566 767 3595 norma
798 3556 996 3597 dicatur:
1027 3558 1100 3608 qui

1902 300 2044 354 1141,

1165 439 1260 467 cnm
1281 429 1476 471 Fabritio
1492 429 1703 483 Pyrrhum
1722 441 1866 482 regem
1895 431 2046 484 Epiro-

1164 495 1323 542 tarum,
1338 493 1408 544 qui
1431 506 1509 545 pro
1524 493 1771 534 Tarentinis
1788 493 1946 535 bellum
1961 497 2045 537 Ro-

1163 554 1301 594 manis
1321 555 1543 606 intulerat,
1575 557 1722 609 exegit
1750 557 1894 609 Italia,
1927 558 2046 599 Sam-

1162 619 1276 658 nites
1287 621 1434 672 etiam,
1455 621 1750 663 difficillimam
1768 624 2053 676 provinciam,

1163 684 1318 735 saepius
1340 685 1501 727 devicit
1518 702 1528 727 ε
1556 701 1653 728 nam
1671 689 1830 729 bellum
1850 689 2051 730 Samniti-

1165 759 1261 786 cum
1300 753 1474 789 centum
1508 750 1644 792 ferme
1695 764 1825 792 annos
1870 754 2050 793 durasse

1163 815 1347 852 constat.
1406 813 1512 852 Cum
1538 814 1669 865 igitur
1701 816 1742 855 ei
1775 817 1942 856 consuli
1963 817 2051 856 vic-

1163 874 1273 914 toria
1313 874 1368 914 de
1404 875 1666 917 Samnitibus
1713 873 1955 931 obtigisset,
1996 881 2050 920 ad

1163 949 1260 977 eum
1280 938 1415 990 legati
1435 939 1488 978 de
1505 940 1774 991 impetranda
1793 955 1901 994 pace
1921 955 2050 984 vene-

1162 1008 1279 1052 runt,
1313 1002 1386 1054 qui
1418 1001 1534 1043 forte
1567 1002 1741 1044 fortuna
1777 1005 1898 1045 illum
1921 1006 2051 1059 juxta

1163 1064 1307 1105 focum
1328 1066 1570 1116 sedentem,
1601 1072 1647 1106 et
1682 1069 1808 1108 tostis
1835 1070 1970 1120 rapis,
2002 1075 2052 1109 ut

1163 1129 1300 1170 tradit
1318 1130 1596 1182 Plutarchus,
1612 1137 1856 1172 vescentem
1876 1133 2052 1173 invene-

1163 1200 1278 1235 runt.
1351 1193 1564 1236 Admirati
1612 1197 1812 1236 tetricam
1866 1198 2050 1238 hominis

1164 1261 1312 1313 vitam,
1331 1262 1382 1301 ad
1405 1274 1501 1302 suos
1521 1262 1697 1314 reversi,
1717 1275 1814 1302 cum
1846 1262 1905 1311 id,
1935 1263 2051 1316 quod

1163 1324 1381 1376 viderant,
1423 1326 1692 1377 retulissent,
1724 1326 1937 1367 Samnites
1975 1328 2051 1366 im·

1163 1393 1409 1438 peratorem
1426 1389 1662 1429 Romanum
1686 1391 1754 1429 vel
1787 1390 1967 1430 avaritia
1985 1392 2052 1430 vel

1165 1450 1310 1502 inopia
1342 1452 1540 1493 laborare
1574 1453 1870 1494 existimantes
1903 1454 2052 1493 decre-

1165 1521 1322 1554 verunt
1351 1515 1503 1568 ingens
1532 1517 1624 1556 auri
1658 1516 1827 1568 pondus
1860 1518 2053 1569 mittere,

1163 1583 1385 1629 sperantes
1407 1579 1580 1620 Curium
1602 1587 1725 1620 tanto
1745 1593 1920 1620 munere
1953 1594 2054 1634 cap·

1165 1647 1271 1691 tum,
1311 1643 1587 1694 gratiosiores
1621 1645 1748 1696 pacis
1779 1646 2052 1687 conditiones

1163 1706 1244 1746 sibi
1261 1719 1354 1747 esse
1370 1707 1569 1747 daturum
1584 1723 1595 1758 ;
1613 1709 1724 1761 quod
1742 1716 1904 1760 praeter
1917 1722 2054 1761 spem,

1163 1778 1208 1810 et
1251 1783 1397 1811 eorum
1436 1771 1679 1824 opinionem
1721 1774 1881 1814 evenit.
1940 1773 2053 1813 Nam

1164 1846 1258 1874 cum
1287 1835 1328 1873 in
1350 1835 1443 1887 ejus
1465 1841 1744 1887 conspectum
1765 1849 1915 1877 aurum
1935 1843 2054 1878 attu-

1163 1898 1328 1948 lissent,
1360 1899 1590 1952 multisque
1625 1901 1893 1941 suasionibus
1932 1902 2052 1943 illum

1163 1961 1436 2012 invitassent,
1469 1968 1518 2002 ut
1549 1964 1785 2016 acciperet,
1824 1965 2052 2008 subridens

1165 2025 1243 2076 ait,
1301 2026 1456 2066 Nonne
1513 2027 1788 2068 intellexistis
1851 2029 2054 2072 hesterna

1165 2100 1289 2128 coena
1308 2101 1375 2129 me
1395 2102 1569 2142 prorsus
1591 2103 1675 2130 non
1695 2091 1890 2143 indigere
1921 2105 2052 2145 pecu-

1166 2155 1266 2193 nia?
1294 2154 1363 2194 Ite
1382 2155 1530 2206 igitur,
1559 2161 1605 2196 et
1621 2157 1866 2197 renuntiate
1884 2157 2051 2199 civibus

1166 2218 1341 2269 vestris,
1372 2220 1499 2259 malle
1531 2232 1598 2260 me
1619 2220 1879 2261 habentibus
1902 2234 2051 2262 aurum

1166 2281 1395 2334 imperare,
1415 2297 1540 2336 quam
1575 2298 1725 2325 aurum
1759 2286 1933 2327 habere.
1967 2287 2054 2327 Oti-

1164 2356 1244 2385 ver.

1218 2408 1369 2460 Ligneo
1417 2411 1569 2463 catillo]
1634 2412 1822 2453 Vasculo
1872 2414 2052 2454 escario.

1165 2471 1226 2512 Ac
1244 2474 1371 2523 ligneo
1390 2475 1540 2526 catillo]
1566 2476 1734 2527 Vulgo:
1752 2477 1897 2516 catino.
1927 2477 2052 2517 Cam·

1165 2531 1308 2589 pensis
1335 2539 1460 2589 liber,
1486 2540 1639 2592 aliique
1670 2545 1774 2592 tres,
1790 2545 1906 2592 atque
1925 2542 2053 2592 ligneo

1164 2600 1295 2640 catillo
1348 2606 1572 2653 coenantem.
1644 2604 1912 2655 Eleganter:
1962 2617 2055 2645 rem

1165 2666 1277 2705 enim
1308 2672 1506 2707 attenuat
1534 2668 1631 2719 ipsa
1663 2668 1795 2709 dictio
1825 2669 2052 2710 diminuta.

1167 2729 1180 2751 ‘
1207 2729 1374 2782 Aquam
1430 2731 1579 2771 bibere
1637 2732 1814 2785 catillo,'
1885 2733 2052 2774 Plinius

1166 2794 1278 2835 dixit
1296 2796 1369 2836 lib.
1386 2807 1498 2836 xxx,
1519 2808 1558 2837 c.
1579 2800 1619 2837 6.
1649 2797 1837 2848 Pighius.

1222 2859 1395 2912 Populo]
1427 2859 1602 2900 Scilicet
1621 2860 1791 2901 victori.

1221 2923 1433 2974 Popularis
1448 2923 1730 2974 assignationis
1745 2923 1915 2975 modum]
1945 2924 2000 2964 Se
2007 2937 2053 2976 p-

1168 2991 1253 3026 tem
1269 2987 1487 3039 jugerum,
1515 2994 1564 3027 ut
1596 2988 1722 3028 modo
1754 2988 1880 3029 dixit.
1936 2989 2052 3028 Olim

1167 3052 1280 3091 enim
1307 3052 1459 3091 modus
1487 3053 1568 3092 iste
1603 3053 1696 3104 agri
1724 3053 1890 3093 civibus
1920 3053 2052 3103 assig-

1166 3121 1291 3155 natus
1313 3115 1457 3164 fuerat
1476 3130 1500 3156 a
1522 3118 1572 3157 C.
1605 3118 1769 3156 Licinio
1805 3117 1904 3157 trib.
1935 3117 2054 3168 pleb.

1166 3181 1306 3219 Varro
1344 3180 1398 3219 de
1437 3182 1502 3220 Re
1538 3181 1662 3220 Rust.
1701 3181 1776 3219 lib.
1813 3192 1844 3219 1.
1883 3192 1980 3230 cap.
2007 3183 2051 3219 2.

1168 3242 1405 3295 ‘Ejusdem
1450 3243 1590 3295 gentis
1636 3244 1685 3283 C.
1725 3242 1911 3282 Licinius
1950 3242 2051 3281 trib.

1166 3308 1284 3359 pleb.
1314 3320 1407 3347 cum
1441 3314 1556 3347 esset
1591 3313 1688 3358 post
1716 3307 1856 3355 Reges
1877 3311 2051 3344 exactos

1166 3372 1286 3410 annis
1314 3374 1408 3411 365.
1437 3371 1597 3422 primus
1630 3369 1832 3420 populum
1851 3367 1906 3406 ad
1934 3367 2051 3418 leges

1166 3434 1438 3486 accipiendas
1455 3434 1498 3472 in
1515 3438 1679 3483 septem
1693 3431 1847 3481 jugera
1864 3429 2050 3473 forensia

1167 3509 1190 3537 e
1212 3498 1389 3538 comitio
1412 3495 1590 3536 eduxit.'
1625 3495 1751 3533 Coler.

1219 3561 1277 3612 §6
1307 3560 1417 3599 Idem
1436 3557 1572 3608 sensit,
1600 3556 1688 3608 ξω]
1718 3557 1906 3610 Contigit
1923 3557 1978 3599 A.
1995 3558 2046 3600 U.
