2320 4004
379 238 520 293 1128

380 371 530 411 Cicero
559 371 612 412 de
639 370 764 412 Offic.
785 383 807 411 a
826 372 999 411 Valerio
1017 370 1214 411 dissentit
1234 385 1246 421 ;

377 433 485 473 dicit
505 435 641 474 enim:
671 437 683 458 ‘
706 435 826 474 Inter
837 434 1077 486 Scipionem
1097 442 1140 475 et
1153 436 1245 475 Me-

375 499 522 538 tellum
540 499 622 539 fuit
640 499 729 538 sine
745 498 977 539 acerbitate
995 499 1200 540 dissensio
1217 499 1244 540 :'

376 572 459 600 non
486 563 595 601 enim
623 563 799 601 aliorum
824 563 1113 613 contentione,
1140 564 1244 605 licet

374 625 614 674 opinionum
649 630 693 665 et
728 625 1035 665 sententiarum
1080 626 1241 666 dissen-

374 686 491 726 sione
519 687 836 739 discrepabant,
861 700 913 728 ne
943 690 983 727 in
1004 690 1240 741 ,sententiis

371 750 561 790 dicendis
591 750 840 804 frequenter
863 744 1171 794 altercarentur
1196 757 1238 795 in

371 813 545 853 Senatu.
576 815 724 855 Oliver.

424 876 502 915 Sed
545 889 631 917 cum
669 878 946 931 interemptum
1000 881 1237 933 Scipionem]

369 939 550 981 Constat
598 941 835 993 Scipionem
881 944 1082 984 celeriter
1132 958 1236 984 mor-

369 1008 501 1054 tuum,
527 1012 609 1057 quo
637 1010 778 1046 autern
805 1018 960 1058 genere
979 1008 1143 1057 mortis,
1161 1009 1235 1048 du·

368 1065 528 1107 bitatur
553 1069 604 1108 ab
630 1070 837 1110 omnibus.
894 1071 1045 1111 Cicero
1065 1072 1106 1110 in
1127 1072 1234 1111 libro

369 1128 425 1169 do
476 1129 677 1171 Amicitia
695 1145 706 1172 ε
765 1133 775 1153 ‘
796 1132 1032 1184 Scipionis,’
1083 1134 1234 1186 inquit,

366 1192 379 1213 ‘
398 1192 484 1232 vita
503 1194 670 1245 quidem
690 1195 765 1234 tali
784 1194 862 1234 fuit
882 1197 948 1235 vel
975 1195 1143 1236 fortuna
1166 1196 1233 1236 vel

365 1255 514 1304 gloria,
531 1261 577 1295 ut
597 1257 698 1296 nihil
714 1263 855 1308 posset
876 1259 1095 1299 accedere.
1139 1259 1232 1298 Mo-

363 1318 489 1357 rienti
517 1324 658 1358 autem
687 1331 853 1359 sensum
873 1322 1074 1360 celeritas
1093 1321 1233 1361 abstu-

362 1378 439 1418 lit:
484 1392 566 1432 quo
594 1381 646 1420 de
680 1392 838 1432 genere
875 1384 1021 1422 mortis
1058 1382 1231 1424 difficile

362 1447 429 1481 est
446 1442 580 1493 dictu,
606 1443 707 1496 quid
738 1445 925 1484 homines
946 1445 1232 1498 suspicentur,

361 1516 433 1544 vos
465 1505 650 1556 videtis;
678 1507 755 1547 hoc
787 1512 928 1548 tamen
949 1508 1052 1548 licet
1073 1509 1232 1561 dicere,

359 1567 411 1606 P.
432 1568 620 1619 Scipioni
639 1581 692 1610 ex
712 1571 855 1610 multis
874 1571 1041 1622 diebus,
1062 1584 1165 1624 quos
1186 1573 1230 1612 in

356 1630 446 1670 vita
462 1631 758 1672 celeberrimos
776 1633 1096 1686 laetissimosque
1115 1634 1231 1674 vide-

356 1698 439 1744 rat,
477 1694 593 1733 illum
627 1695 739 1735 diem
776 1697 1054 1736 clarissimum
1086 1695 1230 1748 fuisse,

359 1768 453 1796 cum
473 1757 633 1798 Senatu
652 1758 832 1798 demisso
848 1759 1014 1799 domum
1031 1759 1229 1799 reductus

354 1819 406 1859 ad
427 1831 646 1872 vesperum
667 1826 732 1861 est
746 1821 985 1861 aPatribus
1004 1821 1228 1873 Conscrip-

355 1882 424 1931 tis,
440 1887 485 1921 et
513 1884 688 1934 populo,
717 1883 928 1935 sociisque
945 1883 1124 1934 Latinis,
1139 1884 1226 1934 pri-

355 1945 423 1984 die
438 1957 561 1998 quam
578 1946 834 1986 excessisset
849 1958 873 1985 e
886 1946 986 1996 vita,
1002 1951 1048 1986 ut
1062 1958 1115 1987 ex
1136 1952 1222 1987 tam

354 2009 442 2048 alto
458 2009 680 2060 dignitatis
696 2009 829 2060 gradu
844 2010 896 2053 ad
915 2021 1091 2062 superos
1106 2010 1222 2051 vide-

352 2077 450 2110 atur
480 2071 636 2122 potius‚
667 2084 791 2124 quam
820 2073 873 2112 ad
893 2072 1050 2113 inferos
1070 2085 1219 2124 perve-

350 2133 463 2173 nisse
497 2134 641 2174 Deos.'
694 2135 892 2187 Ergade
911 2141 1048 2177 morte
1062 2137 1221 2189 Scipio-

348 2197 412 2236 nis
445 2198 565 2238 multi
599 2199 734 2238 multa
762 2199 1047 2251 suspicantur,
1076 2201 1220 2252 plures

348 2265 490 2299 tamen
534 2261 634 2301 huic
690 2262 919 2302 sententiae
979 2262 1187 2303 inclinant
1206 2277 1219 2314 3

346 2322 586 2363 Graccham
604 2323 896 2375 Semproniam
912 2336 1085 2364 uxorem
1099 2337 1218 2365 suam

344 2387 490 2426 mortis
518 2387 904 2429 mariti‘consciam
934 2387 1077 2440 fuisse,
1105 2390 1218 2442 quod

344 2449 571 2490 verisimile
591 2451 785 2491 videtur:
814 2463 911 2491 nam
938 2451 1039 2491 'cum
1073 2452 1218 2504 Scipio

343 2524 369 2552 a
394 2514 627 2554 Numantia
653 2516 790 2556 victor
821 2515 1036 2565 rediisset,
1063 2523 1112 2556 ut
1129 2517 1218 2569 qui·

342 2574 438 2615 dam
459 2577 649 2630 tradunt,
676 2579 728 2618 ab
748 2579 893 2618 amicis
913 2579 1218 2630 Gracchorum,

341 2639 411 2690 qui
428 2641 552 2690 paulo
572 2646 672 2681 ante
690 2642 792 2682 caesi
811 2642 998 2692 fuerant,
1015 2643 1058 2682 in
1076 2641 1214 2683 forum

341 2703 576 2754 perductus
597 2711 680 2755 est,
698 2711 743 2746 et
758 2707 855 2758 quia
864 2706 1066 2747 Gracchis
1081 2705 1214 2747 affini-

341 2770 432 2806 tate
451 2766 705 2818 conjunctus
725 2774 834 2819 erat,
854 2769 1011 2821 quippe
1038 2781 1213 2821 quorum

339 2839 523 2869 sororem
537 2830 578 2868 in
593 2831 900 2871 matrimonium
909 2831 1106 2881 duxerat,
1121 2844 1212 2872 cre-

340 2891 501 2932 debant
533 2893 788 2934 authoritate
821 2894 1033 2946 Scipionis
1063 2894 1214 2935 confir·

339 2960 498 2996 matum
527 2956 582 2995 'iri
603 2956 745 2996 odium
776 2956 980 2996 adversus
1010 2956 1211 2998 interfec-

338 3023 455 3058 tores
467 3018 769 3059 Gracchorum.
821 3019 906 3060 Sed
922 3032 1016 3059 cum
1033 3021 1211 3061 interro-

337 3086 461 3131 gatus
474 3087 604 3132 esset,
621 3082 721 3134 quid
737 3081 789 3121 de
805 3083 855 3123 C.
877 3083 1060 3123 Gracchi
1075 3089 1211 3123 morte

335 3144 528 3196 sentiret,
547 3145 768 3196 respondit
778 3146 877 3197 jure
890 3157 1046 3185 caesum
1061 3146 1210 3186 videri.

336 3207 462 3251 Quod
492 3219 738 3260 responsum
773 3207 954 3248 credunt
989 3207 1097 3247 adeo
1117 3221 1210 3258 gra-

336 3271 447 3310 viter
492 3276 538 3312 et
582 3270 736 3311 acerbe
783 3270 930 3311 tulisse
971 3271 1208 3311 Gracchani

333 3334 624 3387 Semproniam
653 3333 745 3385 ejus
772 3345 964 3385 uxorem,
990 3346 1084 3386 quae
1112 3346 1207 3386 spe-

333 3397 456 3438 rabat
492 3398 652 3438 caedem
681 3395 863 3437 fratrum
891 3396 1102 3448 Scipionis
1135 3410 1206 3436 au-

333 3459 535 3501 thoritate
550 3472 670 3513 posse
691 3459 912 3511 vindicari,
933 3465 979 3501 nt
992 3459 1046 3503 de
1065 3461 1205 3501 mariti

945 253 1120 293 No'rAE
1161 253 1491 295 vAmoRUM
1532 256 1599 295 IN

1308 383 1413 412 nece
1447 373 1716 425 cogitaverit,
1757 378 1802 414 et
1848 387 1943 415 eum
1983 377 2179 429 sequenti

1308 442 1434 475 nocte
1463 438 1740 488 oppresserit.
1797 438 1920 479 Quod
1952 440 2179 481 verisimile

1309 497 1490 538 videtur.
1547 500 1630 540 Qui
1649 501 1760 539 enim
1776 500 1867 541 fieri
1881 503 2107 554 potuisset,
2126 510 2176 544 ut

1306 560 1348 600 in
1369 562 1457 613 ejus
1473 562 1670 602 cubiculo
1690 565 2004 615 opprimeretur
2017 566 2177 618 Scipio,

1304 624 1382 663 nisi
1401 625 1569 664 conscia
1589 626 1734 665 mortis
1755 627 1844 678 eJus
1866 627 2018 669 fuisset
2037 642 2144 668 uxor
2159 630 2178 669 ἓ

1302 688 1407 727 Sunt
1428 694 1566 727 tamen
1586 689 1657 740 qui
1675 689 1857 730 credunt
1870 702 1896 730 a
1915 691 1963 730 C.
1978 692 2175 732 Carbone

1301 750 1430 790 fuisse
1450 751 1748 802 interceptum.
1802 751 2106 813 Aliter-&sentit
2123 755 2176 794 Τ.

1303 813 1444 853 Livius
1486 814 1539 853 de
1584 820 1721 853 morte
1766 812 1975 856 Africani.
2051 817 2176 856 Dicit

1300 878 1410 917 enim
1429 891 1440 918 z
1462 878 1724 918 ‘Seditiones
1739 891 1763 917 a
1776 878 2006 918 triumviris
2023 880 2175 919 Fulvio

1299 941 1470 990 Flacco,
1499 942 1548 980 C.
1569 942 1783 992 Graccho,
1815 947 1859 981 et
1887 941 2084 982 Carbone
2117 941 2172 982 de

1298 1015 1398 1053 agro
1419 1004 1651 1044 dividundo
1667 1004 1822 1044 creatis
1841 1005 2042 1044 excitatae
2058 1010 2174 1054 sunt,

1297 1067 1445 1118 quibus
1477 1079 1569 1106 cum
1602 1067 1653 1108 P.
1674 1067 1820 1119 Scipio
1850 1066 2078 1107 Africanus
2098 1069 2173 1107 ad-

1298 1136 1553 1180 versaretur,
1570 1129 1772 1182 fortisque
1792 1142 1842 1171 ac
1856 1131 2015 1171 validus
2033 1131 2172 1183 pridie

1295 1189 1465 1231 domum
1483 1204 1528 1231 se
1549 1192 1803 1244 recepisset,
1821 1199 2010 1234 mortuus
2035 1194 2078 1232 in
2099 1207 2171 1234 cu·

1297 1254 1439 1294 biculo
1473 1256 1667 1295 inventus
1692 1261 1773 1295 est.
1831 1257 2040 1308 Suspecta
2070 1255 2170 1308 fuit,

1295 1323 1491 1369 tanquam
1514 1329 1720 1357 venenum
1742 1319 1782 1358 ei
1816 1318 2020 1370 dedisset,
2048 1320 2168 1360 Sem·-

1293 1381 1444 1432 pronia
1462 1393 1582 1432 uxor,
1603 1381 1699 1421 ideo
1719 1381 1903 1422 maxime
1919 1383 2032 1435 quod
2049 1395 2169 1424 soror

1294 1449 1410 1484 esset
1446 1445 1748 1495 Gracchorum,
1792 1457 1887 1485 cum
1923 1446 2077 1498 quibus
2114 1446 2169 1486 si-

1293 1507 1444 1546 multas
1475 1506 1680 1548 Africano
1713 1507 1871 1551 fuerat.
1923 1510 1995 1550 De
2030 1514 2168 1550 morte

1293 1574 1432 1609 tamen
1451 1570 1542 1622 ejus
1568 1571 1681 1610 nulla
1711 1571 1889 1623 quaestio
1918 1571 2044 1612 acta-3
2076 1573 2165 1613 012·-

1292 1644 1374 1672 ver.
2012 1670 2015 1674 ,

1344 1695 1571 1748 Idemfilios
1586 1694 1695 1746 suos]
1723 1696 1840 1737 Quos
1860 1701 2044 1748 quatuor
2055 1698 2168 1748 prae-

1290 1758 1428 1809 cipuae
1449 1759 1617 1799 virtutis
1636 1765 1680 1799 et
1710 1759 1870 1811 ingenii
1901 1759 2059 1800 dicitur
2090 1760 2163 1800 ha·

1289 1819 1444 1859 buisse.

1342 1882 1512 1922 Funebri
1529 1881 1643 1932 lecto]
1672 1881 1755 1924 Qui
1775 1882 1952 1922 ditiores
1975 1887 2112 1934 erant,
2131 1884 2163 1925 ii

1283 1944 1407 1985 lectis
1420 1943 1718 1994 efferebantur,
1733 1944 1864 1998 (unde
1883 1945 1938 1986 de
1951 1946 2163 1986 L.C0rne-

1283 2007 1342 2047 lio
1361 2007 1575 2059 proditum
1595 2012 1675 2059 est,
1692 2007 1805 2059 quod
1831 2020 1907 2047 sex
1926 2009 2059 2048 millia
2077 2010 2163 2051 lec-

1283 2076 1422 2118 torum
1441 2069 1668 2122 habuerit,)
1685 2077 1726 2110 et
1743 2071 1880 2111 tenuis
1896 2070 2079 2112 fortunae
2090 2073 2164 2113 ho·

1281 2135 1415 2175 mines
1430 2135 1610 2187 capulis,
1622 2134 1711 2174 sive
1725 2133 1913 2186 feretris,
1925 2142 1971 2175 ut
1980 2135 2158 2176 Servius

1282 2203 1419 2238 notat.

1337 2261 1430 2301 Non
1451 2259 1565 2311 fore]
1594 2259 1735 2300 Aliter
1767 2260 1932 2300 Plinius
1970 2260 2046 2300 lib.
2072 2270 2159 2302 vu.

1281 2336 1378 2376 cap.
1393 2327 1459 2364 44.
1514 2323 1732 2375 Siquidem
1749 2322 1894 2363 liberis
1923 2323 2059 2365 dixit:
2088 2321 2160 2363 Ite

1279 2386 1370 2438 filii,
1414 2386 1630 2427 celebrate
1676 2386 1897 2438 exequias,
1943 2387 2160 2440 nunquam

1279 2450 1385 2489 civis
1404 2449 1577 2501 majoris
1591 2447 1716 2489 funus
1734 2449 1949 2500 videbitis.
1981 2451 2108 2492 Coler.

1334 2513 1423 2564 §13
1456 2512 1669 2563 Trallibus]
1695 2511 1857 2552 Tralles
1877 2512 2028 2552 civitas
2039 2512 2159 2554 Asine

1280 2579 1446 2615 tantum
1467 2574 1690 2625 pluraliter
1709 2574 1936 2614 declinata.
1986 2575 2156 2616 Liv-di-

1279 2641 1340 2680 cit
1358 2639 1438 2679 hoc
1457 2639 1689 2690 contigisse
1723 2638 1875 2685 Rhodi,
1909 2639 1980 2678 ubi
2010 2641 2157 2680 exula-

1279 2702 1368 2753 bat,
1387 2702 1488 2742 utin
1508 2714 1600 2752 cap.
1615 2701 1668 2740 de
1688 2701 1938 2741 Constantia
1956 2701 2154 2744 diximus.

1278 2765 1420 2805 Livius
1442 2775 1541 2803 vero
1554 2764 1749 2814 Smyrnae
1768 2762 1897 2803 fuisse
1912 2763 2033 2804 dicit.
2074 2765 2156 2807 Est

1276 2835 1418 2867 autem
1438 2828 1620 2879 Smyrna
1648 2826 1798 2867 civitas
1817 2826 1991 2866 minoris
2021 2827 2153 2868 Asiae.

1279 2890 1489 2931 Olicerius.
1545 2890 1595 2928 In
1615 2901 1704 2940 qua,
1722 2902 1807 2928 cum
1842 2889 1880 2929 ei
1904 2889 2017 2939 forte
2045 2891 2155 2932 ludo:

1281 2954 1471 2994 Trallibus
1485 2953 1674 3005 spectanti
1688 2953 1814 2992 literoe
1830 2953 1994 2993 reddita?
2007 2952 2154 3004 essent]

1276 3019 1348 3059 Sic
1386 3018 1516 3058 etiam
1551 3018 1594 3056 in
1632 3016 1738 3056 Mss.
1766 3016 1962 3067 exceptis
1983 3016 2153 3056 Coloni·

1275 3082 1365 3122 ensi
1403 3087 1447 3122 et
1479 3081 1722 3122 Cauchiano
1753 3081 2082 3132 exemplaribus,
2107 3081 2152 3122 iu

1274 3145 1443 3197 quibus,
1497 3145 1625 3185 Ludos
1681 3145 1892 3187 theatrales
1944 3145 2151 3195 spectanti,

1273 3209 1467 3247 hahetur.
1525 3208 1582 3246 Et
1613 3218 1715 3246 sane
1746 3217 1896 3246 nomen
1932 3205 2019 3246 loci
2039 3206 2151 3246 illius

1273 3269 1558 3309 diversimode
1593 3269 1801 3321 proditur.
1857 3268 2003 3308 Livius
2034 3269 2148 3309 enim

1271 3332 1408 3373 Rhodi
1441 3333 1634 3372 exulasse
1675 3331 1948 3372 Numidicum
1983 3331 2149 3383 scribit,

1274 3392 1435 3435 Auctor
1453 3394 1506 3434 de
1524 3394 1641 3434 Viris
1661 3393 1920 3446 Illustribus,
1937 3395 2147 3447 Smyruae.

1270 3459 1453 3509 Pighius.
