2346 3996
393 274 539 327 1220

451 406 518 456 §6
542 405 617 446 Cn.
649 406 768 446 etiam
800 407 1007 460 Lentulus]
1036 408 1142 453 Cum
1160 409 1272 449 inter

395 469 663 522 Pompeium,
709 472 936 523 Caesarem,
983 478 1028 515 et
1075 474 1273 514 Crassum

392 531 512 574 facta
542 534 804 586 conspiratio
832 541 958 587 esset,
988 541 1036 577 ut
1065 537 1271 590 rempubl.

394 608 474 647 pro
509 609 586 637 sua
617 598 791 638 libidine
811 604 1046 651 versarent,
1065 600 1141 640 Cn.
1162 602 1271 640 Len-

391 663 522 713 tulus,
538 662 608 715 qui
636 669 723 703 tum
744 663 891 703 consul
909 668 1020 714 erat,
1038 663 1272 715 periculum

391 725 604 766 libertatis
633 733 843 776 metuens,
872 727 916 766 in
946 727 1152 769 concione
1171 740 1270 768 con-

391 792 462 827 tra
495 788 748 839 Pompeium
779 789 934 830 acriter
967 791 1157 831 invectus
1186 798 1270 841 est,

391 857 437 891 et
475 853 658 903 populus,
694 853 916 894 universus
954 854 1125 903 Lentuli
1170 867 1270 895 con-

391 917 657 968 questionem
691 919 870 963 mirifice
903 920 1107 972 laudavit,
1140 926 1269 973 atque

389 979 454 1029 illi
488 992 683 1024 assensus
718 989 797 1023 est.
852 984 955 1023 Tum
989 985 1088 1024 ille:
1119 983 1270 1024 Accla-

387 1049 519 1095 mate,
543 1045 697 1097 inquit,
729 1047 826 1088 dum
858 1048 978 1098 iicet,
1010 1049 1108 1100 quia
1141 1050 1268 1100 paulo

390 1111 489 1157 post
510 1102 512 1104 ’
533 1107 708 1160 impune
760 1123 844 1150 non
900 1111 1067 1156 licebit.
1141 1114 1267 1155 Idem.

391 1170 589 1222 Contigit
608 1170 662 1211 A.
681 1173 735 1213 U.
755 1183 893 1214 nccn.

443 1235 552 1274 Dum
581 1235 691 1286 licet]
720 1234 968 1289 Antequam
988 1249 1165 1290 regnum
1198 1250 1267 1278 oc-

388 1298 630 1348 cupaverit,
653 1298 751 1349 quia
771 1304 918 1349 pestea
943 1311 1029 1338 non
1059 1299 1272 1342 audebitis

385 1358 549 1409 hiscere
569 1361 809 1412 quicquam.
864 1363 984 1402 Idem.

441 1423 506 1474 §⁷
528 1423 744 1475 Favonius]
771 1424 857 1464 Hic
891 1425 961 1465 ille
986 1431 1067 1476 est,
1096 1427 1151 1467 de
1183 1440 1267 1480 quo

384 1485 612 1526 Sallustius
645 1488 779 1528 altera
804 1489 987 1541 epistola
1018 1490 1071 1530 ad
1093 1492 1141 1531 C.
1160 1491 1267 1532 Juli·
1292 1538 1295 1541 μ

384 1562 456 1590 um
474 1550 689 1592 Caesarem
706 1553 759 1595 de
774 1554 956 1605 Republ.
978 1554 1086 1596 Ord.
1124 1555 1167 1596 Is
1180 1567 1266 1596 mo-

384 1614 436 1654 lis
465 1615 606 1667 potius
641 1629 765 1669 quam
799 1618 963 1658 Moloni
985 1631 1159 1670 operam
1193 1620 1265 1660 de-

385 1678 498 1718 disse
546 1679 662 1723 vfisus
710 1681 905 1722 Ciceroni
949 1681 1004 1722 ad
1055 1681 1264 1727 Atticum.

388 1741 518 1783 Coler-

438 1803 505 1844 Sit
533 1805 732 1858 diadema]
775 1806 899 1848 Adeo
931 1808 1131 1849 Romanis
1170 1813 1265 1849 erat

381 1867 564 1908 invisum
596 1870 710 1910 istud
739 1871 906 1923 imperii
938 1877 1012 1911 aut
1039 1872 1162 1923 regni
1189 1885 1263 1925 po·

381 1931 466 1971 tius
491 1932 766 1984 signaculum.
821 1935 972 1977 Florus
1005 1934 1082 1982 lib.¹
1105 1947 1181 1975 111.
1208 1935 1262 1978 de

379 1995 552 2035 Tiberio
573 1996 798 2039 Graccho:
827 1999 839 2021 ‘
861 1999 993 2041 Manu
1019 2006 1150 2050 caput
1170 2004 1262 2039 tan-

383 2070 503 2110 gens,
537 2060 725 2111 praebuit
757 2061 948 2113 speciem
975 2074 1149 2114 regnum
1180 2062 1262 2102 sibi

381 2129 426 2163 et
446 2123 642 2164 diadema
666 2126 918 2177 poscentis)
969 2127 1112 2168 Quare
1144 2133 1190 2167 et
1207 2125 1262 2166 ab

381 2186 573 2228 Antonio
610 2190 808 2241 accipere
846 2190 991 2230 Caesar
1029 2190 1262 2242 recusavit,

380 2255 429 2288 ut
466 2250 617 2290 scribit
653 2251 832 2293 Sueton.
889 2253 1010 2295 Idem
1047 2254 1101 2293 de
1137 2254 1262 2295 Tito:

377 2320 391 2344 τ
426 2312 478 2352 In
527 2316 820 2357 consecrando
866 2318 978 2369 apud
1029 2318 1263 2370 Memphim

380 2377 492 2418 bove
526 2379 724 2425 diadema
756 2382 965 2431 gestavit:
997 2383 1048 2420 de
1081 2395 1199 2422 more
1220 2381 1264 2421 id

381 2443 551 2493 quidem
585 2443 735 2495 priscae
779 2445 1024 2496 religionis:
1055 2446 1130 2486 sed
1178 2459 1262 2486 non

381 2494 579 2556 deerant}
595 2508 664 2559 qni
687 2508 827 2548 secius
845 2509 1268 2561 interpretarentur.'

383 2568 536 2609 Cetera
553 2569 690 2609 dicam
710 2570 763 2609 ad
782 2569 855 2610 lib.
874 2583 960 2610 vn.
1015 2571 1138 2613 Idem.

436 2631 459 2681 ξ
477 2634 502 2670 8
523 2631 692 2677 Helvius
709 2632 887 2683 Mancia]
905 2633 1118 2673 Continuo
1134 2632 1262 2674 affert

384 2693 518 2733 libere
539 2695 581 2733 in
614 2694 866 2746 Pompeium
897 2695 1031 2747 dicta,
1052 2709 1146 2748 quae
1167 2698 1262 2737 ideo

383 2762 450 2797 tot
479 2759 768 2798 accumulasse
799 2758 985 2808 videtur,
1013 2765 1060 2799 ut
1089 2760 1261 2799 Tiberio

384 2821 542 2860 Caesari
561 2833 654 2860 eam
676 2833 764 2861 rem
795 2821 1132 2872 gratificaretur-3
1162 2823 1261 2863 dum

323 2875 335 2877 „
382 2885 494 2923 enim
515 2884 647 2925 libere
668 2884 710 2923 in
738 2885 992 2936 Pompeium
1022 2885 1138 2925 dicta
1157 2886 1263 2926 reci-

384 2953 464 2996 tat,
503 2948 634 2987 tacite
670 2948 761 2999 ejus
800 2948 904 2987 vitia
944 2956 1261 2999 commemorat,

383 3023 480 3063 quae
518 3010 715 3050 Tiberius
747 3010 965 3061 nimirum,
1002 3011 1073 3063 qui
1106 3012 1263 3051 Caesari

385 3082 499 3115 esset
537 3086 773 3125 successor,
806 3086 888 3114 non
925 3074 1086 3114 invitus
1120 3075 1263 3114 audie-

385 3139 476 3188 bat,
497 3139 734 3190 praeser-tim
766 3151 862 3179 cum
884 3151 975 3190 quae
1000 3138 1262 3190 objicieban-

385 3210 469 3254 tur,
492 3215 593 3243 vera
612 3214 703 3243 esse
731 3203 834 3242 satis
861 3202 1024 3243 innuat.
1080 3203 1164 3243 Sed
1180 3203 1262 3244 boc

385 3268 454 3306 alii
470 3267 681 3318 judicent.
730 3267 838 3309 Bad.

400 3372 405 3374 „
439 3330 642 3380 Libonem]
673 3331 778 3370 Eum
799 3330 979 3370 amicum
991 3328 1120 3369 fuisse
1135 3331 1263 3370 Pom-

387 3396 474 3445 peii
495 3395 647 3436 Cicero
661 3394 848 3436 ostendit
879 3394 1014 3446 prima
1031 3394 1084 3432 ad
1107 3395 1264 3434 Lentu·

388 3460 475 3497 lum
492 3459 712 3508 Epistola:
731 3458 743 3479 ‘
761 3457 962 3506 Libonis:
978 3457 1052 3507 ait,
1067 3457 1078 3478 ‘
1094 3463 1140 3496 et
1156 3456 1263 3508 Hip-

389 3520 451 3559 sei
469 3520 754 3572 concursatio,
773 3520 1045 3571 omniumque
1065 3519 1264 3571 Pompeii

968 290 1145 329 No'rAE
1186 292 1522 334 VARIORUM
1566 296 1630 335 IN

1339 408 1608 452 familiarium
1623 412 1815 455 studium
1834 427 1922 460 rem
1952 417 1994 458 in
2018 429 2113 462 eam
2131 420 2221 472 opi-

1338 473 1504 514 nionem
1526 475 1817 528 adduxerunt,
1831 485 1878 519 ut
1897 470 2131 532 Pompeius
2149 494 2223 527 cu-

1338 548 1439 588 pere
1473 538 1695 581 videatur!
1750 541 1850 582 Fuit
1887 554 1993 595 ergo
2022 544 2223 596 Pompeii

1336 613 1418 652 ope
1436 609 1480 641 et
1500 603 1757 644 anctoritate
1775 605 1996 648 liberatus.
2055 608 2207 652 Olim.

1391 664 1465 703 Cn.
1499 665 1742 718 Domitium]
1770 667 2004 721 Pompeius
2033 670 2076 711 iu
2105 669 2220 716 Afri-

1335 738 1387 765 ca
1406 727 1486 766 Cn.
1508 728 1747 773 Domitium
1768 731 2073 784 proscriptum,
2092 733 2222 779 Hiar-

1336 789 1518 842 bamque
1539 803 1679 842 regem
1699 792 1916 839 Numidiae
1936 793 2094 835 bellum
2119 807 2219 842 con-

1336 857 1402 892 tra
1436 854 1596 906 Syllam
1630 855 1855 899 molientes
1908 858 2142 910 oppressit,
2173 863 2220 900 et

1335 916 1462 967 paulo
1482 922 1581 969 post
1601 917 1777 958 occidit.
1837 918 1987 959 Oliver.

1388 979 1563 1019 Brutum
1572 979 1687 1028 ferro
1705 980 1936 1034 laceratum]
1965 981 2128 1023 Brutus
2147 983 2220 1036 qui

1334 1041 1520 1082 Galliam
1553 1043 1816 1096 Cisalpinam
1854 1043 2093 1097 obtinebat,
2122 1057 2218 1086 cum

1334 1116 1358 1144 a
1378 1106 1456 1146 Cn.
1477 1106 1684 1158 Pompeio
1705 1105 1979 1149 obsideretur
1996 1107 2040 1148 in
2058 1108 2219 1161 oppido

1332 1168 1532 1220 Mutinae,
1545 1169 1726 1210 salutem
1741 1181 1860 1210 suam
1877 1175 1923 1211 et
1937 1169 2119 1212 militum
2135 1171 2219 1225 ipsi

1332 1231 1541 1283 Pompeio
1557 1233 1848 1286 commiserat,
1861 1233 1960 1273 etin
1977 1233 2071 1286 ejus
2086 1233 2218 1276 fidem

1331 1306 1377 1334 se
1421 1295 1662 1347 dediderat,
1697 1297 1770 1350 qui
1815 1296 1972 1338 deinde
2018 1296 2215 1342 dimissus

1330 1369 1425 1401 cum
1469 1358 1523 1398 ad
1570 1359 1795 1401 castellum
1836 1358 2053 1411 quoddam
2089 1360 2218 1412 juxta

1330 1420 1496 1460 Padum
1517 1434 1563 1462 se
1592 1421 2000 1474 contulisset,jussu
2019 1423 2219 1476 Pompeii

1330 1495 1355 1522 a
1385 1483 1582 1526 Geminio
1615 1484 1893 1526 interficitur.
1948 1485 2035 1530 Hic
2054 1486 2217 1534 Brutus

1329 1546 1417 1598 ejus
1445 1547 1574 1588 Bruti
1602 1553 1729 1600 pater
1762 1547 1862 1600 fuit,
1893 1549 1965 1602 qui
2000 1549 2217 1605 Car-sarem

1329 1608 1553 1651 interfecit
1570 1611 1614 1651 in
1634 1612 1812 1652 Senatu.
1868 1611 1994 1653 Idem.

1386 1674 1459 1716 Cn.
1492 1674 1727 1726 Carbonem]
1754 1675 2013 1722 Plutarchus
2039 1675 2084 1716 in
2111 1677 2217 1718 Vita

1327 1736 1524 1790 Pompeii
1543 1739 1604 1781 sic
1625 1739 1782 1781 tradit:
1808 1739 1822 1760 ⁴
1841 1739 1978 1780 Simul
2006 1751 2057 1780 ac
2087 1740 2216 1783 Pom-

1326 1800 1450 1851 peius
1482 1801 1642 1842 Strabo
1677 1806 1868 1843 mortuus
1902 1806 1985 1853 est,
2013 1803 2215 1848 continuo

1325 1863 1562 1917 Pompeius
1601 1877 1680 1917 pro
1717 1870 1839 1916 patre
1878 1867 2215 1918 repetundarum
2291 1890 2296 1894 -

1326 1938 1380 1966 ex
1415 1927 1562 1979 praeda
1594 1926 1813 1968 Asculana
1846 1939 1943 1968 reus
1962 1927 2026 1979 fit,
2044 1935 2091 1970 et
2117 1941 2215 1970 cum

1326 1989 1685 2041 deprehendisset
1703 2003 1758 2031 ex
1775 1990 1944 2037 libertis
1973 2003 2100 2035 unum
2119 1993 2216 2050 plu-

1325 2053 1434 2094 rima
1453 2053 1535 2094 sibi
1555 2054 1794 2107 excepisse,
1812 2053 2109 2104 Alexandrum
2141 2068 2215 2096 no-

1323 2118 1453 2169 mine,
1477 2118 1698 2170 judicibus
1730 2118 1925 2166 tradidit.
1981 2119 2069 2163 Hic
2097 2119 2215 2162 dice-

1325 2179 1403 2220 bat
1434 2181 1544 2221 retia
1563 2182 1784 2224 venatoria
1814 2187 1862 2228 et
1891 2181 2060 2226 libellos
2087 2195 2214 2236 quos-

1325 2243 1421 2289 dam
1441 2243 1600 2285 habere
1620 2256 1673 2285 ex
1703 2242 1854 2287 Asculi
1873 2244 2038 2297 spoliis,
2055 2251 2100 2287 et
2118 2247 2213 2289 haec

1326 2307 1500 2359 quidem
1537 2320 1563 2348 a
1609 2312 1732 2360 patre
1780 2315 2011 2361 acceperat
2050 2306 2214 2352 Asculo

1326 2375 1470 2422 capto,
1489 2370 1564 2418 sed
1596 2371 1797 2412 amiserat
1829 2371 2001 2425 direpta
2032 2372 2158 2423 domo
2188 2387 2214 2414 a

1326 2435 1534 2475 militibus
1564 2435 1785 2488 Cinnanis,
1803 2447 1887 2488 quo
1919 2439 2114 2488 tempore
2145 2448 2216 2479 ur·-

1326 2497 1422 2538 bem
1469 2499 1727 2551 irruperant.
1799 2498 2016 2552 Patronus
2059 2499 2214 2544 habuit

1327 2573 1467 2601 causae
1503 2567 1594 2601 tum
1631 2562 1752 2613 alios,
1774 2567 1864 2602 tum
1892 2561 2026 2607 etiam·
2053 2563 2211 2609 Carbo-

1325 2635 1438 2673 nem,
1457 2628 1505 2662 ut
1521 2624 1590 2663 hic
1611 2629 1808 2675 apparet.
1864 2624 1954 2666 Sed
1967 2627 2214 2675 constantia

1323 2685 1458 2736 ipsius
1500 2685 1728 2736 plurimum
1760 2686 1894 2737 juvit,
1931 2699 2016 2740 qua
2049 2693 2214 2740 ptaetor

1325 2750 1555 2800 Antistius,
1583 2751 1656 2804 qui
1689 2751 1787 2799 huic
1809 2751 1974 2803 judicio
2007 2760 2212 2806 praeerat,

1324 2821 1466 2858 motus
1486 2815 1527 2855 in
1560 2815 1730 2867 primis,
1743 2814 1977 2862 Antistium
2010 2815 2141 2857 filiam
2169 2819 2211 2858 ei

1325 2878 1633 2930 desponsavit!
1689 2879 1785 2919 Hoc
1815 2879 2060 2931 exemplum
2080 2881 2208 2920 etiam

1326 2943 1366 2982 in
1411 2955 1505 2996 cap.
1542 2943 1597 2984 de
1642 2943 1960 2996 Ingratitudine
2005 2944 2206 2991 diximus.

1326 3006 1449 3046 Idem.
1507 3007 1701 3060 Contigit
1719 3006 1775 3047 A.
1795 3007 1850 3047 U.
1871 3018 2060 3053 ncnxxr.

1378 3070 1524 3120 Equite
1543 3070 1738 3122 Romano]
1769 3071 1825 3110 Et
1858 3070 1919 3110 ita
1949 3069 2069 3117 illum
2087 3082 2210 3111 reve-

1324 3131 1408 3170 reri
1428 3132 1580 3172 merito
1596 3133 1831 3172 debuisses.

1381 3194 1587 3239 Quiritatu
1604 3194 1688 3245 tuo]
1718 3194 1815 3234 Hoc
1828 3192 1949 3246 dicit,
1968 3194 2067 3247 quia
2083 3193 2205 3236 Groe-

1325 3267 1400 3295 cus
1419 3254 1578 3297 fuerat.

1382 3317 1643 3368 Perpernam]
1674 3318 1741 3357 De
1762 3317 1840 3359 hoc
1860 3317 2081 3370 Perperna
2100 3319 2207 3359 mul·

1326 3380 1381 3420 tis
1402 3382 1444 3420 in
1465 3383 1569 3422 locis
1589 3394 1716 3434 supra
1736 3380 1897 3420 dictum
1919 3388 2001 3431 est,
2020 3382 2095 3434 qui,
2110 3383 2208 3423 Ser-

1327 3444 1435 3484 torio
1455 3445 1724 3497 conjunctus,
1741 3451 1787 3485 et
1801 3445 1911 3484 illius
1929 3457 2084 3498 magna
2100 3445 2205 3485 invi-

1326 3507 1398 3547 dia
1441 3515 1691 3558 commotus,
1736 3508 2029 3560 conjuratione
2074 3505 2207 3558 facta,
