2288 3990
408 296 548 350 1010

401 432 495 472 “O-ra
514 433 560 471 τὸ
579 431 756 483 Σενάτον,
782 431 831 471 ὧς
849 429 962 479 οἶμαι,
982 426 1165 479 λέγουσιν
1187 424 1283 467 εἶναι

410 500 489 538 τῶν
507 496 747 537 Κοδικέλλων
764 494 1035 547 φυλακτήριον·
1064 494 1192 533 ἐκεῖσε
1205 493 1282 545 ’γὰρ

410 562 447 602 οἱ
464 561 654 613 πατρίκιοι
673 560 891 611 ἐλάμβανον
911 557 1049 598 αὐτοὺς
1081 555 1151 598 ἕως
1176 563 1281 596 Κων-

411 624 628 665 σταντίνου.
659 625 831 663 Colerus.

460 687 686 739 Ambiguoe]
746 687 866 726 Bene
911 685 1019 725 dixit
1059 684 1250 735 ambiguae
1270 698 1285 732 ;

408 751 505 803 quia
542 749 738 800 fortasse,
770 748 849 787 nisi
890 754 1162 800 cogerentur,
1198 759 1280 787 non

410 815 620 854 venirent.

460 879 482 929 ξ
510 880 535 916 7
569 875 754 930 Tribunis
788 875 909 927 plebis
937 875 1086 915 curiam
1112 874 1281 926 intrare]

408 939 534 982 Quod
553 945 702 990 postea
727 944 962 989 mutatum3
1001 950 1098 978 nam
1120 943 1282 990 tempo·

404 1004 521 1043 ribus
557 1002 775 1043 Ciceronis
805 1006 1006 1054 poterant
1026 1001 1186 1041 tribuni
1206 1013 1279 1041 cu-

406 1067 512 1106 riam
556 1066 730 1108 intrare.
785 1066 1061 1105 Tribunorum
1109 1064 1280 1104 demum

407 1130 566 1170 eumin
591 1130 761 1170 modum
791 1129 928 1170 crevit
957 1129 1204 1178 auctoritas,
1232 1133 1282 1168 ut

405 1193 602 1247 quicquid
621 1194 802 1233 Senatus
828 1192 1110 1242 decrevisset,
1130 1192 1188 1230 ita
1207 1190 1280 1230 de-

405 1269 518 1297 mum
567 1262 705 1296 ratum
749 1256 990 1306 haberetur,
1027 1254 1063 1294 si
1103 1253 1282 1293 Tribuni

407 1320 771 1372 approbavissent.
812 1319 995 1359 Stabant
1009 1330 1111 1370 ergo
1127 1317 1168 1356 in
1189 1330 1281 1357 ves-

406 1383 541 1423 tibulo
561 1384 708 1434 curiae,
741 1382 813 1422 nbi
828 1381 1066 1422 habebatur
1084 1381 1282 1430 Senatus,

402 1447 631 1499 (templum
678 1446 790 1486 enim
836 1445 1004 1498 ingredi
1049 1444 1283 1496 antiquitus

402 1522 488 1550 nou
508 1507 707 1562 licebat,)
736 1515 782 1550 et
801 1519 1067 1562 quaecunque
1098 1507 1282 1547 Senatus

403 1575 681 1624 decrevisset,
691 1573 887 1614 Tribunis
905 1571 1284 1613 animadvertenda

403 1637 746 1690 perferebantur‚
774 1642 822 1677 ut
850 1636 886 1676 si
919 1648 943 1675 e
974 1636 1085 1688 Rep.
1114 1633 1207 1675 fore
1225 1635 1283 1675 vi-

405 1701 628 1753 derentur,
667 1701 977 1753 approbarent,
1021 1704 1181 1740 caetera
1229 1699 1283 1738 ad

405 1765 638 1805 arbitrium·
655 1765 899 1817 rejicerent,
931 1769 1021 1804 tum
1042 1777 1134 1816 quae
1153 1764 1283 1803 Sena-

404 1835 475 1869 tus
491 1830 683 1870 consulta
701 1829 1029 1882 approbassent,
1048 1829 1101 1869 T.
1114 1829 1282 1869 literam

404 1895 448 1934 in
481 1899 603 1945 tergo
635 1893 910 1946 adjiciebant,
946 1893 1057 1932 haud
1088 1893 1170 1933 alio
1190 1893 1282 1946 qui-

405 1958 503 1996 dem
523 1962 650 2009 pacto
670 1962 764 1997 rata
777 1957 1018 2009 judicatum
1039 1957 1104 1998 iri.

457 2020 681 2072 Subselliis]
709 2021 762 2061 Id
780 2026 860 2068 est,
880 2021 1053 2061 sedibus
1074 2020 1281 2062 minorum

403 2085 743 2136 magistratuum.

458 2148 627 2189 Annalis
648 2148 795 2200 aureis]
838 2149 1011 2190 Incerta
1031 2150 1281 2190 annulorum

404 2213 536 2264 origo.
592 2215 664 2253 De
698 2213 748 2253 iis
779 2214 840 2253 ita
870 2214 1061 2254 Plinius:
1090 2214 1280 2266 ‘Major—

404 2288 489 2328 que
507 2277 607 2316 vitae
639 2278 748 2317 ratio
778 2270 895 2317 circa
925 2278 1004 2318 hoc
1026 2278 1282 2318 instrumen-

403 2344 496 2379 tum
521 2352 613 2380 esse
634 2341 776 2393 caepit,
795 2341 1006 2381 incertum
1027 2354 1051 2381 a
1069 2354 1152 2394 quo
1175 2346 1282 2382 tem·

402 2416 524 2456 pore.
579 2404 788 2444 Videmur
815 2410 958 2445 tamen
987 2418 1114 2457 posse
1140 2406 1184 2446 in
1206 2418 1281 2446 ex-

403 2468 536 2507 ternis
570 2468 869 2509 auctoritatem
904 2469 999 2521 ejus
1035 2469 1281 2521 intelligere

404 2531 519 2571 circa
562 2531 835 2581 Polycratem
877 2532 992 2572 Sami
1039 2539 1283 2585 tyrannum,

405 2594 475 2634 cui
511 2594 692 2634 dilectus
737 2595 810 2635 ille
853 2596 1029 2635 annulus
1070 2595 1113 2635 in
1159 2608 1280 2636 mare

406 2657 628 2709 abjectus?
660 2659 781 2699 Idem
803 2659 862 2699 ait
881 2660 1105 2701 nonnullos
1122 2658 1280 2701 fabulae

403 2721 683 2771 primordium
703 2734 728 2761 a
742 2734 848 2774 rupe
866 2722 1083 2763 Caucasea
1099 2735 1283 2776 sumere,

406 2784 656 2825 Promethei
711 2787 975 2827 vinculorum
1020 2788 1280 2841 interpreta-

406 2849 524 2888 tione
554 2848 707 2889 fatali:
737 2851 1006 2905 primumque
1031 2853 1125 2893 saxi
1156 2854 1281 2906 hujus

405 2911 692 2963 fragmentum
712 2914 918 2956 inclusum
932 2915 1065 2968 ferro,
1078 2930 1126 2958 ac
1144 2918 1281 2971 digito

406 2977 720 3018 circumdatum
754 2981 968 3032 annulum,
995 2987 1041 3021 et
1068 2983 1146 3023 hoc
1165 2995 1281 3035 gem-

405 3052 531 3081 mam.
587 3040 731 3094 Atque
758 3042 813 3082 ab
842 3044 964 3084 initio
991 3046 1179 3099 quidem,
1207 3047 1281 3087 tri·

407 3103 662 3154 limphantes
699 3110 881 3156 tantum,
914 3118 992 3147 nec
1029 3108 1071 3147 hi
1108 3110 1282 3162 quidem

406 3178 570 3218 omues,
605 3167 744 3206 aureis
785 3168 1055 3220 utebantur3
1092 3183 1191 3212 mox
1227 3173 1281 3213 ad

405 3236 648 3284 equestrem
660 3227 855 3272 'ordinem
872 3234 1080 3275 devenere
1095 3249 1107 3286 3
1124 3237 1281 3277 viliori-

406 3294 486 3334 bus
524 3301 693 3346 gestare
728 3307 814 3336 non
847 3297 1020 3338 licebat.
1074 3298 1279 3353 Adeoque

405 3359 625 3411 proprium
644 3359 726 3400 hoc
753 3360 967 3412 equitibus
988 3369 1281 3404 oruamentum

406 3428 514 3473 erat,
545 3428 595 3462 ut
614 3423 684 3475 qui
703 3436 729 3463 a
748 3412 954 3475 Principe
975 3425 1129 3464 annulo
1149 3437 1279 3466 aureo

406 3486 679 3534 donarentur,
723 3488 764 3527 in
803 3487 996 3528 ordinem
1037 3495 1278 3543 equestrem

406 3550 551 3591 allecti
568 3551 926 3603 intelligerentur.

986 305 1160 345 NOTAE
1204 305 1278 342 VA
1293 300 1534 343 RIORUM
1579 305 1644 343 IN

1397 427 1570 467 Annalis
1598 426 1748 478 aureis]
1796 426 1846 467 C.
1881 427 2046 469 Plinius
2065 430 2225 472 secun-

1345 491 1423 531 dus
1440 492 1686 531 annulorum
1705 491 1909 543 originem
1927 499 2028 545 post
2037 494 2225 546 Trojana

1346 561 1539 606 tempora
1583 554 1774 604 deducit,
1818 555 1918 608 quia
1951 558 2066 597 nulla
2109 558 2223 610 apud

1345 618 1580 657 Homerum
1603 619 1831 658 eorundem
1851 620 2027 660 mentio.
2084 621 2224 665 Fabu-

1343 681 1421 720 losi
1455 681 1595 734 Gygis
1623 682 1767 722 annuli
1798 683 1926 724 Plato
1958 684 2003 724 in
2030 685 2225 726 Ponticis

1343 745 1551 786 meminit.
1605 744 1690 785 Sed
1709 745 1843 785 Sacra
1865 745 2092 798 Scriptura
2115 746 2224 786 anti-

1343 809 1524 860 quitatis
1562 809 1696 848 omnis
1743 809 1944 861 princeps
1983 810 2224 850 Pharaonis

1343 872 1502 924 annuli,
1533 885 1659 926 quem
1691 873 1880 925 Josepho
1910 873 2109 926 tradidit,
2135 873 2224 914 Ge-

1342 948 1434 976 nes.
1451 949 1546 988 cap.
1566 940 1634 977 41.
1664 937 1872 977 meminit.
1904 943 1949 988 et
1981 936 2163 977 Thamar
2199 948 2224 976 a

1341 1001 1460 1043 Juda
1489 1001 1688 1041 annulum
1719 1000 1918 1053 poposcit
1950 999 2085 1040 veluti
2115 999 2227 1041 obsi-

1343 1064 1458 1115 dem,
1488 1066 1647 1106 Genes.
1683 1069 1750 1105 38.
1809 1066 1847 1106 E
1880 1065 2055 1106 Graecia
2079 1073 2225 1105 autem

1344 1129 1512 1168 demum
1532 1129 1584 1169 ad
1606 1130 1821 1169 Romanos
1837 1129 2051 1181 pervenit.
2068 1129 2225 1182 Neque

1343 1191 1547 1245 frequens
1582 1193 1720 1244 primo
1750 1193 1846 1245 ejus
1875 1205 1990 1233 usus.
2047 1192 2225 1233 'Nullam

1344 1256 1388 1295 iu
1407 1257 1624 1308 Capitolio
1653 1262 1856 1308 statuam,
1880 1261 2042 1308 praeter
2065 1257 2223 1298 Numae

1343 1325 1389 1360 et
1403 1319 1543 1359 Servii
1563 1321 1744 1371 Regum,
1762 1321 1928 1360 annulis
1947 1321 2225 1373 conspicuam

1344 1382 1493 1434 fuisse,
1513 1390 1663 1423 auctor
1685 1388 1750 1424 est
1769 1383 1948 1426 Plinius.
2003 1385 2225 1438 Frequen-

1343 1446 1429 1487 tior
1466 1459 1567 1487 usus
1605 1451 1706 1487 ante
1741 1447 1818 1488 Cn.
1863 1447 2056 1487 Flavium
2093 1445 2227 1488 Annii

1343 1510 1478 1550 filium
1513 1522 1597 1550 non
1630 1510 1971 1562 deprehenditur
1998 1509 2054 1550 A.
2085 1510 2142 1552 U.
2171 1511 2224 1552 C.

1344 1585 1614 1615 ccccxnvm.
1685 1575 1772 1616 Qui
1820 1586 1916 1615 cum
1958 1575 2002 1614 iu
2041 1573 2224 1614 AEdilem

1344 1638 1548 1678 Curulem
1585 1638 1640 1678 ad
1671 1637 1906 1678 Tribunum
1935 1637 2051 1690 pleb.
2078 1635 2224 1677 invitis

1344 1702 1550 1742 Patribus
1588 1706 1826 1750 crearetur,
1861 1700 2086 1741 universus
2116 1699 2224 1740 ordo

1343 1766 1594 1806 Senatorius
1610 1765 1785 1804 annulos
1796 1763 2013 1815 deposuit.
2067 1762 2224 1817 Neque

1344 1842 1513 1883 semper
1541 1829 1718 1870 annulos
1744 1839 1897 1868 aureos
1924 1826 2074 1868 habuit
2093 1827 2226 1867 Sena-

1346 1899 1428 1935 tus.
1476 1894 1645 1935 Ferreis
1663 1894 1775 1934 enim
1791 1898 1960 1934 tantum
1973 1890 2225 1942 utebantur,

1343 1959 1425 1998 nisi
1441 1958 1472 1998 ii
1494 1959 1566 2012 qui
1586 1959 1845 2010 legationem
1865 1956 2052 2007 obirent,
2070 1954 2224 2009 quibus

1343 2022 1464 2062 aurei
1482 2022 1654 2075 publice
1669 2021 1899 2063 dabantur.
1954 2018 2119 2060 Scribit
2134 2018 2226 2061 Pli-

1343 2086 1440 2126 nius
1458 2087 1616 2127 multos
1632 2091 1820 2138 praetura
1832 2083 2007 2125 functos
2022 2083 2065 2123 in
2079 2081 2225 2123 ferreo

1344 2150 1622 2190 consenuisse
1636 2150 1806 2189 annulo.
1851 2146 2020 2188 Aureus
2035 2152 2224 2199 postmo-

1344 2214 1445 2254 dum
1482 2214 1660 2254 annulus
1689 2211 1892 2265 Equestri
1921 2209 2075 2251 Ordiui
2095 2221 2224 2262 pecu·
2264 2224 2266 2226 ·

1342 2278 1478 2330 liaris,
1496 2277 1613 2330 plebi
1632 2283 1775 2318 stante
1787 2275 2032 2329 Republica
2049 2274 2226 2314 vetitus.

1341 2343 1528 2384 Sinistra
1555 2354 1682 2382 manu
1710 2346 1759 2381 ut
1784 2339 2013 2393 plurimum
2033 2341 2224 2390 gestatos

1343 2406 1460 2446 Pliu.
1498 2411 1625 2446 autor
1659 2409 1739 2445 est.
1794 2403 1944 2444 Medio
1974 2401 2126 2454 digito,
2150 2400 2224 2454 qui

1345 2467 1571 2520 κατάπνγος
1599 2469 1738 2509 dictus
1767 2465 2120 2517 Atheniensibus,
2137 2465 2223 2506 Ro·

1343 2534 1478 2575 manis
1512 2546 1595 2573 uon
1637 2532 1904 2585 gestabatur.
1972 2530 2046 2570 Ita
2078 2535 2224 2570 autem

1343 2598 1492 2652 digitis
1522 2597 1552 2638 ii
1581 2596 1805 2648 conspicui
1830 2594 1969 2644 fluere,
1996 2600 2046 2634 ut
2071 2598 2118 2633 et
2138 2593 2226 2632 siu-

1343 2663 1433 2715 guli
1452 2661 1624 2703 articuli
1639 2661 1691 2701 iis
1711 2672 1864 2712 graves
1881 2663 2040 2699 esseut.
2095 2656 2223 2698 Unde

1342 2718 1577 2766 Martialis:
1595 2725 1607 2748 ‘
1623 2723 1936 2773 Sardonychas,
1952 2720 2227 2772 Smaragdos,

1343 2789 1624 2838 Adamantes,
1651 2786 1847 2840 Iaspides
1877 2797 1964 2826 uno
1993 2785 2152 2825 Portae
2178 2783 2224 2823 in

1341 2853 1530 2894 articulo
1566 2845 1718 2900 Stella,
1746 2852 1920 2903 Severe,
1950 2847 2098 2890 meus?
2166 2849 2224 2889 Et

1342 2929 1396 2958 eo
1433 2917 1610 2957 vesania
1638 2913 1860 2968 profluxit,
1894 2919 1942 2954 ut
1978 2913 2151 2954 ae'stivos
2177 2917 2225 2953 et

1343 2981 1544 3036 levioreS,
1574 2993 1623 3021 ac
1654 2979 1871 3032 hyemales
1899 2984 1946 3018 et
1974 2976 2224 3030 ponderosi-

1342 3057 1439 3086 ores
1491 3044 1713 3084 haberent.
1787 3041 1912 3083 Unde
1955 3040 2178 3084 Juvenalis
2209 3053 2221 3079 :

1342 3111 1357 3130 ‘
1372 3109 1568 3149 Ventilat
1586 3107 1782 3148 oestivum
1807 3105 1952 3157 digitis
1970 3102 2223 3144 sudantibus

1342 3171 1520 3214 aurum?
1572 3171 1710 3212 Sicuti
1739 3175 1884 3211 autem
1912 3167 2063 3220 majori
2081 3165 2222 3208 ordini

1341 3236 1438 3275 haec
1458 3246 1663 3276 concessa
1681 3233 1766 3274 fuit
1792 3233 1996 3284 dignitas,
2022 3230 2087 3270 ita
2105 3234 2223 3282 post·

1343 3298 1515 3340 modum
1541 3297 1787 3351 promiscua
1812 3295 1910 3336 fuit.
1965 3293 2079 3334 Vide
2106 3293 2223 3333 Dac-

1344 3362 1624 3414 tyliothecam
1657 3358 1840 3411 Gorlaei,
1866 3363 1912 3399 et
1938 3358 2138 3398 Licetum
2165 3356 2224 3397 de

1343 3425 1543 3467 Annulis.

1397 3493 1419 3543 ξ
1448 3495 1473 3531 8
1502 3487 1816 3539 Immolatarum]
1873 3487 1987 3531 Quia
2030 3485 2113 3538 ipsi
2148 3485 2223 3539 qui

1342 3554 1639 3607 magistratum
1666 3552 1886 3606 gerebant,
1914 3549 2223 3599 immolabant3
