2288 3990
359 301 497 357 1016

357 441 524 476 turnum
561 433 750 486 ejusdem
787 442 880 470 esse
917 428 998 467 Dei
1034 436 1221 474 numen3

355 499 430 539 sed
458 509 605 538 munus
632 497 742 536 idem
774 494 903 533 etiam
937 490 1019 530 alia
1056 489 1220 528 ratione

355 562 447 602 Diti
468 573 630 601 sacrum
651 571 757 608 esse,
791 556 886 609 quia
904 554 1106 606 sanguine
1134 553 1221 605 gla-

356 625 565 664 diatorum
610 620 782 674 profuso
829 618 1108 671 placabantur
1145 615 1219 655 Dii

355 688 519 738 Manes,
537 698 617 739 qua
643 685 696 724 de
715 696 760 723 re
791 682 966 734 copiose
995 679 1219 720 Tertullia-

355 761 434 789 nus
466 750 538 789 lib.
556 748 608 787 de
634 745 898 798 Spectaculis
925 756 1022 796 cap.
1038 747 1104 783 10.
1148 741 1219 781 Ad

353 825 552 853 summam
581 811 710 863 igitur
736 810 814 849 hoc
840 807 924 847 dici
956 810 1114 859 potest,
1144 805 1217 844 Sa-

353 882 493 926 turno,
509 879 557 914 ut
589 871 878 925 antiquissimo
898 872 1102 918 Deorum,
1127 880 1210 907 mu·

350 953 427 980 nus
457 951 622 980 sacrum
642 938 771 978 fuisse
797 936 1019 989 principio,
1038 933 1130 973 Diti
1147 943 1218 971 au·

349 1010 450 1055 tem,
468 1011 671 1055 quatenus
697 1012 871 1042 munera
899 998 1073 1039 fuerunt
1102 998 1219 1036 Deo-

349 1081 440 1108 rum
476 1066 692 1115 Manium3
735 1063 869 1104 Marti
897 1067 1039 1103 autem
1067 1072 1217 1100 munus

350 1130 660 1183 gladiatorium,
678 1129 826 1168 Dianae
852 1126 1121 1167 venationem
1153 1129 1215 1164 at·

350 1195 483 1235 tribui
506 1199 687 1246 coeptam
707 1204 813 1242 esse,
837 1202 930 1232 cum
950 1189 1002 1229 ab
1022 1187 1214 1240 exequiis

349 1259 402 1298 ad
436 1259 613 1298 honores
647 1256 891 1304 viventium,
924 1254 1091 1294 scilicet
1129 1264 1216 1291 ma-

347 1322 564 1372 gistratus,
592 1319 798 1359 editiones
836 1317 1055 1357 translatae
1105 1320 1216 1356 sunt.

348 1384 575 1436 Legendus
595 1383 770 1422 Tertull.
789 1381 860 1421 lib.
879 1381 933 1421 de
952 1378 1216 1432 Spectaculis

345 1461 440 1499 cap.
456 1451 519 1487 10.
548 1447 764 1486 Mamilius.

399 1509 694 1560 Portentorum]
725 1509 793 1549 Ita
821 1508 947 1554 dixit,
981 1507 1078 1560 quia
1099 1519 1215 1547 mon-

346 1581 526 1614 strosum
561 1573 870 1626 quodammodo
890 1572 1070 1621 videtur,
1103 1572 1213 1623 quod

349 1638 451 1677 civis
471 1638 661 1689 insurgat
680 1643 827 1677 contra
848 1637 982 1677 civem
1005 1635 1095 1675 sine
1117 1648 1214 1676 cau-

346 1714 406 1752 sa,
426 1707 470 1741 et
490 1706 682 1753 tempore
711 1701 843 1752 pacis.

401 1767 423 1817 ξ
457 1769 481 1804 2
525 1766 575 1804 P.
609 1765 790 1816 Scipione
832 1762 997 1814 Nasica]
1052 1762 1215 1802 Plinius

346 1829 454 1868 libro
489 1840 654 1869 xxxw.
691 1840 784 1879 cap.
817 1831 879 1867 15.
932 1827 1074 1866 Florus
1109 1826 1214 1878 epit.

346 1905 510 1934 vam.
547 1893 807 1944 Augustinus
854 1891 908 1930 de
950 1890 1081 1931 Civit.
1129 1890 1216 1930 Dei

346 1958 418 1998 lib.
439 1969 472 1998 1.
491 1969 586 2010 cap.
602 1961 669 1998 31.
687 1956 969 1997 Tertullianus
994 1955 1047 1994 de
1066 1954 1214 2006 Spect.

346 2033 440 2072 cap.
454 2024 494 2060 6.
551 2021 661 2060 Nam
696 2031 810 2071 saepe
841 2029 1035 2059 censores
1070 2030 1215 2058 renas·

345 2085 489 2124 centia
508 2095 603 2124 cum
623 2084 803 2123 maxime
836 2082 1000 2122 theatra
1023 2081 1216 2122 destrue·

347 2147 464 2199 bant,
483 2147 667 2187 moribus
687 2147 971 2187 consulentes,
1003 2146 1128 2185 Coler.

399 2211 562 2262 Hastae]
593 2210 822 2259 Auctioni;
858 2209 1072 2261 figebatur
1104 2209 1214 2249 enim

342 2277 464 2315 hasta
482 2275 526 2314 in
545 2275 811 2315 auctionibus
824 2273 1020 2325 publicis.

398 2340 464 2391 §3
493 2338 660 2390 AEdiles]
702 2338 787 2381 Qui
832 2337 954 2378 ludos
985 2337 1116 2378 edere
1149 2349 1214 2378 so-

344 2403 502 2445 lebant.

398 2468 531 2507 Matri
549 2466 695 2518 Deum]
735 2466 886 2507 Pridie
916 2467 1064 2508 Nonas
1088 2465 1214 2519 Apri-

345 2531 404 2570 les
422 2536 546 2571 erant
563 2531 797 2583 Megalesia
815 2530 930 2571 festa
945 2542 1107 2582 magnae
1127 2543 1213 2570 ma-

346 2594 420 2634 tris
432 2595 575 2635 Idaeae.
612 2595 749 2634 Vetus
766 2593 1072 2634 Kalendarium
1090 2599 1215 2636 notat

346 2659 455 2698 hunc
475 2658 586 2698 diem
602 2658 721 2698 hisce
739 2658 1017 2708 literis,Lv1›.
1032 2658 1212 2700 MATms

343 2722 471 2763 MAG.
490 2721 593 2761 illud
613 2721 879 2762 Constantini
910 2723 1074 2775 Magni,
1093 2723 1214 2763 Lvm

344 2787 684 2838 MAGALEsmcI,
702 2791 745 2826 et
764 2793 988 2840 sequentes
1008 2799 1141 2840 usque
1161 2787 1214 2828 ad

344 2851 529 2891 natalem
549 2851 651 2891 Divi
670 2850 831 2892 Severi.
880 2851 972 2892 Liv.
989 2850 1061 2891 lib.
1078 2862 1213 2894 xxix.

343 2914 590 2953 ‘Pertulere
604 2915 742 2954 Deam
761 2913 895 2965 pridie
908 2914 1010 2955 Idus
1026 2913 1214 2967 Aprilis;

344 2978 461 3030 isque
495 2976 586 3016 dies
606 2975 741 3017 festus
771 2975 876 3016 fuit:
920 2979 1104 3029 populus
1131 2977 1217 3018 fre-

346 3053 477 3094 quens
503 3041 617 3080 dona
647 3042 757 3081 Deae
790 3041 831 3081 in
864 3041 1072 3082 Palatium
1099 3043 1216 3094 tulit,

341 3104 739 3157 lectisterniumque
772 3110 817 3145 et
845 3105 934 3145 ludi
959 3105 1092 3153 fuere,
1122 3108 1216 3148 Me-

344 3169 503 3221 galesia
548 3167 797 3220 appellata.'
867 3169 1015 3209 Ausim
1070 3171 1216 3212 dicere

346 3231 615 3272 scribendum
645 3244 722 3284 pro
750 3230 908 3282 ‘Idus,’
940 3233 1089 3273 Nonas.
1136 3235 1217 3275 His

345 3301 476 3341 sacris
508 3300 705 3340 lecticam
750 3297 895 3337 matris
936 3298 1067 3339 Idaeae
1102 3299 1216 3340 Galli

348 3363 587 3415 gestabant,
638 3367 682 3402 et
725 3366 825 3401 ante
867 3361 1063 3401 lecticam
1110 3365 1218 3403 mul-

344 3432 390 3466 ta
410 3426 610 3477 pretiosa.
665 3425 778 3466 Quin
807 3429 851 3464 et
875 3424 1046 3464 vicatim
1078 3426 1215 3478 Phry-

347 3489 404 3541 gii
441 3488 607 3540 generis
649 3488 713 3527 vir
744 3493 790 3527 et
823 3487 977 3527 mulier
1021 3499 1099 3539 per
1144 3501 1216 3530 eos

346 3552 437 3593 dies
465 3550 779 3604 mendicabant,
805 3550 957 3605 quibus
986 3552 1101 3593 Diva
1135 3565 1215 3607 per

931 308 1104 350 No'rAE
1148 302 1478 344 VARIORUM
1520 302 1585 340 IN

1283 421 1430 462 urbem
1486 418 1721 458 ferebatur.
1807 419 2043 472 Dionysius
2088 419 2162 461 lib.

1282 495 1333 524 11.
1387 483 1553 534 Ἵερᾶται
1589 479 1631 520 δὲ
1664 481 1781 529 αὐτῆς
1817 481 1912 534 ἀνὴρ
1947 481 2059 535 Φρὺξ,
2095 481 2163 522 καὶ

1281 547 1378 598 ’γυνὴ
1409 546 1568 598 Φρυγία·
1606 546 1671 585 καὶ
1708 545 1955 598 περιάγουσιν
1982 548 2055 588 ἀνὰ
2086 547 2163 595 τὴν

1280 610 1395 651 πόλιν
1443 607 1550 650 οὗτοι
1593 613 1973 663 μητραγυρτοῦντες,
2031 611 2162 663 ὥσπερ
2203 634 2206 635 ’

1281 685 1413 724 αὐτοῖς
1432 681 1530 734 ἔθος,
1566 681 1709 723 τύπους
1737 681 1784 723 τὲ
1810 683 2063 736 περικείμενοι
2079 685 2161 724 τοῖς

1281 747 1457 797 στήθεσι,
1477 748 1546 786 καὶ
1563 747 1867 797 καταυλούμενοι
1879 747 1974 800 πρὸς
1986 750 2065 788 τῶν
2075 748 2163 788 ἑπο-

1279 810 1402 863 μένων
1419 810 1471 851 τὰ
1487 812 1648 863 μητρῷα
1660 809 1776 862 μέλη,
1797 811 1861 851 καὶ
1877 809 2059 861 τύμπανα
2075 827 2162 865 κρο-

1279 875 1448 915 τοῦντες.
1478 874 1578 913 Non
1594 874 1720 914 audio
1741 874 1930 924 codices,
1947 875 1991 914 in
2009 875 2162 928 quibus

1279 939 1627 992 μηναγυρτοῦντες·
1662 950 1760 978 nam
1779 939 1976 990 erogatio
1996 939 2072 979 illa
2099 950 2164 979 se-

1279 1003 1364 1043 mel
1385 1013 1524 1042 annua
1557 1000 1657 1053 fuit,
1685 1014 1769 1042 non
1803 1008 2036 1046 menstrua.
2082 1006 2166 1051 Μη-

1278 1065 1519 1117 τραγυρτεῖν,
1537 1064 1674 1117 inquit
1703 1065 1955 1105 Eustathius
1982 1077 2091 1118 esse,
2115 1064 2164 1106 τὸ

1277 1129 1376 1180 μετὰ
1391 1126 1600 1179 τυμπάνων
1629 1125 1695 1167 καὶ
1711 1130 1827 1168 τινῶν
1845 1127 2033 1169 τοιούτων
2057 1142 2164 1181 περι·

1279 1191 1390 1243 ἴέναι,
1407 1189 1472 1231 καὶ
1507 1190 1570 1230 ἐπὶ
1600 1192 1652 1244 τῇ
1677 1190 1794 1243 μητρὶ
1821 1190 1988 1244 ἀγείρειν
2003 1189 2161 1244 τροφάς.

1281 1256 1392 1296 Inde
1413 1253 1709 1307 Μητραγύρται,
1743 1255 1817 1307 qui
1850 1255 2005 1306 stipem
2035 1266 2165 1306 coge·

1281 1319 1389 1360 bant
1409 1320 1547 1359 Matri
1566 1319 1755 1358 Deorum
1789 1330 1887 1358 cum
1913 1318 2090 1368 tabella,
2116 1325 2166 1358 ut

1280 1384 1342 1424 ait
1363 1383 1561 1424 Comicus
1580 1382 1622 1421 ἐν
1652 1380 1837 1432 Ἥνιόχῳ.
1891 1381 1974 1422 His
2001 1380 2167 1421 mendi-

1279 1448 1493 1498 cantibus,
1514 1447 1660 1487 dicere
1699 1447 1800 1488 olim
1832 1447 1983 1487 solitus
2018 1445 2165 1486 Antis*-

1280 1513 1453 1553 thenes:
1488 1510 1545 1550 Οὐ
1559 1507 1687 1562 τρέφω
1701 1511 1776 1558 τὴν
1791 1507 1940 1563 μητέρα
1956 1511 2038 1550 τῶν
2053 1511 2162 1560 θεῶν,

1278 1575 1327 1624 ἢν
1363 1576 1401 1616 οἱ
1432 1574 1507 1615 θεοὶ
1537 1573 1762 1628 τρέφουσιν,
1792 1578 1903 1615 teste
1935 1574 2166 1615 Clemente

1278 1639 1573 1680 Alexandrino
1593 1639 1636 1679 in
1657 1638 1951 1690 Protreptico.
1998 1638 2162 1679 Obser-

1280 1702 1462 1743 vandum
1510 1706 1670 1753 tamen,
1711 1701 1954 1754 hujusmodi
1990 1702 2158 1754 munus,

1280 1779 1496 1820 nunquam
1529 1770 1578 1806 ut
1608 1765 1715 1806 civis
1747 1765 1968 1805 Romanus
1988 1775 2165 1805 exerce-

1278 1837 1362 1882 ret,
1400 1831 1606 1871 Senatum
1660 1828 1919 1882 permisisse.
1993 1827 2166 1868 Auctor

1277 1895 1390 1934 idem
1423 1893 1684 1947 Dionysius:
1713 1891 1906 1942 Ῥωμαίων
1923 1890 1967 1932 δὲ
1995 1893 2075 1932 τῶν
2093 1891 2163 1932 αὖ·

1278 1959 1434 2007 Θιγενῶν
1451 1957 1543 1997 οὔτε
1568 1959 1847 2010 μητραγυρτῶν
1873 1970 1954 2007 τις,
1981 1955 2072 1998 οὔτε
2089 1967 2162 1996 κα·

1275 2021 1537 2072 ταυλούμενος
1565 2021 1764 2075 πορεύεται
1797 2020 1859 2061 διὰ
1891 2022 1965 2069 τῆς
1990 2020 2158 2072 πόλεως,

1277 2086 1459 2135 ποικίλην
1472 2086 1674 2127 ἐνδεδυκὼς
1687 2085 1852 2135 στολὴν,
1864 2084 1955 2124 οὔτε
1967 2081 2159 2137 ὀργιάζων

1275 2151 1348 2199 τὴν
1368 2151 1455 2191 θεὸν
1486 2153 1570 2191 τοῖς
1600 2148 1773 2203 Φρυγίοις
1800 2148 2036 2202 ὀργιασμοῖς,
2057 2147 2160 2188 κατὰ

1278 2215 1393 2266 νόμον
1409 2214 1434 2263 ἢ
1451 2213 1630 2271 ψήφισμα
1658 2214 1819 2261 βουλῆς.
1876 2213 2041 2252 Extera
2070 2211 2163 2251 haec

1279 2287 1325 2321 et
1357 2281 1503 2320 insana
1534 2290 1655 2319 sacra
1683 2277 1850 2330 respuit
1884 2276 2036 2317 urbica
2068 2287 2163 2327 gra·

1279 2345 1405 2385 vitas.
1435 2344 1624 2395 Neapolis
1642 2343 1693 2383 acl
1710 2342 1851 2382 Fastos
1869 2339 2025 2379 Ovidii.
2143 2364 2149 2369 -

1338 2409 1403 2460 §4
1437 2409 1485 2448 C.
1505 2406 1674 2457 Sulpitio
1709 2403 1868 2455 Petico]
1919 2402 2016 2443 Lib.
2045 2402 2163 2442 Dan·

1278 2470 1434 2511 Betico.
1477 2468 1685 2510 Consules
1708 2468 1757 2508 L.
1774 2465 2010 2507 Genutium
2042 2469 2088 2506 et
2106 2465 2162 2507 Q,

1277 2533 1522 2576 Servilium.
2063 2555 2066 2558 -

1335 2595 1570 2648 Compositis
1586 2592 1842 2644 carminibus]
1871 2590 1924 2631 Id
1944 2595 2024 2642 est,
2041 2591 2161 2643 hym-

1279 2660 1362 2712 nis,
1382 2660 1426 2700 iu
1456 2658 1610 2712 quibus
1637 2659 1827 2698 Deorum
1847 2655 1995 2696 laudes
2025 2656 2162 2696 conti·

1279 2725 1506 2765 nebantur.
1577 2722 1708 2762 Hunc
1750 2732 1911 2760 morem
1947 2719 2158 2771 Virgilius

1281 2788 1443 2841 tetigit,
1461 2785 1533 2827 nbi
1564 2786 1717 2825 dicits
1749 2784 1897 2824 ‘Dant
1927 2788 2067 2823 motus
2097 2782 2161 2823 in-

1279 2851 1551 2903 compositos,
1570 2854 1616 2890 et
1635 2847 1824 2889 carmina
1841 2845 2020 2888 dicunt?
2057 2845 2163 2887 oeiv.

1336 2914 1449 2960 Quod
1480 2913 1631 2965 primus
1666 2912 1870 2964 Romulus]
1909 2908 2036 2953 Quod
2070 2910 2163 2963 qui*

1281 2977 1380 3019 dem
1416 2977 1709 3030 spectaculum
1742 2982 1788 3016 et
1819 2974 1910 3015 ludi
1940 2980 2040 3016 sunt
2073 2974 2160 3027 pri-

1279 3055 1395 3082 mum
1415 3053 1440 3081 a
1457 3041 1638 3081 Romulo
1661 3039 1871 3080 Consualia
1889 3037 2022 3088 dicti;
2060 3046 2160 3078 nam

1279 3107 1503 3158 Romulus,
1523 3117 1618 3146 cum
1639 3104 1854 3158 equestris
1874 3103 2013 3155 imago
2041 3101 2163 3154 Nep·

1281 3169 1376 3209 tuni
1420 3169 1463 3209 in
1509 3166 1800 3208 fundamentis
1837 3165 1954 3206 urbis
1987 3170 2162 3217 reperta

1278 3232 1446 3284 fuisset,
1466 3232 1507 3272 ei
1537 3231 1658 3271 ludos
1682 3234 1842 3283 quanto
1868 3228 2011 3281 potuit
2029 3238 2162 3280 appa·

1281 3303 1378 3336 ratu
1397 3294 1643 3344 constituit,
1660 3297 1706 3333 et
1724 3291 1902 3344 populos
1919 3290 2080 3331 vicinos
2105 3291 2160 3331 ad

1280 3360 1354 3400 lios
1369 3359 1490 3399 ludos
1517 3354 1777 3409 spectandos
1806 3353 1979 3394 invitari
2010 3353 2160 3405 jussit·

1280 3423 1438 3464 Caeteri
1458 3421 1705 3474 frequentes
1734 3427 1994 3468 convenere,
2010 3415 2158 3457 Sabini

1279 3487 1409 3526 etiam
1436 3484 1594 3537 passim
1622 3486 1669 3521 et
1696 3490 1849 3520 uxores
1879 3490 1975 3519 cum
2006 3478 2157 3519 liberis

1278 3561 1424 3591 omnes
1451 3546 1670 3598 affluxere,
1695 3542 1858 3597 quippe
1889 3541 1962 3595 qui
1979 3541 2156 3596 propin-
