2288 3990
371 308 513 362 1088

372 440 559 493 quanda,
593 439 669 478 nisi
702 437 871 477 fortiter
898 442 1085 487 agerent.
1142 436 1245 479 Qui-

371 505 451 545 bus
472 503 646 543 animati
665 502 854 542 Thebani
883 502 1015 549 cives,
1044 500 1245 540 Lacedae·

370 569 532 608 rnonios
554 568 639 607 acri
661 577 801 617 pugna
820 568 1091 616 superarunt.
1113 565 1246 603 Fron-

371 632 486 670 tinus
507 631 579 670 lib.
597 642 628 669 r.
650 642 744 680 cap.
776 632 842 667 11.
875 631 887 650 ⁶
905 627 1247 680 Epaminondas,’

371 694 524 745 inquit,
561 693 679 731 ‘dux
707 691 1003 730 The—banorum
1040 689 1244 729 adversus

372 755 712 796 Lacedaemonios
749 754 1039 803 dimicaturus,
1078 759 1125 793 ut
1162 765 1245 792 non

370 819 506 858 solu-m
557 818 712 857 milites
755 816 914 856 viribus
961 816 1063 867 suis,
1099 827 1244 855 verum

369 881 502 921 etiam
529 878 752 933 affectibus
775 879 1046 931 juvarentur,
1065 891 1245 930 pronun-

370 944 496 983 tiavit
512 943 554 982 in
577 944 800 992 concione,
823 942 1080 982 destinatum
1114 942 1245 981 Lace·

366 1007 606 1057 daemoniis,
623 1007 659 1045 si
680 1006 861 1046 victoria
883 1006 1136 1055 potirentur,
1158 1016 1246 1043 om·

368 1081 445 1108 nes
465 1070 594 1108 virilis
610 1081 736 1108 sexus
766 1067 1024 1116 interficere,
1043 1065 1244 1106 uxoribus

371 1136 512 1171 autern
540 1139 589 1171 et
624 1132 770 1171 liberis
810 1132 849 1170 in
888 1131 1140 1170 servitutem
1173 1129 1245 1168 ad-

362 1196 530 1247 ductis,
566 1196 738 1235 Thebas
775 1195 960 1233 diruere.
1017 1194 1113 1234 Qua
1145 1204 1245 1231 con-

369 1262 492 1300 cione
510 1259 721 1299 concitati
743 1259 878 1310 primo
899 1257 1062 1308 impetu
1076 1255 1246 1294 Theba·

365 1323 430 1371 ni,
470 1321 819 1360 Lacedaemonios
857 1316 1245 1370 expugnaverunt.’

369 1385 440 1423 De
461 1383 540 1423 hoc
560 1384 651 1422 viro
671 1389 715 1422 et
736 1383 886 1423 Cicero
907 1383 949 1420 in
970 1381 1176 1432 Epistolis
1192 1380 1245 1420 ad

371 1448 419 1487 1..
436 1447 679 1486 Lucceium.
693 1447 811 1486 Dicit
823 1445 936 1484 enim
949 1458 958 1484 :
973 1446 986 1467 ‘
1001 1446 1137 1486 Quem
1150 1455 1245 1483 nos-

371 1515 483 1549 trum
516 1511 588 1549 ille
619 1509 805 1548 moriens
839 1508 951 1559 apud
979 1508 1247 1547 Mantineam

369 1573 685 1625 Epaminondas
706 1585 789 1612 non
806 1585 899 1612 cum
914 1572 1095 1624 quadam
1125 1571 1248 1610 mise-

365 1637 533 1676 ratione
547 1636 760 1676 delectat?
776 1637 846 1688 qui
864 1641 952 1674 tum
969 1634 1151 1686 denique
1166 1633 1246 1673 sibi

367 1700 582 1750 spiculum
622 1700 745 1739 avelli
773 1699 919 1751 jubet,
953 1703 1178 1749 postquam
1207 1696 1249 1735 ei

366 1763 641 1814 percontanti
660 1762 824 1802 dictum
851 1768 918 1801 est
945 1762 1142 1812 clypeum
1164 1760 1247 1799 sal-

370 1836 468 1863 vum
490 1837 597 1875 esse,
614 1832 661 1864 ut
681 1826 807 1864 etiam
830 1825 871 1863 in
893 1823 1080 1863 vulneris
1100 1823 1247 1862 dolore

370 1900 497 1939 aequo
525 1887 664 1927 animo
698 1900 794 1928 eum
826 1887 954 1927 lande
983 1885 1250 1927 moreretur?

375 1950 524 1990 Oliver.

424 2015 690 2065 Invictumque
707 2015 758 2054 ad
775 2014 818 2054 id
837 2018 1001 2064 tempus,
1023 2011 1110 2063 &ej
1138 2011 1248 2054 Quia

368 2079 454 2118 etsi
473 2079 594 2118 multi
615 2091 668 2118 ex
689 2076 1025 2118 Lacedaemoniis
1053 2075 1250 2127 oppressi

364 2148 471 2182 ¹sunt
508 2141 697 2193 publice,
730 2146 872 2180 tarne-n
901 2140 1086 2178 omnium
1115 2138 1246 2177 bello·

371 2217 462 2245 rum
482 2205 533 2243 ad
563 2205 605 2243 id
634 2210 802 2255 tempus
831 2202 1072 2254 superiores
1090 2201 1246 2241 extite-

372 2273 484 2308 rant.
514 2268 666 2306 Oliver.
690 2310 693 2313 ,

425 2331 591 2370 Leuctra
608 2334 647 2368 et
668 2326 934 2378 Mantineam]
967 2329 1152 2368 Leuctra
1172 2340 1246 2379 op·

369 2393 515 2445 pidum
551 2399 619 2432 est
653 2392 853 2440 Boeotiae,
884 2391 994 2430 haud
1027 2391 1246 2442 proculab

373 2457 595 2507 Helicone,
625 2460 735 2495 teste
769 2455 978 2495 Strabone
1006 2454 1080 2493 lib.
1109 2465 1173 2492 1x.
1203 2454 1245 2492 in

362 2520 659 2571 descriptione
695 2519 890 2558 Boeotiae.
951 2518 1069 2556 Dicit
1101 2517 1240 2556 enim:

368 2585 381 2606 ‘
398 2583 590 2623 Lebadia
609 2583 690 2622 sita
706 2589 771 2622 est
791 2583 906 2620 inter
926 2580 1178 2620 Heliconem
1201 2585 1246 2618 et

369 2648 633 2688 Cheroneam
654 2646 809 2697 medio,
830 2646 960 2697 juxta
993 2645 1245 2684 Coroneam.

369 2712 556 2750 Leuctra
575 2710 617 2749 in
638 2721 689 2749 eo
722 2714 860 2750 tractu
888 2713 1002 2758 sunt,
1031 2707 1101 2746 ubi
1135 2708 1245 2758 Epa-

366 2773 605 2823 minondas,
622 2771 974 2813 Lacedaemonios
991 2770 1156 2821 ingenti
1175 2782 1244 2809 su-

368 2847 522 2887 perans
547 2836 712 2887 praelio,
746 2846 890 2874 eorum
924 2833 1180 2873 calamitatis
1200 2838 1244 2872 et

368 2898 503 2938 cladis
537 2898 702 2937 initium
729 2897 908 2948 reperit.
964 2897 1031 2935 Ex
1059 2908 1110 2934 eo
1129 2896 1243 2934 enim

369 2967 566 3012 tempore
596 2961 777 3001 Graeciae
807 2960 1099 3012 >principatum
1128 2959 1244 2999 ultra

366 3037 628 3077 recuperare
663 3024 934 3076 nequierunt,
970 3034 1097 3075 quem
1126 3021 1242 3072 prius

367 3089 517 3142 adepti
549 3088 772 3139 tenebant,
808 3087 1045 3139 praesertim
1077 3090 1243 3137 postea-

365 3165 493 3206 quam
509 3151 696 3192 secundo
716 3151 830 3202 apud
858 3151 1124 3190 Mantineam
1145 3161 1243 3189 con·

368 3216 503 3268 gressi
559 3227 646 3255 rem
706 3212 934 3254 infeliciter
1001 3217 1242 3261 gesserunt.

367 3280 510 3318 Unum
530 3282 672 3317 tamen
691 3277 792 3327 illis,
810 3288 1050 3329 quanquam
1070 3275 1179 3314 hunc
1200 3275 1242 3313 in

367 3342 539 3381 modum
559 3338 746 3391 afflictis,
763 3339 1011 3391 permansit,
1039 3344 1086 3378 nt
1107 3338 1243 3377 nullo-

365 3417 460 3445 tum
504 3404 677 3444 aliorum
723 3403 874 3443 ditioni
930 3401 1094 3442 subacti
1140 3401 1242 3451 sint,

365 3478 502 3518 usque
535 3466 589 3506 ad
630 3466 911 3506 Romanorum
943 3464 1182 3516 imperium,
1219 3475 1245 3502 a

370 3529 523 3581 quibus
558 3529 618 3570 eis
651 3529 822 3570 habitus
859 3527 1066 3581 perdurat
1097 3527 1243 3578 honos,

942 320 1119 358 NOTAE
1163 317 1492 358 VARlORUM
1536 319 1598 357 ΙΝ

1311 451 1490 498 propter
1528 444 1721 495 regendae
1771 442 1958 484 civitatis
1997 441 2186 494 probita-

1311 515 1413 549 tem.
1480 510 1751 548 Monstratur
1770 519 1870 547 sane
1891 508 2008 546 locus
2029 506 2121 558 ipse
2142 505 2187 545 in

1310 573 1379 612 via
1393 585 1488 624 quae
1507 583 1559 611 ex
1576 572 1737 612 Plateis
1752 571 1871 611 dncit
1885 570 1936 610 ad
1953 568 2191 620 Thespias!

1310 636 1535 674 Mantinea
1551 647 1651 674 vero
1669 634 1748 674 fnit
1760 633 2019 681 inArcadia‚
2033 631 2186 672 eodem

1310 705 1435 744 teste,
1470 698 1561 748 sed,
1591 703 1636 736 nt
1669 698 1780 747 vult,
1811 706 1922 735 nune
1948 705 2031 734 non
2052 698 2190 734 extat.

1311 762 1422 801 Nam
1462 759 1793 812 Epaminondas,
1830 758 1985 809 inquit,
2026 756 2187 796 Manti-

1309 836 1449 874 neam,
1463 822 1675 874 superatis
1693 821 1880 860 secunda
1899 830 2042 870 pugna
2059 819 2190 858 Lace·

1301 887 1543 940 *daemoniiffi
1579 887 1788 924 illustrem
1815 882 2016 931 reddidit,
2042 882 2086 920 in
2105 892 2189 933 qua

1309 954 1354 989 et
1390 949 1485 1001 ipse
1525 948 1650 998 obiit,
1687 948 1776 987 baec
1819 950 1962 986 antem
1999 943 2187 985 evanuit.

1311 1012 1523 1052 Oliverius.

1365 1075 1534 1126 Clypeus
1552 1085 1642 1113 suus
1658 1073 1788 1112 salvus
1811 1070 1928 1122 esset]
1971 1068 2082 1112 Quia
2101 1073 2190 1108 tur·

1308 1136 1523 1188 pissimum
1545 1142 1637 1175 erat
1655 1136 1851 1186 clypeum
1881 1132 2082 1185 abjicere.

1363 1200 1510 1238 Melius
1527 1203 1564 1238 et
1584 1197 1754 1248 auctius]
1797 1197 1911 1239 Quia
1929 1196 2042 1235 fania
2061 1194 2193 1234 virtu-

1310 1262 1365 1300 tis
1385 1274 1489 1301 meae
1511 1262 1624 1313 apud
1647 1266 1840 1312 posteros
1861 1265 2023 1298 aeterna
2047 1269 2192 1297 mane-

1308 1323 1387 1365 bit.
1463 1325 1543 1364 Sed
1583 1325 1722 1364 melius
1753 1328 1790 1365 et
1829 1323 1980 1362 auctius
2008 1321 2189 1373 initium]

1308 1387 1466 1438 Vulgo,
1484 1387 1615 1426 altius.
1670 1387 1722 1425 In
1741 1385 1902 1441 Canch.
1921 1383 2016 1424 cod.
2037 1385 2191 1423 auctius

1308 1449 1479 1490 initium.
1508 1451 1623 1490 Sane
1640 1450 1875 1501 eleganter.
1900 1447 2035 1488 Addit
2054 1446 2190 1486 enim:

1310 1513 1356 1552 N
1357 1526 1428 1552 unc
1444 1518 1570 1553 vester
1588 1513 1881 1564 Epaminondas
1895 1512 2089 1561 nascitur,
2098 1510 2193 1561 quia

1308 1577 1366 1616 sic
1383 1577 1563 1616 moritur.
1611 1577 1792 1616 Constat
1807 1579 1948 1614 autem
1969 1572 2193 1613 nascentia

1309 1638 1474 1689 augeri.
1506 1638 1686 1687 Pighius.

1364 1703 1386 1752 ξ
1416 1705 1442 1741 6
1469 1700 1531 1740 Ac
1550 1714 1620 1741 nec
1643 1699 1903 1750 Theramenis,
1918 1698 2009 1751 ssa]
2031 1697 2193 1738 Subac-

1311 1765 1365 1805 tis
1399 1764 1746 1814 Atheniensibus,
1769 1770 1816 1804 ut
1847 1764 2029 1803 diximus
2056 1754 2192 1801 inca-

1310 1828 1402 1880 pite
1422 1827 1476 1867 de
1505 1828 1704 1879 Somniis,
1736 1825 1960 1878 Lysander
1990 1824 2193 1865 Lacedae-

1308 1891 1547 1931 moniorum
1600 1892 1687 1931 dux
1749 1890 1929 1942 triginta
1979 1893 2193 1940 praetores

1308 1954 1530 2006 imposuit,
1569 1954 1642 2006 qui
1673 1954 1800 2006 paulo
1833 1958 1931 2005 post
1959 1950 2065 1990 facti
2093 1955 2193 1990 sunt

1309 2017 1484 2065 triginta
1506 2017 1689 2069 tyranni.
1747 2016 1857 2055 Nam
1873 2015 2039 2054 illorum
2056 2024 2193 2064 opera

1308 2079 1480 2118 sublato
1513 2079 1567 2118 de
1601 2078 1740 2118 medio
1785 2075 2030 2127 Alcibiade,
2067 2075 2190 2127 cujus

1308 2149 1428 2181 metu
1471 2141 1831 2193 reprimebantur,
1866 2140 2018 2180 saevire
2050 2151 2190 2190 coepe-

1310 2212 1419 2250 runt,
1443 2206 1486 2244 in
1522 2205 1691 2256 plebem
1721 2203 2043 2253 Atheniensem,
2071 2207 2118 2241 et
2144 2201 2188 2240 in

1310 2269 1514 2320 populum
1537 2268 1781 2307 universnm
1811 2266 2026 2306 crudelem
2048 2270 2191 2317 tyran-

1307 2331 1451 2370 nidem
1472 2342 1692 2371 exercere.
1749 2329 1859 2369 Nam
1889 2328 2000 2368 tanti
2022 2328 2189 2378 ultoris,

1309 2394 1510 2433 videlicet
1539 2391 1795 2440 Alcibiadis,
1838 2396 1958 2431 metu
2003 2390 2191 2441 liberati,

1309 2457 1486 2496 miseras
1522 2457 1639 2497 urbis
1689 2456 1889 2508 reliquias
1921 2454 2189 2495 caedibusuet

1308 2521 1471 2571 rapinis
1489 2520 1723 2559 crudeliter
1739 2520 2052 2558 exhauserunt:
2077 2517 2190 2570 quod

1307 2595 1403 2622 curn
1423 2582 1675 2622 Therameni
1699 2582 1974 2621 vehementer
1989 2580 2189 2631 displice-

1308 2653 1392 2697 ret,
1420 2659 1651 2699 eornmque
1681 2645 1930 2686 libidinibus
1953 2643 2187 2695 saepissime

1306 2709 1514 2759 obstaret,
1534 2709 1692 2761 injecto
1712 2707 1819 2747 falso
1839 2707 2017 2747 crimine
2035 2707 2076 2745 in
2097 2717 2191 2746 car·

1306 2783 1449 2812 cerem
1469 2772 1765 2823 conjecerunt,
1785 2772 1909 2823 eique
1930 2774 2187 2809 venenatum

1307 2836 1508 2886 poculum
1534 2835 1660 2886 paulo
1681 2840 1790 2887 ‘post
1809 2833 2089 2873 hauriendum
2110 2832 2186 2872 rni-

1306 2904 1468 2949 serunt,
1520 2897 1632 2950 quod
1678 2910 1775 2937 cum
1821 2895 1922 2936 forti
1961 2896 2100 2935 animo
2139 2901 2186 2935 et

1306 2960 1602 3000 indubitanter
1645 2959 1876 3008 hausisset,
1921 2957 2035 3010 quod
2074 2957 2187 2997 intra

1306 3023 1506 3074 poculum
1524 3027 1782 3062 venenatum
1801 3021 1971 3061 missum
1993 3020 2036 3059 in
2055 3018 2186 3060 fundo

1306 3090 1584 3135 remanserat,
1607 3089 1708 3124 tunc
1742 3089 1871 3124 terrae
1901 3082 2099 3132 incussit,
2124 3081 2186 3120 di-

1305 3160 1423 3198 cenS,
1446 3149 1540 3187 Hoc
1561 3147 1711 3187 Critiae
1732 3147 1930 3198 propino.
1985 3145 2090 3185 Erat
2109 3155 2181 3183 au-

1306 3215 1391 3250 tem
1413 3222 1518 3249 unus
1537 3222 1593 3250 ex
1613 3209 1805 3261 triginta.
1861 3207 1923 3247 Hi
1951 3217 2052 3246 vero
2086 3203 2183 3246 fue-

1305 3279 1406 3312 runt
1434 3286 1459 3312 a
1492 3273 1743 3312 Thrasibulo
1773 3270 1921 3323 ejecti,
1949 3275 1996 3310 et
2026 3269 2183 3311 Critias

1306 3338 1608 3387 interemptus.
1641 3335 1749 3374 otiu.

1360 3400 1520 3438 Clarum
1540 3400 1652 3438 edere
1678 3396 1833 3447 sonum]
1870 3395 2016 3437 Graeei
2044 3408 2184 3436 κοττα-

1304 3460 1430 3512 βίζειν
1451 3461 1616 3511 dieunt,
1636 3472 1814 3513 quornm
1831 3465 1877 3500 et
1892 3460 1960 3499 hic
1979 3472 2068 3499 mos
2088 3470 2193 3510 pro-¹

1305 3524 1438 3578 prius,
1459 3524 1515 3564 de
1534 3535 1619 3576 quo
1647 3522 1919 3564 doctissimus
1950 3521 2119 3574 Lipsius
2137 3521 2182 3560 in
