2346 3996
550 285 811 328 VALERII
856 282 1096 321 ΜΑΧΙΜΙ
1140 283 1258 322 LIB.
1301 283 1434 321 VIII.
1476 270 1720 322 cAP.l5.

216 410 347 453 litatis
363 409 554 450 consulem
564 406 686 456 fecit.
745 402 969 455 andfieri
988 414 1100 453 opor-

217 481 301 516 tere
317 473 512 516 exercitus
528 473 706 510 senatum
732 467 861 507 literis
887 466 1101 505 admonuit.

218 540 287 579 Ita
317 535 480 586 nescias,
498 537 629 574 atrum
656 533 717 572 illi
744 532 836 583 plus
853 529 1004 570 decoris
1030 541 1102 580 pa-

216 607 323 642 trum
339 598 644 649 conscriptorum
671 595 903 644 auctoritas,
927 606 978 633 an
996 593 1102 632 mili·

215 670 301 705 tum
344 663 543 703 consilium
589 662 790 714 acIJ‘ecerit.
848 660 956 710 Toga
998 658 1102 698 enim

217 729 440 780 Scipionem
468 728 602 766 ducem
629 728 817 765 adversus
838 725 976 764 Poenos
993 734 1101 763 crea-

217 794 290 845 vit,
305 806 416 833 arma
430 795 698 845 poposcerunt.
755 789 1000 838 Eandemque
1015 799 1102 826 cum

218 856 442 910 qua-storiis
474 854 660 905 comitiis,
691 855 757 904 ἔμ’.
814 852 923 891 Haec
961 851 1103 889 omnia

221 933 322 961 vere
341 920 396 960 de
414 918 641 959 AEmiliano
671 917 772 967 dici,
790 916 857 955 vel
885 915 1041 954 leviter
1059 914 1102 953 in

221 983 401 1024 historia
446 987 618 1022 versato
679 977 958 1020 manifestum
1019 983 1102 1017 est.

222 1050 411 1100 Pighius.

275 1111 551 1166 Saffiugator]
598 1109 700 1150 Non
739 1106 991 1148 candidatus
1030 1105 1104 1145 de-

221 1176 466 1226 scenderat,
499 1179 550 1215 ut
579 1173 882 1224 magistratum
915 1175 1102 1222 peteret,

221 1241 298 1282 sed
329 1246 377 1281 ut
409 1238 559 1291 nepoti
589 1236 910 1288 suffragaretur,
943 1235 1026 1286 vel,
1057 1239 1105 1274 ut

220 1305 294 1345 alii
313 1303 481 1355 dicunt,
501 1301 643 1352 fratri,
666 1306 713 1340 ut
728 1299 876 1339 favore
895 1304 941 1338 et
959 1305 1106 1338 aucto·

221 1369 352 1408 ritate
371 1379 446 1408 sua
465 1368 523 1409 Q.
543 1365 702 1406 Fabius
718 1368 980 1418 quaesturam
997 1374 1107 1402 asse-

221 1438 440 1485 queretur.
479 1430 586 1470 Oliv.

280 1497 332 1542 Q.
354 1494 491 1545 Fabii]
520 1494 687 1546 Saepius
706 1492 869 1532 dictum
891 1496 959 1531 est
977 1490 1106 1530 Paul-

223 1562 311 1600 lum
330 1559 546 1599 AEmilium
564 1571 618 1598 ex
635 1564 819 1610 quatuor
833 1555 981 1595 liberis
1001 1554 1107 1594 duos

224 1622 390 1663 duabus
431 1621 604 1662 familiis
642 1621 689 1660 in.
721 1620 997 1672 adoptionem
1034 1618 1108 1658 de·

223 1687 357 1738 disse,
387 1688 571 1727 alterum
593 1685 712 1738 genti
733 1685 897 1735 Fabiae,
928 1684 1002 1736 qui
1032 1684 1108 1723 Fa-

222 1752 319 1792 bius
356 1751 574 1791 Maximus
620 1750 762 1790 dictus
799 1755 883 1800 est,
922 1750 1107 1789 alterum

223 1815 487 1867 Scipionum,
509 1815 581 1866 qui
599 1812 828 1853 Africanus
849 1812 1025 1852 inferior
1040 1817 1108 1852 est

223 1878 482 1930 appellatus.
524 1878 673 1919 Oliver.
730 1878 783 1923 Q.
819 1877 953 1927 Fabii,
973 1877 1109 1917 Marci

212 1941 384 1994 fratris]
422 1941 492 1982 Ita
517 1942 673 1993 vulgo:
715 1942 767 1988 Q.
804 1940 902 1981 Fab.
931 1941 1109 1980 Maximi

212 2004 377 2054 fratris,
398 2009 535 2046 recte.
592 2005 705 2044 Nam
720 2003 855 2044 frater
876 2005 928 2050 Q.
950 2004 1109 2045 dicitur

222 2068 267 2108 in
289 2069 435 2108 Laelio.
485 2069 630 2109 Livius
649 2069 760 2110 libro
779 2080 838 2110 ιι.
888 2069 977 2109 Hic
997 2069 1107 2110 libro

224 2143 267 2172 v.
282 2144 378 2184 cap.
396 2135 437 2172 3.
470 2133 637 2173 Cor-rad.

281 2194 424 2234 Eidem
458 2199 617 2235 senatus
648 2194 708 2234 bis
743 2195 829 2235 sine
854 2200 961 2235 sorte
995 2196 1110 2247 prius

224 2257 425 2310 Africam,
454 2260 594 2298 deinde
616 2259 853 2309 Hispaniam
871 2259 1000 2310 dedit]
1038 2259 1108 2299 Ita

225 2323 370 2375 vulgo.
415 2323 613 2375 Abrupta
643 2323 824 2374 locutio,
848 2329 978 2376 atque
998 2325 1108 2363 male

225 2398 395 2427 secura.
439 2387 596 2428 Posset
614 2387 729 2427 enim
754 2387 940 2440 intelligi
968 2387 1032 2427 bis
1051 2387 1110 2427 A·

224 2449 393 2503 fricam,
423 2458 470 2492 et
501 2450 564 2491 bis
595 2450 851 2503 Hispaniam
879 2450 972 2491 sine
996 2457 1112 2491 sorte

225 2515 374 2556 datam
389 2514 542 2556 fuisse.
590 2517 733 2557 Multo
752 2516 885 2567 igitur
904 2517 1112 2569 apertius,

227 2586 360 2632 atque
393 2580 526 2620 etiam
563 2580 803 2632 elegantius
840 2580 886 2620 in
924 2586 1034 2621 vett.
1060 2581 1109 2621 li-

225 2643 339 2685 bris:
370 2644 515 2684 Eidem
532 2649 692 2685 senatus
720 2644 876 2685 bissine
901 2649 1007 2686 sorte
1020 2659 1111 2698 pro·

223 2707 412 2762 vindam,
440 2709 553 2761 prius
570 2709 771 2762 Africam,
799 2709 939 2750 deinde
961 2711 1110 2763 Hispa-

223 2774 334 2814 nim
361 2773 486 2815 dedit.
525 2774 720 2826 Pighius.
763 2775 956 2828 Contigit
981 2774 1038 2815 Α.
1054 2776 1110 2818 U.

220 2849 387 2880 ποια.
409 2843 456 2880 et
472 2851 666 2881 ncxxlv.

278 2901 376 2944 Sine
408 2903 534 2956 sorte]
577 2905 716 2945 Extra
751 2904 962 2958 ordinem,
992 2905 1112 2946 nulla

228 2965 423 3019 collegae,
441 2979 541 3008 cum
572 2980 658 3021 quo
691 2969 936 3021 sortiretur,
963 2969 1112 3010 habita

223 3029 407 3070 ratione.
438 3031 548 3072 otio.
604 3031 701 3072 Sine
717 3032 841 3083 sorte]
870 3033 983 3073 Nam
1010 3045 1110 3073 con-

223 3094 341 3135 sules
374 3094 566 3146 legitime
596 3094 839 3148 provincias
872 3095 1109 3136 sortieban-

223 3162 312 3209 tur,
340 3158 501 3210 privati
531 3165 678 3199 antem
709 3164 837 3199 extra
864 3164 1033 3200 sortem
1055 3172 1111 3200 ex

223 3220 407 3272 speci-ii
435 3222 661 3275 privilegio
689 3226 764 3263 aut
791 3223 906 3264 dono
934 3223 1109 3264 easdem

226 3281 499 3325 abnuebant.
526 3285 695 3327 Badius.
927 3299 929 3301 ·

281 3345 485 3400 meam]
530 3349 839 3391 Cum delevit
884 3351 1110 3405 Cartbagi-

223 3420 344 3450 nem.

253 3473 546 3545 'Hispaniam
587 3476 696 3518 Cum
724 3478 900 3520 sustulit
918 3479 1110 3521 Numan-

230 3542 352 3580 tiam.

1905 270 2045 324 1321

1223 402 1506 454 Clandestinz's]
1552 402 1766 442 Occultis.
1830 402 2048 441 Clandestz'-

1165 464 1246 515 nis]
1276 466 1391 507 Quia
1419 466 1462 505 in
1495 466 1694 506 cubiculo
1726 477 1801 505 suo
1831 470 1965 505 noctu
1986 468 2047 504 in-

1167 533 1409 579 teremptus
1433 535 1513 569 est.

1221 594 1286 644 §5
1326 594 1522 643 Marcum,
1557 595 1647 647 &cst
1694 594 1867 647 Contig.
1900 594 1955 636 A.
1992 595 2048 634 U.

1167 667 1338 697 cccciv.
1357 663 1401 697 et
1417 669 1572 699 ccccv.

1226 721 1396 760 Vetusta»
1423 722 1609 772 originis]
1638 721 1910 762 Valeriorum
1931 720 2053 762 fami-

1166 785 1223 824 lia
1252 791 1427 825 vetusta
1457 785 1539 825 fuit
1569 787 1610 826 in
1645 786 1751 825 urbe
1777 786 1927 837 Roma,
1953 799 2050 839 quae

1167 849 1322 889 abhoc
1341 849 1515 889 Valerio
1545 849 1721 890 Corvini
1747 846 1902 890 nomen
1929 862 2054 890 acce-

1168 914 1249 964 pit.
1282 912 1389 952 Otiv.

1224 976 1333 1016 Gens
1388 977 1558 1017 Corvina
1610 979 1793 1029 amplexa
1843 992 2052 1030 cognomen

1167 1040 1348 1092 usurpat]
1392 1041 1459 1080 Ita
1495 1042 1636 1092 vulgo.
1695 1041 1855 1093 Inepte
1892 1054 1943 1082 ac
1976 1044 2053 1083 im-

1168 1104 1341 1156 proprie
1377 1104 1556 1150 dictum,
1589 1117 1685 1154 gens
1728 1105 1916 1156 Corvino,
1954 1117 2053 1146 cum

1165 1179 1264 1217 gens
1292 1167 1451 1207 Valeria
1470 1168 1558 1208 dici
1580 1167 1751 1208 debeat.
1793 1168 1932 1208 Valde
1951 1169 2056 1208 mihi

1168 1236 1396 1284 suspectus
1416 1237 1484 1273 est
1501 1233 1638 1284 locus,
1657 1244 1784 1285 quem
1812 1245 1916 1273 sane
1937 1245 2055 1273 more

1169 1308 1245 1335 suo
1278 1295 1400 1336 scioli
1433 1297 1798 1338 contaminarunt.
1843 1297 1898 1337 In
1926 1297 2057 1338 Atre·

1169 1359 1260 1400 bat.
1294 1365 1426 1412 atque
1458 1359 1691 1412 Campensi
1727 1361 1911 1413 legitur:
1956 1374 2056 1412 gens

1174 1424 1360 1464 Corvinia
1372 1424 1552 1477 amplexa
1566 1437 1787 1476 cognomen.
1830 1426 2058 1478 Corrigen-

1171 1487 1274 1527 dum
1294 1493 1416 1539 puto,
1441 1501 1541 1540 gens
1566 1490 1732 1529 Corvini
1756 1491 1937 1542 amplexa
1965 1504 2055 1542 cog·-

1169 1565 1321 1594 nomen.
1379 1554 1437 1594 Et
1486 1553 1827 1607 subintelligitur
1878 1557 2030 1596 Valeria
2040 1570 2056 1604 ,-

1171 1629 1269 1670 quae
1307 1616 1507 1670 profecto
1553 1621 1804 1660 consulatus
1842 1621 2057 1674 principio

1172 1681 1382 1732 gloriatur
1410 1688 1592 1735 propter
1620 1684 1905 1736 Poplicolam,
1924 1691 2056 1739 atque

1170 1747 1300 1788 etiam
1341 1749 1571 1789 celeritate
1610 1755 1789 1801 propter
1838 1751 1950 1792 hunc
1988 1753 2053 1794 M.

1171 1813 1407 1855 Valerium.
1455 1815 1508 1854 In
1538 1815 1769 1869 Campensi
1804 1819 1956 1860 codice
1982 1821 2057 1861 iis-

1171 1877 1268 1917 dem
1323 1878 1464 1918 verbis
1514 1886 1854 1934 supernotatum,
1905 1889 2058 1925 nostra.

1172 1943 1280 1984 Quae
1299 1941 1435 1982 dictio
1455 1943 1490 1983 si
1510 1942 1735 1992 inseratur,
1756 1946 1894 1987 minus
1914 1948 2058 1989 hiulca

1172 2013 1304 2059 atque
1325 2007 1506 2049 obscura
1537 2009 1621 2049 erit
1651 2010 1816 2061 orati03
1845 2017 1972 2067 atque
1995 2014 2058 2054 in-

1172 2084 1305 2123 super
1329 2072 1645 2114 demonstrabit
1679 2081 1899 2117 auctorem
1926 2078 2056 2119 Vale-

1171 2135 1280 2175 rium
1301 2148 1326 2175 a
1345 2136 1550 2177 Messalla
1565 2138 1752 2179 Corvino
1769 2140 1957 2182 Oratore
1978 2142 2060 2182 ori-

1173 2199 1317 2251 ginem
1338 2200 1512 2241 ducere.
1543 2202 1728 2253 Pighius.

1229 2264 1357 2309 Quam
1376 2265 1594 2318 principio]
1621 2266 1735 2309 Quia
1759 2268 1919 2320 primus
1948 2282 1972 2310 e
1991 2268 2056 2311 fa-

1172 2325 1292 2365 milia
1311 2339 1387 2366 sua
1407 2328 1559 2367 consul
1578 2328 1722 2370 factus
1747 2329 1894 2373 fuerit.

1228 2391 1250 2442 ξ
1267 2393 1294 2429 6
1323 2390 1528 2444 Seaevoloe]
1559 2393 1646 2434 Hic
1666 2399 1734 2435 est
1751 2395 1826 2436 ille
1844 2396 2057 2449 Scaevola,

1134 2483 1148 2491 .
1175 2466 1300 2507 quem
1320 2455 1463 2495 Carbo
1483 2457 1527 2496 in
1549 2469 1600 2497 ea
1627 2458 1854 2510 provincia
1873 2459 2059 2513 diligen-

1173 2517 1334 2558 tissime
1366 2519 1689 2573 observaverat,
1707 2529 2000 2577 accusaturus,
2022 2526 2060 2566 si

1171 2581 1276 2634 quid
1311 2589 1553 2636 peccasset,
1588 2586 1828 2628 ulciscendi
1863 2590 2057 2640 parentis

1174 2646 1331 2698 gratia,
1353 2648 1425 2700 qui
1446 2647 1499 2688 ab
1518 2649 1600 2689 hoc
1616 2649 1812 2691 Scaevola
1825 2650 1967 2693 fuerat
1985 2653 2061 2692 ali-

1173 2710 1343 2763 quando
1389 2711 1643 2754 damnatus:
1698 2715 1774 2755 sed
1812 2721 1935 2757 tanta
1971 2715 2057 2758 fuit

1170 2774 1380 2816 Scaevolae
1417 2776 1663 2830 integritas,
1701 2785 1752 2820 ut
1791 2780 1954 2821 nullum
1992 2781 2057 2821 illi

1172 2838 1429 2880 criminandi
1472 2841 1614 2882 locum
1655 2843 1898 2897 reliquerit.
1949 2846 2054 2886 Oliv.

1172 2900 1366 2955 Contigit
1385 2902 1439 2944 A.
1459 2904 1514 2946 U.
1532 2915 1707 2946 cccciv.
1729 2912 1775 2947 et
1794 2918 1947 2948 ccccv.

1227 2967 1250 3018 ᾧ
1270 2969 1295 3006 7
1326 2967 1421 3007 Duo
1438 2969 1668 3020 amplissimi
1687 2970 1896 3024 triumphi]
1927 2971 2056 3013 Alter

1173 3029 1228 3070 de
1243 3030 1461 3084 Jugnrtha
1480 3045 1585 3085 rege
1611 3034 1845 3083 Numidiae,
1874 3036 1984 3076 alter
2000 3036 2054 3077 de

1172 3094 1376 3150 Cimbris,
1411 3097 1667 3152 Senonibus,
1715 3106 1762 3140 et
1807 3100 2056 3141 Teuthonis.

1170 3160 1324 3202 Oliver.

1223 3223 1292 3265 Aa
1301 3225 1459 3278 rogum]
1488 3226 1540 3266 Id
1557 3232 1642 3277 est,
1655 3227 1707 3267 ad
1722 3232 1900 3267 mortem
1916 3240 2051 3281 usque

1171 3288 1329 3339 gaudio
1366 3290 1594 3340 exultavit,
1627 3294 1915 3342 praeterquam
1952 3302 2051 3330 cum

1170 3351 1216 3392 in
1237 3353 1464 3404 paludibus
1484 3353 1670 3405 delituit,
1683 3359 1727 3394 et
1746 3354 1800 3393 ad
1820 3366 1915 3394 eum
1937 3356 2052 3395 occi-

1171 3415 1358 3455 dendum
1392 3417 1633 3456 Minturnas
1666 3417 1812 3456 missus
1842 3423 1906 3457 est
1938 3418 2051 3459 Cim-

1171 3480 1263 3526 ber,
1281 3492 1306 3519 o
1324 3480 1469 3520 Valeri
1486 3492 1499 3529 ;
1527 3479 1603 3519 sed
1615 3480 1714 3519 illud
1732 3482 2051 3532 comparatione

1171 3541 1390 3584 felicitatis
1425 3550 1514 3584 tum
1554 3543 1663 3584 adeo
1701 3544 1831 3585 breve
1865 3543 1963 3598 fuit,
2002 3553 2051 3588 ut
