2288 3990
569 308 828 350 imminu
871 306 1111 345 ΜΑΧιΜι
1158 306 1275 345 ωΒ;
1302 305 1344 347 1.
1385 293 1599 344 cAP.8.

164 428 264 476 runi.
338 433 404 473 Ex
442 432 507 472 his
544 430 715 484 quidem
765 427 851 479 legi
883 427 1043 467 debere

165 498 348 550 colligo:
392 509 502 549 quem
546 495 590 535 in
634 495 775 533 hexere
825 491 1046 544 Tyriorum.

161 563 373 602 Penteres
391 561 520 611 enim,
536 559 734 606 hexereS,
769 561 814 596 et
845 557 1047 606 hepteres

166 625 441 679 appellantur
460 630 547 664 tam
564 621 724 663 Latinis
738 632 861 673 quam
882 618 1047 659 Graecis

165 689 412 731 acutoribus
430 701 577 737 naves,
598 701 622 727 a
641 697 852 726 remorum
870 695 1048 724 numero

165 755 234 796 vel
247 754 477 796 ordinibus.
534 751 718 793 Hexeris
739 755 881 790 autem
902 749 1047 789 memi-

164 820 231 860 nit
275 825 321 860 et
365 818 460 859 Liv.
503 817 580 856 lib.
630 825 814 856 xxxvn.
885 813 1047 865 ‘Regia

167 882 316 923 classis
353 886 521 935 septem
559 886 605 919 et
642 878 822 931 triginta
871 876 1046 929 majoris

167 946 315 988 forme
344 945 514 986 navium
550 946 658 994 erat,
686 942 730 981 in
762 940 916 994 quibus
957 946 1045 980 tres

166 1011 387 1063 hemeras,
425 1013 472 1049 et
499 1011 680 1061 quatuor
705 1005 888 1045 hexeres
916 1003 1047 1044 habe-

144 1076 272 1125 bat!
309 1074 396 1116 Sed
429 1079 475 1116 et
495 1073 671 1125 vulgare
690 1068 865 1110 tolerari
885 1073 1047 1120 potest.

255 1139 358 1180 hius.

169 1140 452 1256 P'g'yriorum]
475 1200 613 1253 Tyrus
643 1202 689 1238 et
718 1209 798 1249 pro
825 1197 972 1237 Insula
1001 1200 1047 1236 et

167 1269 248 1318 pro
263 1265 370 1306 urbe
387 1265 584 1306 sumitur.
615 1265 719 1310 ἿἸΥ,
756 1263 955 1304 Hebraeis
979 1275 1046 1303 ru-

163 1342 246 1382 pea.
299 1328 430 1370 Unde
471 1341 624 1369 nomen
659 1326 844 1379 accepit.
915 1327 1048 1379 Rupi-

167 1394 247 1434 bus
290 1399 434 1435 autem
464 1393 540 1433 illa
588 1393 729 1432 insula
777 1390 1049 1442 cingebatur.

170 1446 295 1497 Unde
314 1457 493 1497 Nonnus
511 1456 554 1496 in
573 1455 846 1507 Dionysiacis
877 1453 954 1494 lib.
985 1465 1052 1494 xr.

167 1519 385 1569 Ἀκιν-Ιγνοις
395 1519 435 1560 δὲ
449 1518 646 1571 θεμέθλοις
665 1516 873 1568 Αὐτομάτη
888 1515 1051 1568 ζωθεῖσα

172 1579 408 1624 συνάπτεται
426 1580 694 1636 ἄζυγιπέτρῃ.
733 1582 784 1622 Id
822 1586 914 1622 est:
944 1582 1048 1622 Fun-

166 1647 324 1686 amine
362 1649 492 1687 cincta
550 1646 680 1687 Firmo
725 1646 885 1685 immota
917 1649 1049 1685 manet

166 1709 275 1749 saxis
309 1708 508 1750 radicibus
540 1709 704 1749 haerens.
759 1708 815 1748 Et
845 1707 902 1747 de
929 1707 1046 1759 Tyro

166 1771 482 1812 construenda:
526 1771 680 1823 Πήξατε
726 1772 758 1811 δ’
813 1767 1048 1823 ἀμφοτέραις

169 1834 408 1886 ἐπικείμενον
461 1834 561 1876 ἄστυ
606 1834 807 1875 nummus.
863 1832 916 1873 Id
952 1838 1044 1873 est:

171 1899 360 1941 Exti-nite
391 1901 435 1941 in
470 1901 608 1943 mediis
632 1901 847 1950 fundatam
884 1890 1046 1951 rupibus

165 1963 312 2005 arbem.

218 2028 240 2080 §
269 2029 321 2068 12
353 2026 573 2081 Bithyniae]
608 2025 756 2066 Prima
776 2024 890 2065 Asiae
910 2024 1047 2064 mino-

159 2091 221 2132 ris
241 2091 461 2145 Bithynia,
478 2093 520 2132 in
537 2092 667 2132 Ponti
684 2091 875 2138 exordio,
895 2090 948 2129 ad
965 2090 1043 2130 So-

160 2155 212 2195 lis
240 2155 418 2198 orientis
443 2163 611 2210 partem
639 2156 820 2195 adversa
847 2154 1042 2194 Thraciae

151 2219 293 2272 jacet,
321 2221 468 2262 multis
490 2217 622 2260 antea
639 2219 878 2260 nominibus
898 2218 1045 2270 appel-

159 2274 252 2324 lata‘
262 2299 274 2335 3
300 2295 398 2325 nam
414 2285 531 2338 prius
549 2283 716 2324 Beritia
734 2283 854 2336 (lege
870 2284 882 2305 ‘
896 2282 1048 2323 Bebri-

165 2347 226 2386 tia
238 2346 272 2399 ⁹)
290 2347 424 2398 dicta,
457 2348 614 2389 deinde
649 2347 918 2399 Mygdonia:
947 2359 1047 2387 mox

167 2421 192 2448 a
211 2410 415 2463 Bithynio
435 2412 570 2465 Rege,
588 2411 794 2462 Bithynia
813 2411 1045 2463 appellata,

164 2473 260 2524 ipsa
305 2480 371 2516 est
401 2481 448 2516 et
499 2475 640 2528 maJor
692 2474 894 2528 Phrygia.
949 2476 1045 2515 Val.

165 2536 346 2580 Flaccus
381 2538 456 2580 lib.
483 2550 547 2580 tv.
588 2538 819 2580 ‘Proxima
853 2539 1044 2580 Bebricii

162 2600 373 2642 raduntur
388 2602 535 2643 limina
549 2602 688 2656 regni,
707 2603 876 2655 Pingue
892 2603 1044 2656 solum,

162 2672 206 2706 et
227 2664 346 2706 duris
366 2666 486 2718 regio
505 2677 590 2706 non
610 2666 756 2707 invida
775 2667 936 2708 tauris!

215 2729 275 2781 Os
300 2729 503 2781 equaliter
532 2731 755 2783 extentum]
816 2730 879 2771 os
910 2743 1039 2772 uuum

161 2795 309 2832 tenore
323 2793 630 2834 continuatum.
685 2794 878 2835 Solinus:
906 2795 1040 2838 ‘Qui-

162 2853 260 2895 dam
280 2868 375 2896 cum
391 2855 593 2898 dentibus
609 2860 908 2909 procreantur.
956 2859 1039 2899 Cn.

159 2917 373 2972 Papyrius
396 2919 552 2970 Carbo,
571 2925 621 2960 ut
639 2921 703 2961 M.
724 2921 869 2973 Curio,
889 2922 1042 2963 denta-

161 2987 229 3022 tus
275 2981 332 3022 ob
377 2982 422 3022 id
463 2984 799 3035 cognominatus.
854 2984 1041 3027 Quidam

160 3045 293 3086 etiam
341 3046 435 3087 vice
475 3045 666 3086 dentium
705 3048 896 3088 continui
933 3050 1039 3089 ossis

163 3114 384 3149 armantur
420 3109 654 3161 soliditate,
691 3111 859 3163 qualem
890 3112 1040 3154 habuit

163 3172 447 3224 Bithynorum
463 3173 558 3213 Rex
575 3173 784 3214 Prusias!

213 3235 237 3287 ς
267 3238 317 3275 13
346 3236 619 3290 Mithridatis]
645 3237 777 3290 Regis
789 3237 1040 3289 Ponti,hos-

162 3296 218 3338 tis
238 3309 338 3350 pop.
370 3299 492 3341 Rom.
519 3299 573 3340 ad
593 3312 719 3353 quem
738 3301 1039 3343 debellandum

161 3362 298 3412 primo
334 3362 465 3414 Sylla,
502 3363 661 3404 deinde
688 3364 905 3411 Lucullus,
943 3378 1039 3418 pos-

164 3432 298 3466 tremo
318 3426 549 3479 Pompeius
568 3426 721 3468 missus
740 3433 822 3478 est,
849 3429 921 3480 qui
949 3429 1036 3469 bel-

164 3484 249 3527 l'nm
270 3489 371 3528 illud
393 3489 595 3530 confecit.
638 3489 767 3530 Hunc
787 3490 922 3543 igitur
941 3497 1039 3543 post

167 3547 432 3603 profligatum
464 3553 700 3594 exercitum
733 3553 970 3606 fugientem
990 3554 1038 3594 fi-

1882 290 1994 348 995

1110 427 1206 467 liam
1244 427 1353 467 hanc
1381 427 1629 467 comitatam
1663 425 1798 466 fuisse
1836 426 1993 467 Cicero

1110 491 1228 532 dicit.
1269 495 1422 533 Oliver.
1867 488 1870 491 ⁴

1161 558 1183 609 ξ
1205 559 1255 598 14
1276 558 1341 598 Νε
1359 557 1467 597 illius
1483 556 1639 608 quidem
1666 566 1800 605 parvoe
1819 554 1992 595 admira-

1110 619 1247 671 tionis]
1267 621 1396 661 Hunc
1427 621 1597 661 Solinus
1630 619 1886 660 Strabonem
1917 630 1993 657 no-

1109 684 1317 724 minatum
1337 683 1470 725 fuisse
1502 683 1653 734 tradit,
1684 695 1810 736 quem
1833 682 1995 722 Varro-

1108 748 1173 788 nis
1192 747 1435 788 testimonio
1469 755 1643 788 centum
1675 746 1853 799 triginta
1872 745 1995 798 quiu-

1108 823 1191 863 que
1210 810 1345 851 millia
1364 823 1565 863 passuum
1585 810 1857 864 prospexisse
1876 809 2001 850 dicit.

1108 874 1289 915 Solitum
1310 882 1542 916 exeuntem
1566 888 1590 915 a
1610 874 1870 926 Carthagine
1890 874 1998 914 clas-

1109 951 1198 979 sem
1233 938 1443 979 Punicam
1476 950 1786 991 numerumque
1823 937 1996 978 navium

1109 1014 1163 1043 ex
1194 1002 1406 1055 Libytana
1441 1003 1619 1054 specula
1649 1000 1998 1041 manifestissime

1108 1076 1273 1121 notare,
1308 1070 1423 1123 quod
1458 1069 1573 1109 idem
1603 1073 1789 1108 testatur
1822 1066 1993 1106 Plinius

1111 1135 1218 1176 Nat.
1235 1133 1352 1174 Hist.
1367 1133 1440 1174 lib.
1461 1144 1547 1173 vu.
1576 1132 1731 1172 Cicero
1751 1130 1879 1170 tradit
1897 1129 2000 1169 Ilia-

1110 1198 1207 1238 dem
1243 1208 1413 1238 omnem
1447 1196 1511 1237 ita
1545 1194 1762 1236 subtiliter
1790 1193 1838 1233 in
1864 1200 2002 1232 mem:

1110 1260 1253 1302 branis
1273 1260 1325 1300 ab
1347 1261 1426 1300 hoc
1460 1259 1682 1310 scriptam,
1710 1262 1758 1298 ut
1785 1263 1901 1298 testa
1920 1269 1997 1296 nu-

1112 1326 1174 1366 cis
1193 1325 1483 1365 clauderetur.
1514 1324 1665 1363 Oliver.

1166 1389 1361 1442 Lilybaeo]
1399 1387 1638 1441 Lilybaeum
1660 1386 2005 1439 promontorium

1114 1459 1182 1495 est
1202 1453 1378 1506 Siciliae,
1403 1453 1587 1493 multum
1604 1458 1762 1491 >autem
1794 1462 1820 1490 a
1848 1449 1998 1491 Sicilia·

1115 1516 1169 1557 ad
1191 1515 1514 1569 Carthaginem·
1531 1514 1692 1554 distare
1723 1512 1901 1564 dicitur,
1934 1518 1998 1563 et,

1113 1585 1162 1620 ut
1201 1579 1336 1621 tradit
1370 1579 1555 1630 Solinus,
1603 1582 1779 1618 centum
1819 1576 1997 1628 triginta

1113 1643 1302 1696 quinque
1322 1643 1455 1682 millia
1473 1653 1674 1695 passuum
1697 1641 1927 1682 intersunt.-

1168 1706 1560 1757 Carthaginiensium
1577 1705 1822 1756 egredientes
1838 1703 1997 1755 classes]

1108 1770 1462 1811 Lacedaemonios
1483 1769 1635 1810 scribit
1655 1769 1825 1810 Plinius
1845 1768 1920 1809 lib.
1943 1779 1995 1809 ιι.

1107 1845 1203 1885 cap.
1224 1836 1292 1874 37.

1163 1898 1186 1949 ξ
1209 1900 1258 1937 15
1278 1896 1541 1938 Admirabilis
1559 1896 1842 1949 Aristomenis]
1863 1895 1998 1937 Athe-

1107 1961 1278 2002 nienses
1308 1974 1404 2002 cum
1423 1962 1655 2003 Messeniis
1682 1963 1841 2003 bellum
1862 1974 1997 2014 grave

1108 2032 1153 2066 et
1195 2027 1369 2079 longum
1416 2039 1603 2079 gessere.
1641 2026 1996 2067 ‘Messeniorum

1109 2089 1196 2130 dux
1217 2089 1300 2131 fuit
1320 2090 1631 2142 Aristomenes,
1663 2090 1749 2144 qui·
1766 2095 1889 2130 tanta
1909 2089 1996 2130 cal-

1109 2153 1280 2195 liditate
1299 2153 1432 2194 fuisse
1452 2154 1626 2206 dicitur,
1656 2159 1703 2194 ut
1723 2165 1842 2205 saepe
1860 2151 1997 2192 Athe·

1109 2219 1278 2259 nieuses
1306 2218 1545 2271 deciperet,
1572 2231 1751 2272 quorum
1781 2230 1898 2271 saepe
1927 2229 1996 2258 ur-

1109 2282 1205 2323 bem
1233 2284 1470 2336 ingresmis,
1495 2291 1540 2324 et
1571 2283 1799 2336 aliquando
1827 2288 1994 2335 captus,

1110 2351 1241 2400 atque
1271 2347 1314 2386 in
1349 2348 1519 2388 vincula
1551 2347 1788 2399 conjectus,
1827 2345 1996 2386 callidi-

1109 2417 1198 2453 tate
1215 2425 1292 2453 sua
1310 2412 1561 2466 aufugerat:
1593 2414 1706 2466 quod
1740 2425 1835 2454 cum
1861 2414 2002 2452 semel·

1109 2481 1241 2528 atque
1258 2476 1414 2516 iterum
1442 2482 1487 2516 et
1517 2476 1647 2516 tertio
1674 2475 1867 2527 fecisset,
1894 2487 1994 2516 eon-

1105 2539 1344 2579 stituerunt
1370 2539 1658 2579 Athenienses
1690 2540 1809 2581 illum
1847 2552 1995 2580 rursus

1107 2608 1282 2655 captum
1316 2603 1579 2654 interficere,
1612 2604 1727 2656 quod
1759 2604 1890 2644 etiam
1927 2603 1994 2644 fe·-

1104 2677 1232 2706 cere:
1263 2666 1341 2706 sed
1372 2667 1573 2707 admirati
1605 2669 1839 2708 versutiam
1858 2669 1993 2708 homi-

1103 2730 1186 2781 nis,
1218 2731 1448 2770 voluerunt
1485 2731 1579 2783 ejus
1616 2731 1736 2784 capti
1773 2738 1821 2773 et
1859 2732 1992 2774 occisi

1103 2804 1180 2833 cor
1210 2792 1443 2846 inquirere,
1471 2794 1583 2847 quod
1613 2801 1791 2836 exsecto
1810 2807 1992 2849 corpore

1103 2857 1285 2909 pilosum
1301 2859 1573 2899 invenerunt
1604 2860 1754 2901 Oliver.

1157 2920 1420 2961 Aristomenis
1456 2922 1667 2975 Messenii]
1705 2923 1929 2977 Sumpsit
1936 2936 1992 2964 ex

1102 2985 1332 3026 Pausaniae
1370 2988 1670 3028 Messeniacis.
1725 2991 1798 3029 De
1836 2989 1991 3030 eodem

1105 3047 1338 3102 Antipater
1380 3050 1613 3104 Antholog.
1656 3052 1730 3095 lib.
1776 3064 1849 3094 111.
1904 3052 1992 3105 περὶ

1102 3113 1293 3166 ἀνδρείων.
1311 3114 1504 3155 'Colerus.

1157 3176 1368 3228 Messenii]
1419 3178 1622 3218 Messene
1667 3178 1821 3219 civitas
1859 3176 1988 3217 Pelo-

1102 3239 1296 3290 ponnesi,
1325 3239 1562 3293 eodemque
1588 3240 1760 3280 nomine
1794 3243 1841 3279 et
1866 3239 1987 3290 regio

1102 3301 1260 3341 dicitur
1278 3302 1516 3343 Ptolemaeo
1538 3308 1583 3343 et
1602 3303 1835 3354 Stephano.

1159 3366 1272 3411 Quod
1288 3366 1562 3416 Athenienses]
1587 3366 1682 3404 Imo
1712 3363 1986 3404 Lacedaemo·

1101 3427 1176 3480 nii,
1195 3434 1308 3469 teste
1324 3429 1553 3469 Pausania.
1584 3427 1726 3467 Rhodi
1743 3428 1859 3467 enim
1874 3438 1985 3466 mor-

1104 3497 1201 3530 tuus
1222 3497 1303 3531 est.
1360 3492 1524 3542 Captus
1546 3502 1644 3529 vero
1663 3502 1688 3529 a
1709 3489 1982 3530 Lacedaemo-

1103 3554 1183 3595 niis
1218 3554 1376 3606 saepius
1416 3560 1461 3593 et
1506 3555 1688 3605 elapsus.
1763 3554 1982 3595 videndus
