2288 3990
552 314 807 353 vAmiRli
854 313 1095 351 MAXIMt
1143 314 1262 352 LIB.
1295 314 1330 351 Ι.
1373 314 1505 352 GAP.
1534 300 1584 352 8.

155 439 274 487 signe
294 442 358 477 est
375 439 506 488 caput
524 435 664 485 Tauri,
693 440 736 475 et
758 446 781 473 a
811 434 947 474 latere
981 432 1033 472 si-

158 503 391 542 mulacrum
413 499 643 552 serpentis.
673 497 889 538 Fabricius.

211 569 276 619 §3
305 566 391 607 Nec
418 565 546 606 minus
572 563 830 615 voluntarius]
860 563 1032 602 Livius:

153 629 289 670 ‘Cum
316 629 407 681 jam
445 629 639 668 humanae
675 639 779 680 opes
819 632 979 679 egestae
1012 639 1038 666 a

155 693 277 733 Veiis
297 697 456 744 essent,
469 691 633 732 amoliri
648 696 738 731 tum
759 692 901 731 Deum
922 690 1038 730 dona

154 756 356 810 ipsosque
377 756 514 807 Deos,
541 755 618 796 sed
644 754 875 795 colentium
906 753 1039 806 magis

155 832 285 874 quam
335 819 594 872 rapientium
654 817 782 858 modo
837 829 1035 869 caepere:

160 895 341 937 namque
362 883 522 924 delecti
541 896 594 923 ex
611 883 724 923 omni
745 884 938 923 exercitu
965 883 1038 935 ju·

157 959 288 988 venes
307 959 415 1000 pure
435 947 535 988 lotis
559 946 827 998 corporibus,
853 945 1041 986 candida

158 1017 297 1063 veste,
350 1010 502 1064 quibus
547 1010 816 1063 deportanda
862 1012 1040 1051 Romam

149 1075 322 1128 ,Regina
337 1076 450 1117 Juno
480 1075 698 1128 assignata
725 1080 835 1122 erat,
863 1087 1040 1116 venera-

157 1139 292 1181 bundi
311 1140 517 1192 templum
537 1141 661 1192 inire,
690 1141 825 1193 primo
843 1139 1041 1192 religiose

159 1204 434 1245 admoventes
464 1216 628 1254 manus,
658 1203 770 1257 quod
798 1202 842 1243 id
873 1204 1040 1256 signum

158 1279 277 1308 more
294 1272 470 1308 vetusto
490 1267 570 1308 nisi
587 1272 717 1308 certae
740 1267 880 1320 gentis
897 1279 1040 1307 sacer-

158 1323 244 1372 dos'
258 1335 496 1371 attrectare
514 1343 600 1371 non
621 1337 735 1370 esset
763 1330 934 1370 solitus:
969 1330 1042 1371 ‹le-

163 1394 264 1435 inde
283 1406 380 1434 cum
398 1394 587 1447 quidam,
617 1406 693 1433 seu
709 1393 865 1446 spiritu
897 1392 1043 1433 divino

163 1463 323 1509 tactus,
351 1469 424 1497 sen
439 1456 622 1509 juvenili
636 1457 757 1509 j0c0‚
784 1458 797 1480 ‘
814 1457 942 1497 Visne
962 1458 1043 1497 Ro·

165 1533 277 1562 mam
311 1521 374 1561 ire
405 1520 559 1561 Jnno?
604 1521 801 1571 dixisset,
844 1521 1042 1562 annuisse

164 1584 312 1624 coeteri
331 1582 739 1624 conclamaverunt)
791 1583 901 1624 Inde
918 1582 1041 1624 fabu-

161 1649 214 1689 1ae
229 1648 445 1700 adjectum
479 1655 563 1700 est,
594 1661 739 1689 vocem
777 1661 947 1702 quoque
978 1649 1042 1689 di·

160 1711 301 1752 centis
320 1712 334 1734 ‘
348 1711 489 1763 velle,'
509 1711 696 1753 auditam
713 1725 725 1762 3
747 1719 903 1753 motam
919 1718 1040 1754 certe

162 1773 264 1814 sede
282 1787 358 1816 sua
378 1777 498 1828 parvi
512 1777 746 1818 molimenti
759 1777 1041 1826 adminiculis,

162 1841 380 1892 sequentis
398 1841 539 1892 modo,
565 1842 812 1893 accepimus
832 1842 970 1882 levem
996 1848 1043 1883 et

160 1899 327 1943 facilem
347 1903 553 1945 translatu
571 1903 719 1951 fuisse,
747 1905 1042 1959 integramque

160 1965 203 2006 iu
222 1965 484 2008 Aventinum
503 1972 707 2009 aeternam
733 1969 878 2010 sedem
908 1980 1044 2023 suam,

161 2040 245 2083 quo
272 2036 372 2072 vota
388 2032 569 2072 Romani
598 2032 832 2073 Dictatoris
866 2045 1042 2075 vocave-

161 2099 272 2147 rant,
289 2096 518 2148 perlatam,
546 2097 619 2138 ubi
639 2098 845 2150 templum
864 2099 904 2139 ei
927 2104 1044 2152 post-

163 2169 216 2198 ea
243 2157 357 2200 idem
383 2160 455 2213 qui
482 2166 711 2214 vocaverat
731 2163 936 2204 Camillus
968 2164 1043 2205 de·

161 2220 337 2264 dicavit.
394 2224 583 2277 Contigit
605 2225 660 2267 A.
681 2227 735 2266 U.
754 2237 947 2270 cccnvu.

214 2287 404 2340 Junonis]
432 2289 546 2330 Vide
561 2301 691 2342 snpra
709 2303 806 2343 cap.
825 2304 858 2334 1.
876 2294 898 2345 ξ
918 2297 987 2335 20.

225 2346 352 2402 Veiis]
380 2352 460 2392 Est
479 2353 570 2393 haec
590 2353 691 2393 urbs
714 2354 931 2396 Hetrnriae
957 2370 1044 2400 non

164 2414 314 2464 procul
344 2426 370 2455 a
402 2416 551 2469 Roma,
577 2417 802 2460 decennali
823 2419 1043 2465 obsidione

164 2477 333 2518 Camilli
351 2479 518 2521 nobilis.

215 2542 387 2583 διακοπὰς
418 2544 609 2598 Monetoe]
647 2547 764 2589 Juno
803 2550 983 2591 Moneta
1018 2564 1043 2592 a

163 2606 374 2647 monendo
392 2607 510 2649 dicta
541 2615 623 2661 est,
649 2617 697 2652 ut
731 2613 892 2653 sentire
923 2615 1043 2655 vide-

163 2675 236 2710 tut·
271 2671 422 2714 Cicero
457 2672 530 2715 lib.
568 2675 623 2716 de
657 2677 852 2718 Divinat.
917 2679 1043 2721 Dicit

164 2733 300 2776 enim:
332 2737 346 2759 ‘
361 2735 505 2790 Atque
524 2739 587 2779 ita
611 2740 816 2792 scriptum
836 2754 860 2782 a
878 2744 1046 2796 multis,

163 2808 258 2838 mm
276 2804 402 2840 terrae
420 2807 562 2842 motus
577 2801 719 2845 factus
740 2812 873 2858 esset,
899 2811 947 2848 ut
965 2820 1042 2849 sue

164 2861 292 2912 plena
336 2866 580 2914 procuratio
626 2866 768 2916 fieret,
808 2882 956 2912 vocem
987 2872 1041 2913 ab

164 2923 257 2964 aede
273 2924 453 2966 Junonis
481 2940 536 2968 ex
564 2942 665 2970 arce
696 2933 910 2986 extitisse,
937 2948 1042 2988 quo·

163 2987 281 3029 circa
297 2989 508 3033 Junonein
528 2994 646 3036 illam
667 2999 925 3049 appellatam
946 3002 1041 3042 Mo-

163 3053 339 3094 netam!
358 3054 509 3096 Oliver.
555 3059 727 3100 Junom's
746 3062 937 3115 Monetoe]
956 3066 1044 3106 Va-

162 3115 269 3156 lerio
288 3119 487 3169 congruit
501 3121 750 3164 Lactantius
765 3125 837 3166 lib.
856 3138 907 3169 11.
941 3128 1043 3169 Plu-

164 3179 334 3220 tarchus
354 3182 536 3223 Junonis
566 3186 739 3238 quidem
772 3189 1043 3233 simulacrum

167 3254 191 3282 a
226 3244 407 3286 Camillo
446 3251 698 3291 translatum
751 3254 919 3306 scribit,
965 3257 1043 3298 sed

165 3318 399 3360 cognomen
425 3323 509 3352 non
530 3313 665 3356 addit.
721 3316 868 3357 Livius
886 3318 1043 3361 ‘Junc-

167 3385 262 3415 nem
286 3377 516 3427 Reginam’
545 3382 753 3433 appellat,
780 3388 827 3423 et
858 3384 945 3424 late
979 3398 1045 3426 re-

168 3435 253 3477 fert
271 3439 504 3491 historiam,
532 3444 728 3498 Deaeque
762 3446 805 3486 in
829 3446 1044 3490 Aventino

171 3507 312 3542 monte
328 3504 463 3545 aedem
478 3519 502 3546 a
516 3509 695 3548 Camillo
708 3509 867 3550 factam
881 3512 1045 3554 scribit.

171 3563 302 3615 Cujus
322 3571 468 3622 templi
490 3576 630 3625 atque·
650 3585 862 3614 sacrorum
896 3578 1044 3616 memi-

1875 302 1981 354 981

1099 434 1162 473 nit
1180 434 1283 474 item
1305 433 1377 475 lib.
1400 444 1552 474 xxvii.
1587 432 1860 485 Astipulatur
1876 434 1982 476 item

1099 499 1150 539 P.
1171 500 1340 551 Victor,
1370 499 1441 552 qui
1470 499 1679 550 templum
1697 497 1880 538 Junonis
1901 500 1984 539 Re-

1100 563 1211 614 ginae
1231 563 1351 602 Veiis
1378 563 1518 615 captis
1553 575 1578 601 a
1598 561 1780 602 Camillo
1810 561 1984 601 dedica-

1098 632 1205 675 tum,
1224 626 1266 666 in
1285 626 1505 667 Aventino
1522 625 1692 667 decima
1711 625 1846 665 tertia
1867 625 1985 666 urbis

1099 690 1277 741 regione
1297 690 1497 733 collocat.
1554 689 1693 744 Atqui
1706 690 1898 730 Monetae
1912 690 1940 732 J
1946 703 1989 729 u·

1099 754 1223 794 nonis
1258 754 1397 794 aedem
1434 755 1479 794 in
1505 755 1725 808 Capitolio
1762 753 1895 794 fuisse
1933 766 1988 794 ex

1100 823 1204 858 voto
1223 818 1272 858 L.
1294 818 1462 858 Camilli
1488 819 1743 870 metatoris,
1770 819 1842 872 qui
1863 830 1989 871 supe-

1101 880 1225 921 rioris
1246 881 1310 921 M.
1331 882 1501 922 Camilli
1519 882 1631 923 filius
1649 882 1751 933 fuit,
1780 888 1878 935 post
1899 884 1988 924 vic-

1102 945 1254 986 toriam
1287 944 1341 984 de
1364 944 1577 986 Auruncis
1609 946 1989 999 positam,4Livius

1100 1009 1213 1050 idem
1233 1010 1311 1051 lib.
1330 1021 1411 1051 vn.
1439 1009 1570 1050 Ovid.
1589 1011 1709 1051 Fast.
1727 1021 1795 1051 vt.
1828 1017 1875 1051 et
1895 1011 1991 1051 Ma-

1103 1073 1272 1114 crobius
1288 1078 1518 1114 testantur.
1553 1074 1716 1114 Verum
1739 1079 1865 1114 antea
1886 1087 1991 1127 quo-

1103 1151 1186 1192 que
1205 1140 1448 1195 priusquam
1466 1151 1490 1178 a
1509 1138 1649 1179 Gallis
1676 1138 1779 1179 urbs
1811 1150 1991 1190 capere-

1103 1209 1192 1254 tur,
1232 1214 1383 1243 vocem
1421 1215 1476 1243 ex
1515 1215 1615 1243 arce
1651 1202 1899 1254 Capitolina
1938 1202 1992 1241 ab

1103 1267 1197 1307 aede
1214 1266 1398 1309 ,Iunonis
1429 1266 1621 1307 auditam
1652 1265 1804 1306 scribit
1838 1265 1992 1306 Cicero

1104 1330 1159 1370 de
1191 1330 1470 1370 Divinatione
1507 1330 1676 1382 primo3
1724 1337 1856 1382 atque
1893 1328 1992 1368 ideo

1102 1393 1320 1436 Junonem
1358 1394 1475 1434 illam
1509 1394 1773 1446 appellatam
1808 1394 1820 1415 ‘
1842 1392 1994 1432 Mone-

1106 1457 1214 1498 tam'
1234 1470 1258 1498 a
1278 1458 1508 1499 monendo.
1566 1456 1759 1497 Eandem
1789 1455 1902 1496 forte
1936 1456 1993 1496 ob

1104 1533 1296 1563 caussam
1331 1527 1377 1562 et
1410 1522 1506 1563 liaec
1539 1521 1707 1574 Regina
1739 1520 1872 1567 Juno,
1899 1531 1995 1572 quae

1103 1583 1218 1637 apud
1256 1585 1387 1625 Veios
1423 1591 1518 1626 erat
1546 1586 1745 1638 loquuta,
1775 1597 1800 1624 a
1818 1583 1997 1624 Valerio

1103 1654 1250 1689 nostro
1271 1648 1436 1688 Moneta
1457 1654 1650 1688 vocatur.
1678 1646 1867 1698 Pighius.

1166 1710 1374 1763 Aventini]
1403 1712 1643 1752 Aventinus
1657 1709 1710 1751 ab
1723 1710 1846 1750 Anco
1860 1710 1997 1762 Rege,

1104 1785 1328 1820 crescente
1362 1779 1521 1820 civium
1553 1789 1747 1830 numero,
1778 1789 1832 1816 ex
1867 1783 1994 1829 parte

1104 1844 1213 1885 Urbi
1256 1844 1448 1896 additus,
1484 1857 1567 1885 non
1607 1849 1725 1885 totus
1761 1843 1997 1892 habitatus,

1103 1909 1219 1948 Tatii
1239 1909 1369 1962 Regis
1398 1910 1705 1959 Romanorum,
1724 1913 1770 1948 et
1789 1907 1997 1948 Aventini

1104 1971 1371 2013 Albanorum
1392 1973 1634 2026 sepulchris
1655 1972 1854 2013 celebris.
1909 1971 1995 2010 Va-

1106 2036 1179 2076 riis
1217 2038 1462 2089 appellatus
1498 2037 1760 2088 nominibus,
1795 2049 1820 2076 a
1857 2035 1995 2076 Remo

1105 2100 1275 2140 Romuli
1300 2099 1454 2152 fratre,
1480 2100 1735 2141 Remurius:
1767 2112 1792 2139 a
1811 2099 1994 2139 Murciae

1102 2163 1323 2204 Socordiae
1361 2164 1467 2204 Deae
1504 2164 1680 2214 sacello,
1717 2163 1931 2212 Murcius,
1970 2175 1996 2201 a

1104 2228 1255 2270 Dianae
1270 2231 1451 2283 templo,
1465 2230 1586 2271 collis
1604 2230 1774 2271 Dianae.
1816 2229 1996 2270 Martia·

1102 2293 1155 2333 lis
1172 2294 1247 2335 lib.
1267 2305 1354 2336 ΧΠ.
1409 2294 1421 2316 ‘
1443 2294 1550 2335 Cum
1571 2299 1616 2335 tu
1633 2293 1815 2335 forsitan
1834 2295 2000 2348 inquie-

1103 2361 1175 2397 tus
1203 2370 1324 2399 erras
1352 2359 1564 2410 Clamosa,
1583 2359 1824 2410 Juvenalis,
1847 2359 1891 2399 in
1920 2358 1998 2399 Sn-

1105 2421 1251 2474 burra,
1272 2421 1362 2464 Aut
1380 2423 1534 2463 collem
1554 2422 1737 2464 dominae
1768 2422 1870 2464 teris
1893 2423 1995 2463 Dia·

1104 2485 1201 2527 nae.'
1257 2487 1450 2540 Propter
1502 2487 1813 2539 longitudinem
1875 2493 1997 2527 certo

1105 2550 1297 2592 describi
1316 2552 1494 2604 nequit:
1526 2551 1604 2591 sed
1640 2557 1783 2592 tamen
1806 2551 1996 2592 tentabi-

1103 2628 1214 2657 mus.
1270 2616 1340 2655 Ad
1370 2621 1511 2656 ortum
1541 2616 1583 2656 in
1609 2616 1832 2656 meridiem
1867 2615 1998 2656 decli-

1103 2683 1280 2720 nantem
1314 2680 1492 2733 respicit
1522 2680 1706 2731 moenia;
1739 2679 1792 2720 ad
1824 2680 1996 2720 meridi—

1104 2756 1401 2798 em,campum
1426 2744 1688 2797 Figulinum3
1717 2745 1771 2785 ad
1796 2757 1997 2785 occasum

1102 2807 1290 2860 flumem
1326 2809 1379 2850 ad
1416 2809 1775 2862 septentrionem,
1803 2815 1996 2849 montem

1104 2875 1367 2918 Palatinum.
1422 2876 1580 2917 Ortum
1597 2875 1849 2926 versus,sed
1869 2875 1997 2915 valde

1106 2939 1150 2979 in
1186 2939 1409 2980 meridiem
1445 2939 1621 2992 flexum,
1656 2939 1900 2993 propinqua
1932 2944 1998 2978 est

1104 3009 1233 3057 porta
1261 3004 1467 3056 Capena;
1497 3003 1720 3044 meridiem
1754 3009 1881 3055 porta
1914 3001 1997 3041 Os-

1106 3068 1272 3121 tiensis,
1301 3068 1453 3110 Caestii
1485 3068 1692 3121 pyramis,
1708 3079 1827 3107 mons
1852 3067 1999 3106 'resta-

1106 3145 1232 3183 ceus;
1258 3144 1458 3174 occasum
1489 3133 1686 3184 Navalia,
1703 3132 1879 3180 Salinae,
1901 3141 1998 3180 spe·

1106 3196 1234 3237 lunca
1280 3196 1404 3247 Caci;
1451 3197 1791 3248 septentrionem
1841 3194 1995 3233 Dianae

1106 3260 1332 3312 temptum,
1351 3266 1398 3301 et
1417 3259 1694 3301 Naumachiae
1715 3256 1897 3296 initium.
1935 3254 1995 3294 Α-

1106 3323 1323 3374 ventinus,
1343 3323 1412 3363 vel
1430 3322 1483 3362 ab
1516 3321 1736 3361 Aventino
1764 3320 1883 3371 Rege
1903 3318 1998 3359 dic-

1107 3391 1192 3438 tus,
1213 3387 1283 3439 qui
1311 3386 1355 3426 in
1385 3398 1437 3426 eo
1465 3385 1685 3426 extinctus
1718 3382 1831 3422 bello
1859 3387 1903 3422 et
1932 3395 1997 3421 se-

1109 3451 1252 3503 pultus
1285 3449 1434 3499 fuerit,
1453 3454 1503 3488 ut
1532 3446 1664 3486 Ovid.
1685 3445 1798 3485 Fast.
1831 3457 1894 3486 tv.
1916 3446 1993 3494 ait,

1109 3514 1176 3554 vel
1210 3513 1264 3552 ab
1286 3513 1455 3552 Avente
1488 3510 1739 3549 Sabinorum
1774 3507 1919 3560 fluvio,
1948 3514 1995 3548 ut

1109 3577 1263 3618 scribit
1281 3578 1433 3617 Varro.
1493 3576 1546 3616 G.
1572 3574 1786 3614 Γαὸνὶιὶηε,
