2346 3996
563 298 829 338 VALEnu
873 296 1122 337 ΜΑΧιΜι
1165 298 1287 337 mn.
1315 299 1424 337 vn.
1465 287 1680 340 cAr.2.

226 409 444 462 conditam
489 418 688 459 Romam.
753 414 870 458 Nam
916 421 962 457 et
1006 429 1109 469 pop.

226 487 350 527 Rom.
367 485 409 525 ci
429 483 580 524 tribuit
596 482 709 535 quod
732 481 840 521 nulli
867 481 939 521 alii
965 493 991 520 a
1010 493 1108 521 con-

225 550 316 591 dito
331 561 440 601 aevo,
463 554 508 588 ut
527 549 695 601 quoties
711 547 754 587 in
772 547 979 587 Senatum
1006 546 1107 598 iret,

225 626 351 655 curru
372 613 601 653 veheretur
621 613 673 652 ad
695 613 874 653 curiam.
921 612 1109 652 Felicior

222 678 354 730 igitur
365 676 471 727 filio,
485 676 753 717 nisicaecitas
764 675 974 717 obstaret.
994 676 1107 718 Haec

223 753 276 782 ex
296 741 385 782 illo.
418 741 526 781 Oliv.
576 741 772 793 Contigit
791 740 847 781 A.
866 741 923 781 U.
943 752 1050 783 ncx.

277 806 513 846 Consulatus
524 806 659 858 decus]
688 806 871 846 Constat
883 818 979 847 cum
994 817 1108 847 sum-

221 882 292 911 ma
309 870 522 911 modestia
539 875 584 910 et
600 870 736 923 gloria
754 870 935 923 gessisse
955 882 1107 912 consu-

221 934 372 975 latum.
403 935 513 975 Oliv.

277 996 580 1051 Imperator-iam
594 997 849 1051 potestatem]
879 998 979 1040 Quo
1001 1001 1106 1038 tem-

221 1074 328 1115 pore
346 1060 486 1102 factus
502 1061 738 1114 imperator
753 1060 957 1102 adversus
972 1061 1107 1101 Pseu-

222 1125 563 1177 do-Philippum.
591 1125 716 1165 Idem.

262 1190 392 1230 fec-it
409 1194 452 1229 ut
472 1190 603 1229 eodem
622 1193 796 1240 tempore
806 1192 889 1229 tres
890 1187 1005 1242 filios
1016 1200 1106 1228 con-

218 1255 380 1305 salares,
396 1266 516 1293 unum
530 1253 650 1293 etiam
667 1253 899 1304 censorium,
920 1255 1014 1293 duos
1030 1253 1106 1292 tri-

218 1319 434 1371 umphales,
465 1322 505 1358 et
535 1321 718 1370 quartum
742 1317 972 1369 praetorium
996 1318 1106 1358 vide-

219 1382 301 1434 ret]
333 1381 405 1421 Ita
437 1381 580 1433 vulgo.
619 1381 728 1421 Mss.
763 1380 934 1421 codices
966 1382 1106 1422 nostri

220 1444 309 1485 sic:
346 1446 478 1486 Unum
495 1446 616 1486 etiam
645 1444 862 1485 censorium
890 1457 937 1485 ac
963 1445 1105 1486 trium-

215 1508 386 1560 phalem.
431 1509 585 1555 Recte,
614 1514 745 1561 atque
770 1508 990 1548 Ciceronis
1009 1521 1104 1549 sen—

219 1573 374 1625 tentia,
388 1572 460 1627 qui
476 1573 530 1613 de
546 1573 601 1615 Q.
618 1573 802 1613 Metello
818 1572 1105 1614 Macedonico

219 1640 315 1680 baec
351 1639 504 1680 eadem
541 1638 633 1680 fere
671 1639 725 1679 de
764 1638 906 1679 Finib.
942 1639 1018 1679 lib.
1057 1651 1104 1680 v.

219 1707 232 1728 ‘
252 1706 307 1748 Q.
325 1705 562 1756 Metellus:
586 1705 740 1757 inquit,
760 1706 772 1727 ‘
794 1705 866 1757 qui
887 1710 974 1744 tres
992 1703 1103 1745 filios

219 1771 418 1810 consules
438 1769 562 1822 vidit,
593 1782 616 1808 e
649 1769 802 1822 quibus
824 1781 950 1808 unum
972 1769 1103 1809 etiam

218 1837 263 1873 et
281 1845 507 1874 censorem
539 1838 584 1874 et
605 1833 958 1886 triumphantem,
977 1846 1104 1886 quar·

218 1901 306 1938 tum
327 1902 473 1937 autem
505 1903 755 1949 praetorem,
785 1910 944 1950 eosque
965 1899 1104 1939 salvos

217 1961 423 2015 reliquit.'
462 1961 548 2004 Qui
579 1967 777 2003 auctores
806 1961 1106 2004 demonstrant

217 2025 267 2065 L.
300 2026 527 2066 Metellum
557 2026 835 2066 Macedonici
861 2026 1012 2079 filium,
1031 2028 1104 2080 qui

217 2094 319 2130 ante
360 2089 497 2141 patris
513 2097 515 2099 ·
532 2094 715 2130 mortem
759 2092 908 2130 consul
945 2090 1106 2144 fuerat,

217 2153 391 2193 minime
408 2153 714 2206 triumphasse,
734 2166 876 2207 neque
891 2155 1104 2195 Dalmati-

218 2229 314 2258 cum
338 2218 547 2270 appellari
568 2217 743 2268 debere,
754 2219 1008 2270 Capitolinis
1030 2219 1104 2260 tri·

217 2281 388 2333 umphis
408 2281 647 2334 astipulati,
677 2294 859 2334 quorum
889 2281 1103 2334 fragmen-

217 2350 308 2385 tum
323 2357 462 2397 nuper
481 2357 505 2385 e
524 2345 714 2385 tenebris
743 2350 911 2386 erutuiu
932 2358 1010 2386 nos
1029 2346 1104 2387 do-

217 2415 291 2450 cet
337 2409 627 2449 Dalmaticum
674 2410 722 2450 1..
758 2410 930 2451 Metelli
980 2410 1103 2450 Calvi

214 2473 347 2514 fuisse
375 2472 524 2514 filium.
570 2475 636 2514 Ex
665 2481 853 2528 quatuor
883 2475 1017 2526 igitur
1045 2477 1102 2518 Q.

218 2538 493 2580 Macedonici
523 2538 637 2587 filiis,
668 2539 723 2580 de
754 2539 908 2593 quibus
926 2540 996 2580 bic
1015 2541 1102 2581 Va·

216 2604 297 2645 ler.
317 2604 524 2657 loquitur,
549 2603 688 2657 fuere,
713 2604 768 2646 Q.
790 2604 998 2644 Metellus
1017 2605 1102 2644 Ba-

213 2667 414 2719 leaticus,
429 2668 686 2722 consularis,
702 2669 937 2720 censorius,
956 2682 1006 2710 ac
1026 2669 1103 2710 tri-

216 2731 444 2783 umphalis,
464 2732 575 2772 alter
601 2733 652 2773 L.
683 2733 890 2773 Metellus
909 2735 1103 2774 cousula-

216 2796 292 2847 ris,
321 2796 477 2836 tertius
509 2797 572 2838 M.
600 2797 826 2849 Metellus,
852 2810 950 2837 cum
979 2802 1106 2849 pater

215 2865 475 2913 moreretur,
506 2872 617 2901 anno
644 2872 910 2902 ncxxxvm.
939 2863 1106 2915 consul,

216 2928 263 2964 et
298 2930 453 2976 postea
492 2926 788 2978 triumphalis3
834 2931 1015 2979 quartus
1055 2927 1104 2967 C.

215 2987 420 3027 Metellus
435 2989 679 3040 praetorius,
690 3003 740 3030 ac
756 2997 882 3042 patre
897 2992 1104 3031 moriente

215 3050 469 3092 candidatus
515 3054 782 3100 consulatus,
830 3055 1103 3107 quemadmo-

217 3112 319 3154 dum
348 3126 403 3154 ex
432 3113 673 3155 Annalibus
704 3116 861 3156 nostris
890 3118 986 3157 luce
1016 3119 1101 3158 cla-

217 3178 304 3220 rius
324 3180 557 3221 constabit.
587 3180 711 3230 Pigli.

274 3243 372 3283 Tres
377 3243 512 3297 filios]
535 3244 743 3300 *Quinque
771 3243 883 3284 filios
902 3245 1103 3286 habuisse

216 3303 363 3346 dicere
396 3307 567 3348 videtur
598 3309 745 3348 Valer.
779 3314 825 3348 at
855 3308 971 3348 Plin.
1007 3314 1102 3349 tan·

218 3369 435 3410 tummodo
455 3375 654 3423 quatuor,
675 3384 856 3425 quorum
884 3377 972 3412 tres
1003 3384 1103 3413 con·

219 3433 397 3484 sulares,
438 3435 567 3475 alium
601 3437 937 3490 triumphantem
976 3438 1100 3490 vidit,

220 3507 344 3546 quem
380 3497 660 3550 intelligimus
698 3498 829 3541 fuisse
870 3502 1100 3542 Metellum

221 3558 358 3599 Pium.
407 3559 529 3601 Idem
558 3562 713 3604 Cicero
740 3564 890 3618 sentit,
919 3578 977 3606 sc.
997 3578 1099 3618 qua-

1918 289 2067 343 1251

1169 424 1267 459 tuor
1286 420 1438 472 fuisse,
1458 420 1535 462 lib.
1553 421 1608 462 de
1629 421 1772 462 Finib.
1790 426 1834 463 et
1847 434 1901 463 ex
1922 424 2058 465 tribus

1170 483 1320 535 primis
1339 497 1469 525 unum
1490 484 1619 527 fuisse
1640 499 1726 527 non
1750 488 1887 528 solum
1907 501 2060 529 consu-

1169 545 1269 598 lem,
1298 550 1372 589 sed
1406 556 1452 591 et
1500 560 1738 593 censorem.
1793 553 1906 594 Item
1932 555 2062 596 Tusc.

1170 612 1337 653 Quaest.
1377 614 1390 636 ‘
1412 615 1650 668 Metellus·,’
1669 617 1825 670 inquit,
1855 619 1868 641 ‘
1885 619 1958 659 ille
1987 619 2060 659 ho-

1169 680 1345 716 non-atus
1365 685 1551 730 quatuor
1568 680 1697 734 filiis,’
1713 685 1794 723 ὅσα.
1842 683 1901 723 Et
1931 684 2061 735 paulo

1168 738 1308 780 infra:
1353 742 1366 763 ‘
1399 742 1661 796 Metellum‚’
1697 746 1852 798 inquit,
1894 747 1908 769 ⁴
1934 748 2059 787 multi

1168 801 1261 855 filii,
1280 808 1324 844 et
1342 803 1460 855 filiae,
1479 812 1525 847 et
1544 814 1726 859 nepotes
1747 810 1795 848 in·
1813 822 1963 862 rogum
1981 823 2056 862 po-

1169 868 1379 909 suerunt!
1425 870 1478 910 B.
1510 870 1774 924 Augustinus
1795 875 1961 915 Valerii
1993 884 2059 915 se-

1170 932 1318 983 quitur
1351 934 1596 985 opinionem
1630 936 1674 975 in
1709 937 1786 978 lib.
1824 938 1879 979 de
1923 939 2058 980 Civit.

1170 995 1270 1036 Dei.
1320 997 1475 1038 Oliver.

1230 1060 1380 1114 Unum]
1405 1062 1583 1103 Scilicet
1603 1075 1657 1103 ex
1674 1063 1812 1104 tribus
1831 1064 1932 1106 illis.

1223 1124 1262 1165 A
1283 1127 1468 1167 maximis
1493 1127 1668 1180 vatibus]
1709 1129 1769 1168 Ut
1791 1128 1845 1169 ab
1869 1129 2060 1171 Homero

1170 1193 1216 1229 et
1234 1191 1432 1242 Marone,
1454 1205 1635 1245 quorum
1664 1193 1903 1233 auctoritas
1923 1195 2059 1235 maxi-

1169 1266 1240 1294 ma
1259 1259 1327 1295 est
1346 1256 1461 1308 apud
1480 1269 1642 1296 omnes.
1680 1257 1787 1297 oliv.

1224 1314 1362 1367 Hune,
1380 1320 1470 1372 ἐξα]
1499 1322 1627 1362 Cont.
1643 1319 1769 1362 A.'U.
1789 1332 2060 1363 Dcxxxvru.

1227 1385 1279 1431 Q.
1299 1385 1527 1437 Metellum]
1554 1386 1761 1426 Tollenda
1790 1387 1883 1427 haec
1914 1393 1962 1427 ut
1990 1400 2058 1427 su-

1170 1460 1390 1502 pervacua
1410 1463 1504 1491 cum
1526 1451 1672 1503 Lipsio
1693 1462 1866 1491 censeo.
1899 1452 2027 1493 Coler.
2059 1459 2062 1462 ⁴

1223 1516 1280 1555 Et
1305 1515 1464 1567 generi]
1495 1517 1567 1556 De
1587 1522 1771 1569 quatuor
1788 1515 1887 1555 filiis
1914 1522 2060 1568 porta-

1169 1579 1333 1619 toribus
1350 1580 1754 1631 Plinius‚Velleius‚
1770 1580 1842 1619 alii
1859 1593 1868 1620 :
1900 1579 1954 1619 de
1971 1581 2058 1620 Ge-

1167 1645 1284 1685 neris
1315 1646 1523 1686 nihildum
1556 1646 1656 1698 legi.
1722 1641 2059 1687 Velleiilocum

1169 1721 1300 1750 ecce:
1329 1710 1342 1731 ‘
1366 1710 1531 1750 Mortui
1550 1711 1641 1763 ejus
1661 1710 1825 1751 lectum
1858 1724 1938 1763 pro
1967 1724 2057 1752 ros-

1168 1774 1247 1814 tris
1268 1776 1540 1815 sustulerunt
1569 1780 1756 1827 quatuor
1773 1775 1879 1816 filii?
1931 1776 1943 1798 ⁴
1966 1776 2057 1817 Pro

1167 1838 1352 1891 rostris‚'
1383 1844 1520 1880 recte.
1558 1839 1671 1880 Nam
1703 1840 1777 1889 ibi,
1806 1839 2057 1892 priusquam

1168 1903 1399 1943 efferretur
1418 1903 1620 1954 cadaver,
1651 1903 1842 1943 laudatio
1861 1896 2055 1945 funebris

1168 1968 1254 2022 ritu
1284 1968 1495 2020 peculiari
1517 1967 1821 2020 peragebatur.
1864 1968 1981 2008 Hinc
2012 1973 2059 2009 et

1167 2031 1275 2071 illud
1304 2031 1490 2083 conjicio
1530 2032 1691 2071 lectum
1725 2031 1841 2070 illum
1875 2030 2056 2072 feralem

1169 2109 1246 2149 pro
1261 2096 1428 2135 Rostris
1445 2096 1505 2136 ita
1520 2095 1720 2136 collocari
1737 2096 1925 2147 solitum,
1942 2102 1989 2136 ut
2003 2095 2056 2136 ab

1167 2161 1366 2200 omnibus
1386 2160 1495 2200 bene
1511 2158 1854 2212 conspiceretur.
1886 2160 2055 2200 Morem

1167 2223 1263 2264 fuse
1295 2225 1490 2276 explicat
1518 2223 1726 2275 Polybius
1752 2223 1830 2264 lib.
1859 2235 1924 2263 v1.
1952 2224 2056 2263 Plu-

1167 2288 1343 2328 tarchus
1373 2288 1621 2327 Publicola.
1664 2288 1880 2327 Caeterum
1901 2292 1951 2327 ut
1973 2287 2056 2327 alia

1167 2352 1378 2403 speciosa,
1392 2352 1454 2391 ita
1471 2352 1565 2392 haec
1581 2363 1750 2404 quoque
1765 2352 2056 2391 Romanorum

1167 2416 1435 2457 consuetudo
1473 2428 1498 2455 a
1537 2415 1705 2456 Graecis
1743 2420 1809 2454 est
1844 2413 2058 2466 profecta.

1167 2479 1360 2519 Primum
1376 2479 1420 2519 in
1438 2478 1587 2518 funere
1606 2477 1720 2530 apud
1741 2489 1813 2517 eos
1829 2489 2057 2529 perorasse

1166 2543 1400 2594 Periclem,
1418 2540 1693 2595 Thucydides
1711 2540 1922 2581 adfirmat.
1967 2541 2055 2581 Sed

1165 2607 1429 2647 Plutarchus
1456 2606 1577 2656 hujus
1597 2605 1660 2646 rei
1687 2605 1909 2645 exordium
1935 2617 1959 2644 a
1976 2605 2056 2645 So·

1166 2672 1264 2712 lone
1285 2671 1416 2712 ducit.
1450 2672 1580 2711 Coler.

1221 2737 1244 2788 ς
1263 2738 1288 2774 2
1307 2733 1617 2785 Adumbratum]
1639 2734 1737 2775 Non
1751 2736 2053 2786 apparentem,

1165 2798 1422 2849 involutum,
1443 2810 1623 2839 caecum.

1224 2862 1491 2914 pinguissima
1512 2861 1672 2915 Lydiae]
1703 2861 1774 2917 *Et
1792 2862 2054 2912 locupletem

1166 2932 1213 2968 et
1251 2928 1449 2980 pecuniae
1493 2927 1672 2967 divitem
1706 2925 1854 2976 fuisse,
1893 2931 2055 2977 praeter

1167 2991 1458 3042 Herodotum,
1492 2991 1766 3042 Strabonem,
1800 2995 1845 3030 et
1879 2991 2051 3030 Cicero-

1163 3067 1278 3106 nem,
1316 3054 1509 3094 ostendit
1546 3053 1742 3106 Alpheus
1781 3053 1943 3094 Poe‘ta:
1994 3053 2053 3091 Οὐ

1164 3117 1318 3170 στέργω
1353 3116 1586 3166 βαθυληΐους
1613 3116 1790 3170 ἀρούρας,
1822 3116 1905 3156 Οὐκ
1932 3116 2055 3161 ὄλβον

1163 3182 1416 3235 πολύχρυσον
1433 3181 1496 3223 οἶα
1515 3182 1656 3234 Γύγης.
1688 3183 1814 3220 Coler.

1220 3247 1335 3287 CAP.
1375 3258 1428 3287 11.
1478 3248 1502 3299 ς
1537 3250 1557 3286 1
1605 3245 1777 3297 Appium
1825 3241 2053 3293 Claudium]

1164 3310 1362 3350 Primum
1400 3310 1646 3361 exemplum
1678 3313 1742 3347 est
1774 3305 1876 3345 illud
1915 3303 2052 3355 Appii

1166 3373 1354 3425 Claudii,
1378 3373 1450 3425 qui
1479 3384 1620 3412 caecus
1640 3371 1683 3410 in
1711 3370 1915 3409 Senatum
1945 3367 2050 3407 duc·

1166 3440 1252 3486 tus,
1269 3447 1367 3475 cum
1387 3436 1441 3475 de
1460 3447 1568 3487 pace
1588 3446 1684 3473 cum
1703 3431 1871 3483 Pyrrho
1887 3429 2048 3470 facien-

1164 3504 1222 3542 da
1240 3502 1557 3542 consultaretur
1576 3499 1617 3538 in
1632 3499 1810 3546 Senatu,
1842 3495 2049 3535 dissuasit

1161 3578 1248 3606 non
1270 3566 1334 3605 his
1352 3576 1443 3604 esse
1462 3560 1778 3603 conditionibus
1791 3558 2048 3610 faciendam,
