2320 4004
354 296 494 350 1198

352 429 553 479 occisum,
573 427 714 480 agnito
729 427 880 479 fratre,
893 428 1058 479 ingenti
1075 430 1233 470 lamen·

352 493 518 533 tatione
540 493 672 543 edita,
693 505 795 543 rogo
815 493 853 532 ei
871 498 1108 540 exstructo,
1136 495 1230 546 ipse

352 568 483 607 supra
503 568 649 607 rogum
677 567 720 594 se
742 554 988 607 transfodit,
1017 562 1060 597 et
1081 557 1231 596 eodem

352 618 455 671 igne
474 623 748 670 consumptus
770 618 864 658 est.’
918 619 1008 660 Aut
1027 632 1129 672 ergo
1147 621 1231 659 Va·

351 682 480 722 lerius
497 682 699 721 dissentit
719 694 743 721 a
765 682 903 733 Livio,
922 688 996 722 aut
1024 683 1109 723 duo
1142 682 1230 722 fue-

355 751 456 784 runt
475 745 672 796 exempla
691 744 859 795 similia,
877 746 986 785 alter
1006 746 1048 785 in
1069 747 1232 786 exerci—

355 815 404 848 tu
434 807 600 857 Cinnae,
626 808 736 847 alter
771 808 966 858 Sertorii,
996 815 1086 859 aut,
1119 810 1231 862 quod

351 871 504 911 melius
541 871 757 922 est,-quia
804 871 1023 924 conjuncti
1060 871 1231 912 fuerunt

355 935 494 975 Cinna
517 939 563 974 et
579 933 810 985 Sertorius,
841 940 890 974 ut
922 934 1027 974 nihil
1059 934 1231 974 intersit

356 1004 496 1038 utrum
527 998 710 1038 Cinnam
742 998 861 1039 dicat
891 1011 943 1038 an
979 998 1229 1038 Sertorium.

357 1063 509 1107 Oliver.

407 1126 458 1165 In
489 1124 593 1175 acie]
634 1123 814 1176 Legitur
832 1135 1018 1176 quoque,
1042 1124 1085 1163 in
1111 1124 1233 1164 aciem

353 1191 579 1242 instantem,
607 1195 656 1230 ut
686 1190 885 1242 loquatur
904 1189 958 1228 de
979 1189 1070 1228 acie
1091 1189 1234 1228 oculo-

355 1265 463 1294 runi.

404 1315 518 1356 CAP.
541 1325 602 1354 vl.
630 1313 872 1364 Intentatus]
918 1313 988 1352 Ita
1007 1312 1050 1351 in
1071 1311 1233 1352 Cauch.

353 1378 450 1420 cod.
467 1378 533 1417 vel
553 1378 648 1429 lege
666 1377 931 1416 intemeratus.
986 1375 1144 1427 Vulgo,
1172 1375 1233 1414 in-

349 1444 518 1493 terdum,
531 1453 657 1494 quam
672 1452 819 1482 vocem
835 1438 1033 1492 apposite
1045 1438 1236 1478 nonnulli

353 1505 479 1547 codd.
500 1504 720 1545 omittunt.

407 1572 473 1623 §1
503 1569 657 1608 Brutus
693 1565 846 1618 consul]
911 1565 1022 1606 Haec
1055 1564 1238 1606 historia

353 1633 548 1686 superius
567 1645 646 1685 per
662 1631 887 1672 transitum
917 1635 1123 1670 annotata
1140 1628 1236 1670 fuit.

353 1699 466 1739 Nam
488 1709 582 1737 cum
603 1702 783 1748 propter
807 1693 1021 1734 Lucretiae
1042 1697 1237 1744 stuprum

354 1774 474 1815 reges
493 1762 601 1802 urbe
619 1761 782 1800 Brutus
802 1752 1029 1811 ejecisset3
1067 1758 1130 1797 illi
1150 1757 1236 1809 pri-

355 1838 470 1866 mum
488 1823 637 1865 fraude
656 1824 700 1864 in
718 1823 904 1875 patriam
935 1821 1079 1862 redire
1098 1826 1237 1861 tenta-

355 1895 470 1928 runt.
529 1887 616 1930 Qui
635 1886 710 1927 ubi
731 1885 1000 1926 obstructum
1022 1884 1103 1924 sibi
1121 1883 1237 1923 frau-

356 1953 420 1992 dis
461 1951 547 1992 iter
584 1950 906 2000 intellexerunt,
948 1947 1001 1987 ad
1044 1952 1238 1998 apertam

355 2016 439 2057 vim
459 2018 506 2056 et
525 2015 836 2055 Hetruscorum
858 2011 1016 2051 auxilia
1036 2008 1239 2060 confuge-

357 2087 485 2122 runt:
515 2080 667 2133 quibus
694 2078 812 2130 freti,
827 2089 979 2128 magno
1000 2088 1095 2116 cum
1116 2086 1239 2115 exer-

355 2146 444 2185 citu
477 2144 520 2183 in
557 2142 666 2183 fines
706 2143 993 2183 Romanorum
1029 2139 1241 2190 irrupere.

356 2206 585 2249 Profectus
617 2211 684 2246 est
713 2205 843 2257 igitur
877 2203 1044 2244 obviam
1062 2202 1241 2251 Brutus,

357 2283 482 2324 quem
498 2282 595 2312 cum
613 2268 754 2309 Aruns
773 2267 881 2319 regis
895 2265 1008 2306 filius
1026 2277 1123 2305 cum
1141 2276 1241 2305 con·

358 2327 568 2374 sularibus
611 2331 846 2384 fulgentem
875 2328 1110 2382 insignibus
1141 2338 1241 2367 con·

355 2397 584 2450 spexisset,
597 2396 804 2436 acerrimo
824 2394 973 2434 dolore
993 2397 1038 2433 et
1051 2402 1240 2444 praerep-

358 2464 390 2503 ti
408 2461 532 2514 regni
550 2459 758 2501 memoria
770 2459 936 2499 excitus
956 2461 1001 2496 et
1018 2456 1242 2507 impulsus,

358 2538 469 2578 equo
498 2524 736 2565 calcaribus
768 2522 939 2572 adacto,
960 2520 1047 2560 ruit
1078 2520 1123 2559 in
1143 2530 1241 2559 con-

359 2588 508 2628 sulem.
565 2586 692 2629 Quod
713 2586 784 2625 ille
796 2583 1042 2634 advertens,
1061 2594 1147 2622 non
1165 2582 1242 2622 mi·

360 2651 454 2691 nori
473 2651 613 2690 animo
644 2650 689 2688 in
722 2649 883 2688 hostem
914 2645 1070 2696 fertur,
1099 2650 1243 2685 tanto-

361 2725 443 2767 que
470 2714 650 2765 impetu,
685 2718 731 2752 et
762 2717 848 2751 tam
867 2710 986 2749 nulla
1014 2708 1079 2747 sui
1099 2712 1244 2759 prote-

363 2777 505 2830 gendi,
519 2776 595 2816 sed
614 2775 706 2815 sola
723 2774 856 2814 hostis
884 2770 1069 2812 feriendi
1086 2770 1245 2822 cogita-

361 2843 480 2883 tione
499 2852 751 2882 concursum
771 2845 854 2891 est,
873 2844 922 2879 nt
947 2836 1124 2878 alternis
1144 2846 1246 2874 con·

362 2906 437 2946 fixi
467 2906 618 2956 hastis,
649 2903 773 2944 ambo
805 2903 970 2954 pariter
1001 2903 1245 2941 consterne-

364 2975 528 3020 rentnr,
554 2979 769 3021 superque
788 2966 979 3007 occisum
1013 2976 1091 3004 sua
1118 2973 1246 3001 manu

367 3034 574 3075 Aruntem
601 3033 691 3083 ipse
720 3036 866 3071 mutuo
889 3030 1065 3070 vulnere
1084 3028 1246 3066 Brutus

366 3096 598 3150 expiravit,
634 3100 696 3141 et,
725 3099 776 3133 ut
813 3093 927 3132 Flori
963 3096 1059 3132 utar
1098 3089 1246 3140 verbo,

367 3158 490 3214 quasi
526 3157 675 3198 consul
708 3155 966 3207 adulterum,
995 3159 1044 3194 ut
1071 3153 1143 3193 ille
1174 3151 1249 3203 ait,

367 3234 444 3265 seu
478 3221 623 3262 verius
670 3217 854 3259 adulteri
896 3216 1090 3267 fratrem,
1115 3227 1248 3266 regno

310 3288 314 3289 ⁷
369 3286 553 3338 pulsum,
572 3283 661 3324 vita
680 3292 847 3336 quoque
868 3280 1064 3333 pelleret,
1082 3284 1127 3318 et
1153 3290 1250 3318 eum

369 3350 424 3390 ad
460 3348 621 3390 inferos
653 3350 920 3400 sequeretur.
974 3345 1119 3385 Funus
1151 3356 1249 3383 con·

371 3415 451 3455 suli
492 3413 620 3454 rebus
647 3412 843 3454 omnibus
880 3411 1148 3464 praeclarum,
1176 3407 1251 3447 sed

374 3479 489 3518 nulla
510 3489 556 3518 re
576 3478 727 3530 magis,
745 3487 870 3529 quam
902 3473 1015 3528 quod
1049 3484 1144 3512 eum
1166 3481 1251 3510 ma-

373 3545 507 3582 tronae
527 3552 673 3582 omnes
693 3543 741 3581 ut
774 3543 994 3590 parentem
1013 3547 1123 3577 anno
1142 3535 1250 3576 inte-

942 310 1119 349 NOTAE
1159 309 1491 349 VARIORUM
1535 311 1599 349 m

1292 442 1368 482 gro
1387 431 1603 471 luxerunt.
1633 429 1782 471 Oliver.

1351 494 1520 544 Uterque
1538 494 1730 547 mortifico
1747 494 1905 534 vulnere
1922 493 2046 545 ictus]
2081 493 2174 538 Ali<

1292 563 1373 608 ter,
1390 558 1603 606 mortifero.
1657 558 1852 598 Quatuor
1871 562 2040 597 veteres
2061 557 2176 611 libri,

1290 621 1480 673 mortifico
1509 621 1680 670 vulnere,
1705 620 1863 671 legunt.
1918 620 1990 660 Sic
2021 632 2046 660 a
2073 618 2173 659 Vir-

1293 684 1392 735 gilio
1410 684 1570 723 dictum
1592 682 1761 723 AEneid.
1816 687 1828 706 ‘
1845 682 2173 736 Vulnificusque

1292 745 1496 798 chalybs?
1522 746 1706 797 Pighius.

1347 811 1515 862 Merito]
1542 810 1570 851 J
1576 822 1665 861 ure,
1680 809 1830 861 inquit,
1843 807 2041 859 dixerim,
2055 818 2173 859 mag·

1294 886 1349 913 no
1368 874 1610 913 libertatem
1632 872 1894 924 constitisse,
1914 872 2014 925 quia
2029 878 2175 913 aucto·

1294 948 1384 976 rein
1404 935 1620 976 libertatis
1642 935 1798 975 amisit.

1349 1001 1413 1051 §2
1453 999 1554 1038 Cum
1581 1002 1727 1048 autem,
1763 998 1852 1050 εμπ]
1898 996 1952 1038 Q.
1990 995 2174 1037 Servilio

1295 1061 1434 1102 Ahala
1469 1067 1514 1101 et
1554 1061 1602 1100 L.
1642 1060 1839 1100 Genucio
1874 1059 1995 1099 Coss.
2036 1058 2178 1099 forum

1293 1127 1480 1166 medium
1500 1127 1752 1176 Romanum,
1779 1124 1867 1164 sive
1899 1130 2014 1164 motu
2037 1130 2179 1176 terra»,

1297 1201 1378 1229 seu*
1404 1201 1487 1242 qua
1520 1190 1562 1228 vi
1596 1189 1694 1240 alia,
1711 1189 1867 1229 dicitur
1895 1201 2027 1240 specu
2059 1194 2178 1228 vasto

1297 1252 1340 1292 in
1361 1252 1607 1291 immensam
1640 1250 1911 1291 altitudinem
1939 1249 2071 1290 fuisse
2092 1251 2178 1290 col-

1297 1316 1482 1367 lapsum,
1516 1327 1655 1367 neque
1688 1325 1780 1354 eam
1815 1315 2058 1366 voraginem
2078 1324 2178 1358 con-

1290 1379 1416 1431 jectu
1453 1385 1599 1429 terrae,
1638 1389 1734 1416 cum
1782 1388 1860 1427 pro
1907 1388 1952 1415 se
1998 1375 2179 1427 quisque

1300 1447 1571 1494 congereret,
1601 1440 1766 1494 expleri
1813 1439 2025 1492 potuisse,
2059 1438 2178 1491 prius

1300 1519 1427 1560 quam
1446 1507 1586 1547 Deum
1615 1505 1780 1545 monitu
1813 1503 1946 1556 quaeri
1975 1508 2179 1555 coeptum,

1299 1582 1384 1623 quo
1403 1569 1627 1622 plurimum
1648 1568 1829 1620 populus
1851 1567 2065 1606 Romanus
2085 1577 2179 1617 pos-

1301 1640 1384 1685 set,
1398 1633 1443 1674 id
1464 1638 1586 1674 vates
1606 1632 1820 1673 canebant
1836 1629 2129 1682 injiciendum,
2144 1627 2181 1668 si

1300 1709 1438 1749 remp.
1462 1697 1693 1736 Romanam
1714 1699 1968 1747 perpetuam
1987 1704 2081 1732 esse
2098 1691 2185 1734 vel·

1301 1763 1406 1803 lent.
1422 1763 1541 1802 (Tum
1560 1762 1625 1801 M.
1643 1760 1834 1802 Curtium
1847 1759 2051 1811 juvenem
2069 1756 2182 1796 bello

1300 1825 1519 1878 egregium
1540 1824 1775 1876 castigasse
1806 1821 1956 1863 foeunt
1985 1819 2183 1860 dubitan-

1302 1894 1384 1940 tes,
1402 1901 1454 1929 an
1471 1888 1603 1927 ullum
1616 1887 1751 1939 majus
1766 1885 2005 1926 Romanum
2025 1883 2184 1924 bonum

1299 1957 1431 2002 esset,
1463 1963 1590 2004 quam
1621 1962 1736 1989 arma
1767 1949 1945 2000 virique.
1998 1944 2185 1986 Silentio

1303 2015 1456 2056 deinde
1476 2013 1609 2065 facto,
1626 2013 1786 2065 templa
1802 2013 1996 2052 Deorum
2014 2009 2185 2048 immor-

1303 2079 1465 2129 talium,
1491 2089 1586 2130 quae
1614 2075 1707 2116 foro
1737 2072 2030 2122 imminebant,
2059 2070 2188 2123 Capi·

1304 2142 1536 2193 toliumque
1557 2140 1815 2189 intuentem,
1842 2141 1887 2175 et
1901 2145 2054 2175 manus
2072 2144 2187 2173 nunc

1304 2206 1347 2246 in
1381 2205 1554 2254 coelum,
1587 2215 1702 2244 nunc
1740 2203 1784 2241 in
1822 2205 2022 2253 patentes
2057 2204 2185 2238 terrae

1303 2270 1445 2310 hiatus
1464 2266 1517 2308 ad
1535 2268 1650 2307 Deos
1664 2266 1818 2306 Manes
1832 2262 2186 2315 porrigentemse

1305 2332 1529 2372 devovisse
1544 2343 1555 2370 :
1586 2341 1695 2383 equo
1709 2326 1866 2368 deinde
1878 2337 2004 2378 quam
2019 2326 2190 2374 poterat

1305 2395 1572 2437 ornatissimo
1613 2391 1868 2433 insidentem
1899 2390 2110 2429 armatum
2142 2397 2188 2425 se

1305 2460 1350 2500 in
1399 2471 1573 2511 specum
1620 2454 1861 2504 immisisse,
1906 2452 2106 2504 donaque
2141 2454 2190 2490 et

1306 2523 1452 2575 fruges
1473 2534 1602 2574 super
1633 2533 1729 2561 eum
1751 2532 1776 2559 a
1796 2516 2071 2558 multitudine
2088 2527 2190 2556 con-

1307 2593 1469 2638 gestaS,
1507 2586 1732 2635 lacumque
1782 2583 1979 2621 Curtium
2016 2591 2101 2619 non
2134 2578 2189 2617 ab

1309 2649 1487 2702 antiquo
1525 2648 1598 2687 illo
1631 2648 1682 2686 Τ.
1719 2645 1832 2685 Tatii
1870 2643 2006 2683 milite
2038 2641 2190 2682 Curtio

1308 2711 1462 2762 Metio,
1483 2710 1559 2750 sed
1591 2709 1644 2749 ab
1675 2709 1756 2749 hoc
1785 2706 2060 2759 appellatum.
2106 2702 2192 2742 Oli-

1307 2775 1452 2815 verius.
1684 2800 1686 2802 -

1364 2836 1587 2877 pristinum
1599 2832 1792 2884 habitum]
1807 2830 2043 2872 Minutius:
2064 2830 2077 2853 ‘
2091 2828 2194 2869 Tes-

1311 2901 1367 2941 tis
1395 2906 1441 2940 et
1462 2899 1651 2950 Curtius,
1682 2897 1754 2950 qui
1781 2895 1880 2948 eqni
1911 2894 1975 2934 sui
1995 2893 2063 2933 vel
2081 2892 2193 2932 mole

1311 2964 1380 3003 vel
1399 2963 1559 3002 honore
1579 2961 1740 3000 hiatum
1775 2956 2000 3011 profundae
2031 2955 2191 3006 voragi-

1311 3027 1378 3067 nis
1397 3023 1670 3077 adaequavit.’
1723 3023 1895 3062 Falsum
1929 3020 2062 3072 igitur
2079 3016 2193 3070 quod

1312 3092 1464 3131 Festus
1483 3087 1627 3140 prodit
1642 3086 1696 3126 de
1715 3086 1810 3125 lacu
1827 3083 1991 3125 Curtio.
2021 3081 2148 3120 Coler.

1367 3156 1390 3206 ς
1409 3157 1433 3194 3
1459 3151 1633 3192 Genucio
1650 3150 1748 3201 Cipo
1762 3145 1942 3200 proetori]
1959 3145 2030 3185 Ita
2049 3145 2194 3194 legen-

1312 3217 1429 3257 dum.
1484 3215 1643 3265 Vulgo,
1675 3212 1813 3263 Cippo.
1871 3208 1984 3249 Nam
2004 3207 2068 3246 ita
2091 3205 2194 3245 scri-

1312 3280 1431 3327 bitur
1458 3287 1695 3328 cognomen
1725 3274 1766 3313 in
1796 3269 2016 3323 argenteis
2035 3267 2195 3320 bigatis
2231 3319 2240 3323 ὴ

1315 3340 1630 3394 antiquissimis,
1675 3347 1726 3377 M.
1763 3345 1876 3375 0191.
1911 3335 1964 3372 M}
2002 3342 2042 3372 F.
2082 3330 2194 3370 Vide

1315 3405 1501 3446 Annales
1533 3407 1717 3442 nostros.
1774 3397 1921 3450 Atque
1945 3395 2060 3435 idem
2092 3403 2195 3433 con-

1313 3469 1486 3510 firmant
1499 3464 1660 3507 vetusti
1677 3461 1864 3510 codices,
1883 3455 2196 3506 Atrebatensis,

1317 3527 1655 3580 Gemblacensis‚
1673 3531 1718 3569 et
1737 3521 2018 3569 coloniensis.
2046 3518 2174 3571 Pige«
