2346 3996
612 321 874 365 VALERM
920 318 1164 356 MAxlm
1212 318 1329 357 [AB.
1358 320 1464 357 vll.
1505 320 1638 357 CAP.
1666 305 1718 358 6.

247 442 470 484 Arbachos
502 439 544 479 in
584 439 794 491 Hispania
830 437 1020 486 domuit:
1053 441 1134 477 διο.

252 507 359 546 Oliv.
387 503 580 554 Contigit
599 502 654 542 A.
674 503 728 543 U.
750 513 894 542 Dcvn.
917 509 960 541 et
982 513 1111 541 ncix.

302 570 369 609 De
397 565 783 617 Pseudo-Philippo]
815 568 883 606 De
899 564 1009 604 falso
1034 563 1132 602 Phi-

246 633 382 684 lippo,
418 631 460 670 id
498 637 578 682 est,
613 631 685 683 qui
721 643 768 670 se
814 628 921 669 falso
970 628 1131 680 Philip-

247 695 292 746 pi
322 695 435 744 regis
471 694 603 734 filium
647 705 911 744 asseverans,
949 705 1003 732 ex
1037 703 1134 731 con-

245 758 401 798 cubina
421 765 583 807 natum,
614 763 751 798 totam
771 756 907 796 ferme
925 755 1131 796 Macedo-

245 821 361 863 niam
377 823 509 862 multo
524 821 674 862 favore
688 827 992 873 occupaverat.
1027 820 1132 859 Oliv.

245 887 425 926 Eundem
439 887 486 926 de
502 885 869 937 Pseudo-Philippo
885 884 1130 936 triumphan-

245 953 337 999 tem,
371 948 460 1000 ξω]
507 948 606 987 Non
636 947 852 997 dissimili,
885 960 970 1000 qua
997 947 1131 999 prius,

246 1011 425 1052 audacia
444 1012 486 1051 in
505 1011 618 1051 hunc
638 1023 805 1063 quoque
841 1011 978 1051 locum
1013 1022 1130 1062 gras-

245 1076 329 1116 sati
373 1081 473 1115 sunt
519 1075 656 1114 scioli.
713 1075 896 1114 Constat
929 1073 1042 1113 enim
1073 1074 1129 1115 Q.

243 1139 472 1180 Metellum
487 1138 820 1178 Macedonicum
841 1138 1129 1190 triumphasse

241 1202 297 1242 de
343 1201 758 1254 Pseudo-Philippo,
793 1201 1037 1255 bellumque
1071 1199 1129 1241 A·

241 1266 434 1307 clinicum
465 1265 652 1318 gessisse
683 1278 736 1305 ex
768 1271 972 1317 praetura,
990 1265 1130 1316 prius-

238 1342 366 1383 quam
422 1330 692 1369 consulatum
748 1334 940 1382 peteret.
994 1326 1130 1380 Atqui

238 1395 332 1435 haec
369 1394 505 1434 verba
557 1399 726 1445 sonant,
781 1396 879 1445 post
917 1393 1130 1444 repulsam

235 1461 484 1501 consulatus
498 1459 792 1511 triumphasse,
803 1457 1129 1510 Achaicumque

237 1524 396 1565 bellum
418 1522 669 1576 profligasse
698 1523 942 1563 Metellum.
1001 1520 1128 1563 Quod

238 1589 365 1641 plane
399 1587 552 1627 falsum
586 1598 695 1636 esse,
729 1587 798 1627 vel
821 1586 936 1626 solus
959 1589 1126 1638 auctor,

236 1651 310 1704 qui
343 1650 398 1691 de
418 1651 532 1691 Viris
562 1649 811 1690 Illustribus
839 1648 1026 1700 scripsit,
1055 1648 1128 1688 ab·

236 1714 352 1755 uude
407 1714 535 1754 docet
572 1726 670 1766 cap.
720 1717 789 1754 61.
847 1714 945 1754 Hoc
995 1717 1126 1765 pacto

236 1777 360 1818 nobis
378 1777 511 1818 bonos
528 1784 744 1824 ‚auctores
776 1776 1126 1817 deformaverunt

234 1840 543 1894 glossographi.
599 1841 731 1881 Verae
754 1846 899 1881 tamen
923 1840 1124 1881 lectionis

233 1903 418 1955 vestigia
438 1903 635 1956 quaedam
667 1915 912 1949 remansere
934 1904 975 1944 in
999 1904 1124 1944 Cam-

233 1967 359 2020 pensi
393 1967 520 2019 libro,
557 1968 691 2020 cnjus.
713 1967 882 2008 initium
921 1968 1008 2009 tale
1043 1968 1123 2009 hoc

234 2031 360 2072 modo
379 2033 722 2084 prosequendum
744 2032 920 2084 opinor:
950 2034 963 2055 ‘
983 2032 1122 2073 Quem

233 2094 288 2134 de
337 2095 738 2148 Pseudo-Philippo
784 2095 1123 2148 triumphantem

232 2161 460 2201 universus
490 2166 664 2201 senatus
691 2161 839 2201 laetum
869 2167 915 2200 et
934 2162 1121 2201 alacrem

224 2225 278 2265 {fn
298 2224 557 2275 Capitolium
587 2231 875 2277 prosequutus
894 2230 1003 2265 erat.
1060 2224 1122 2264 A·

234 2288 372 2330 chaici
405 2288 536 2328 etiam
565 2287 683 2338 belli,
712 2287 780 2328 cui
810 2299 1013 2327 summam
1034 2301 1122 2328 ma-

231 2365 334 2394 num
373 2353 420 2393 L.
459 2351 692 2391 Mummius
725 2351 907 2403 adjecit,
936 2352 1121 2391 maxima

233 2429 332 2470 pars
363 2416 417 2456 ab
445 2416 526 2455 hoc
556 2415 648 2456 viro
683 2414 915 2467 profligata
944 2413 1121 2456 fuerat.'

235 2481 361 2532 Pigh.

285 2544 453 2586 Achaici
472 2544 607 2596 etiam,
627 2545 716 2596 εμπ]
746 2545 873 2587 Quod
904 2550 951 2586 et
978 2545 1121 2586 Autor

236 2608 292 2657 de
311 2609 407 2648 Vir.
430 2609 572 2648 Illust.
602 2608 663 2648 ita
692 2614 903 2649 testatur:
934 2609 1119 2649 ‘Lucius

232 2672 483 2720 Mummius,
513 2671 661 2711 deleta
679 2670 862 2723 Achaia,
896 2670 1121 2724 Achaicus,

234 2736 440 2776 adversus
461 2735 705 2776 Corinthios
723 2736 872 2776 missus
894 2736 1117 2776 victoriam

231 2801 372 2854 alieno
413 2798 559 2839 labore
599 2800 820 2851 quaesitam
859 2799 1115 2853 intercepit:

229 2875 327 2902 nam
345 2875 440 2903 cum
461 2863 555 2903 illos
575 2863 783 2903 Metellus
805 2863 1115 2904 Macedonicus

232 2927 346 2977 apud
387 2927 649 2967 Heracleam
687 2925 890 2976 fudisset,
925 2933 969 2967 et
1005 2928 1115 2968 duce

232 2992 424 3031 Critolao
446 2991 673 3044 privasset,
703 3004 800 3031 cum
822 2992 1048 3033 lictoribus
1070 3000 1116 3034 et

231 3055 378 3108 paucis
415 3054 634 3107 equitibus
668 3054 714 3094 in
759 3056 929 3096 Metelli
972 3065 1116 3097 castra

229 3116 514 3171 properavit!
546 3117 698 3158 Olirer.
757 3119 955 3172 Contigit
978 3119 1034 3161 A.
1060 3121 1114 3162 U.

232 3191 393 3223 υοιιΧ.

286 3246 363 3285 Cui
389 3257 482 3284 mox
499 3245 601 3284 duas
626 3244 866 3286 clarissimas
892 3247 1114 3298 prot-incias

229 3311 298 3348 aut
314 3310 478 3347 daturus
491 3312 594 3358 erat,
607 3313 678 3348 aut
694 3309 910 3363 debiturus,
922 3311 1112 3352 Achaiam

228 3376 266 3409 et
287 3370 578 3422 Macedoniam]
616 3371 686 3412 Ita
716 3373 858 3424 vulgo.
916 3375 1013 3414 Non
1036 3375 1110 3415 da-

229 3432 304 3471 bat
324 3438 411 3471 tum
424 3433 663 3482 provincias
678 3447 794 3487 pop„
810 3437 883 3477 sed
899 3450 973 3478 eas
990 3451 1111 3478 sena-

231 3501 300 3535 tus
347 3493 609 3536 decernebat
655 3499 976 3550 magistratibus
1024 3515 1110 3542 sor-

231 3557 414 3600 tiendas.
470 3557 564 3598 Alia
583 3565 652 3613 est
667 3561 797 3603 lectio
818 3564 860 3604 in
884 3564 1111 3619 Campensi

1938 305 2078 358 1271

1196 437 1285 477 sic:
1315 440 1378 477 cui
1415 452 1506 479 mox
1535 441 1632 478 duas
1661 438 1898 479 clarissimas
1925 439 2081 490 provin·

1195 502 1278 539 cias
1302 507 1371 540 aut
1401 503 1603 542 debiturus
1634 506 1733 551 erat,
1765 506 1834 541 aut
1863 501 2078 542 debiturus.

1198 565 1426 604 Mendose.
1479 567 1727 618 Legendum
1779 565 1892 605 enim
1942 572 2077 618 puto:

1195 631 1262 665 aut
1296 628 1471 678 debebat,
1503 634 1572 669 aut
1601 634 1685 668 emt
1715 630 1932 670 debiturus.
1989 630 2081 669 De-

1197 690 1327 730 bebat
1364 692 1472 731 cuim
1527 693 1586 731 illi
1633 693 1952 742 Macedoniam,
1981 705 2078 732 cum

1195 761 1374 803 negaret
1426 757 1712 806 consulatum,
1757 761 1802 796 et
1854 755 2079 796 debiturus

1193 829 1292 856 mox
1357 824 1451 858 erat
1509 819 2078 871 Hispaniamciteriorem,

1195 893 1319 933 quam
1364 889 1464 934 post
1516 884 1804 934 consulatum,
1842 883 2076 923 Celtiberis

1194 945 1399 994 subactis,
1420 946 1459 984 in
1478 952 1735 997 potestatem
1752 946 1933 998 redegit.
1964 947 2078 988 Hinc

1195 1010 1372 1060 pulchre
1407 1010 1454 1050 L.
1486 1010 1639 1049 Florus
1679 1009 1756 1050 lib.
1792 1021 1844 1050 11.
1877 1022 1976 1062 cap.
2009 1013 2080 1050 17.

1190 1074 1428 1114 ‘Metellus
1465 1074 1551 1124 ille,
1609 1075 1678 1115 cui
1721 1087 1774 1114 ex
1816 1075 2077 1116 Macedonia

1192 1149 1446 1189 cognomen,
1498 1144 1712 1178 meruerat
1749 1144 1797 1179 ct
1849 1138 2078 1179 Celtiberi-

1191 1214 1266 1241 cus
1315 1201 1439 1242 fieri.’
1494 1202 1681 1242 Nomina
1721 1214 1824 1243 vero
1867 1201 2081 1254 provinci-

1192 1277 1313 1304 arum
1368 1277 1461 1319 quae
1504 1271 1746 1319 sequuntur
1796 1265 1840 1305 in
1888 1267 2076 1318 vulgatis

1191 1329 1526 1381 exemplaribus,
1566 1330 1719 1369 Achaia
1755 1333 1801 1368 et
1842 1329 2078 1369 Macedonia

1193 1392 1377 1442 scilicet,
1406 1393 1449 1432 in
1488 1392 1720 1444 Campensi
1748 1403 1868 1431 erasa
1893 1397 2009 1444 sunt,
2029 1398 2077 1432 et

1193 1468 1275 1496 non
1297 1457 1407 1497 male
1437 1456 1651 1509 profecto,
1674 1468 1771 1496 cum
1789 1468 1843 1495 ex
1864 1454 1982 1496 falsis
2003 1468 2075 1496 an-

1191 1522 1499 1562 notatiunculis
1543 1521 1630 1562 sint
1683 1519 1876 1560 fortassis
1916 1526 2074 1562 assuta.

1191 1588 1315 1639 Pigh.

1245 1654 1267 1705 ς
1283 1656 1307 1691 5
1328 1651 1506 1693 Divitias
1522 1656 1559 1691 et
1575 1649 1739 1702 imperia
1752 1649 1942 1703 largitus]
1961 1649 2074 1690 Nam

1189 1723 1405 1770 occupata
1450 1715 1686 1768 republica,
1735 1714 2075 1766 proscriptorum

1188 1779 1347 1820 civium
1382 1780 1493 1820 bona
1522 1778 1717 1829 donavit,
1737 1779 2010 1830 magistratus
2030 1784 2076 1818 et

1189 1844 1431 1894 provincias
1461 1848 1592 1895 atque
1626 1842 1810 1895 imperia
1831 1855 1910 1895 pro
1929 1854 2006 1882 sua
2026 1842 2074 1883 li-

1186 1906 1333 1947 bidine
1354 1907 1493 1947 dedit.
1533 1907 1640 1947 Ociv.

1238 1971 1366 2022 Leges
1400 1975 1575 2012 vetustas
1606 1969 1833 2022 abrogavit]
1889 1970 2074 2011 Sustulit

1184 2036 1304 2087 leges
1334 2036 1548 2089 antiquas,
1587 2048 1684 2088 quae
1714 2035 1801 2075 suis
1835 2035 2073 2076 rationibus

1185 2100 1465 2150 obsisterent,
1498 2105 1543 2140 et
1574 2099 1818 2151 praesertim
1841 2111 1936 2138 cum
1956 2099 2073 2139 cives

1185 2176 1209 2203 a
1223 2164 1365 2205 Mario
1379 2163 1648 2216 proscriptos
1662 2162 1899 2202 revocavit.
1921 2162 2045 2202 Idem.

1241 2229 1352 2267 CAP.
1374 2239 1439 2268 vl.
1468 2229 1490 2279 ᾧ
1522 2230 1544 2267 1
1578 2226 1701 2278 Nam,
1736 2227 1822 2278 ξω]
1855 2226 1984 2266 Cont.
2012 2224 2071 2266 A.

1185 2290 1241 2331 U.
1264 2301 1485 2330 nxxxvu.

1241 2354 1421 2399 Quatuor
1458 2357 1498 2393 et
1539 2352 1689 2402 rigintz'
1729 2351 1874 2404 millia]
1920 2351 2070 2404 Longe

1183 2416 1408 2468 discrepat
1429 2417 1593 2456 aLivio
1628 2417 1672 2456 in
1711 2427 1891 2455 numero
1925 2427 2072 2455 servo-

1184 2491 1276 2519 rum
1296 2493 1307 2519 z
1338 2492 1435 2519 nam
1455 2486 1622 2519 tantum
1643 2485 1743 2519 octo
1770 2479 1902 2519 millia
1934 2479 2070 2519 fuisse

1183 2544 1317 2584 tradit
1346 2544 1507 2594 Livius,
1536 2544 1602 2584 cui
1635 2544 1870 2584 assentitur
1898 2545 2069 2584 Macro-

1184 2607 1276 2647 bius
1311 2607 1527 2647 Saturnal.
1558 2607 1632 2647 lib.
1650 2619 1683 2647 1.
1717 2620 1813 2648 cum
1845 2607 1928 2648 ait:
1962 2608 1975 2630 ‘
1996 2606 2067 2646 Ad

1183 2672 1349 2712 Cannas
1363 2672 1488 2712 victis
1507 2672 1818 2712 Romanisocto
1833 2672 1966 2712 millia
1982 2684 2069 2712 ser-

1182 2747 1327 2775 vorum
1375 2741 1522 2787 empta
1579 2735 1909 2777 militaverunt.’
1960 2736 2066 2777 Oliv.

1182 2800 1365 2845 Quatuor
1382 2804 1422 2839 et
1440 2799 1589 2849 viginti
1607 2800 1732 2840 millia
1748 2812 1948 2840 servorum
1963 2813 2065 2840 com-

1172 2863 1434 2915 paraverunt]
1477 2864 1724 2920 Legendum
1763 2863 1930 2903 videri:
1971 2876 2067 2915 qua-

1177 2932 1266 2967 tuor
1283 2928 1408 2967 millia
1424 2939 1638 2977 servorum,
1670 2934 1716 2968 et
1735 2940 1928 2968 caussam
1949 2940 2066 2968 erro-

1176 2992 1234 3032 ris
1255 2991 1382 3031 docui
1403 2992 1444 3031 in
1467 3004 1521 3032 11.
1538 2993 1729 3032 Elector.
1757 2991 1868 3044 Lips.

1229 3054 1476 3107 Adactosque
1496 3054 1778 3105 jurejurando]
1814 3055 2065 3094 Sacramen-

1177 3123 1222 3157 to
1240 3117 1405 3157 militiae
1426 3118 1640 3168 astricto-⁸,
1671 3129 1788 3157 more
1802 3117 1937 3169 justae
1958 3117 2063 3167 legi-

1177 3181 1379 3233 timaeque
1399 3181 1582 3220 militiae.
1614 3181 1725 3220 Oliv-

1228 3244 1441 3295 Fidiculis]
1473 3245 1645 3284 Cluver.
1667 3243 1785 3294 legit,
1804 3243 2020 3283 Pediculis.

1230 3310 1372 3361 Capite
1390 3310 1541 3360 censos]
1577 3309 1716 3359 Capite
1734 3310 1837 3347 censi
1856 3308 2058 3348 dicebau-

1174 3379 1259 3424 tur,
1289 3374 1360 3425 qui
1381 3374 1498 3412 nullo
1518 3384 1646 3411 censu
1663 3371 1949 3421 habebantur,
1980 3372 2056 3411 sed

1172 3447 1319 3476 eorum
1339 3437 1485 3488 capita
1501 3435 1634 3474 solum
1648 3433 1943 3483 censebantur,
1958 3435 2059 3486 quia

1172 3513 1323 3552 parum
1363 3500 1431 3540 vel
1464 3498 1568 3537 nihil
1599 3496 1882 3547 possiderent.
1922 3498 2028 3537 Oliv.

1227 3567 1265 3605 E
1282 3564 1408 3615 cellis]
1435 3563 1486 3603 In
1509 3560 1661 3614 quibus
1680 3561 1794 3601 servi
1820 3574 1844 3601 a
1875 3560 2057 3602 dominis
