2288 3990
509 271 769 314 vALuRu
815 270 1055 310 MAX1M1
1100 272 1217 310 nin.
1258 271 1323 309 11.
1362 270 1497 309 cAP.
1523 256 1575 309 9.

133 393 264 439 Hunc
301 390 520 433 Fabricius
553 401 639 430 non
681 387 908 442 probabat,
939 399 1015 427 ne-

132 463 216 511 que
249 457 384 498 amico
416 455 651 505 utebatur-3
695 463 876 506 osusque
915 463 1011 491 eum

131 532 295 561 morum
322 530 448 560 causa
466 516 580 558 fuit:
610 516 686 557 sed
717 516 876 556 cumin
906 519 1012 554 tem-

131 583 304 636 poribus
340 581 462 634 Reip.
500 579 762 622 difficillimis
801 578 1010 620 Consules

129 645 305 687 creandi
335 643 493 691 forent,
529 650 574 684 et
606 643 643 684 is
675 641 853 683 Rufinus
887 646 1011 694 pete-

126 712 198 748 ret
231 708 518 757 consulatum,
545 706 940 759 competitoresque
969 715 1012 743 e·

118 770 194 822 jus
209 775 353 811 essent
379 770 571 810 imbelles
587 769 760 823 quidam
787 774 831 808 et
846 767 1010 818 futiles,

127 845 293 875 summa
311 845 394 886 ope
411 834 588 874 annixus
618 838 684 873 est
703 831 942 884 Fabricius,
960 835 1010 871 ut

125 897 282 939 Rufino
312 899 558 940 consulatus
603 897 872 946 deferretur3
913 907 1007 936 eam

125 975 216 1003 rem
267 963 484 1015 plerisque
534 960 844 1001 admirantibus
891 959 1004 1011 quod

125 1025 338 1067 hominem
383 1036 576 1075 avarum,
613 1023 684 1064 cui
715 1029 832 1063 esset
867 1022 1005 1062 inimi-

124 1088 334 1136 cissimuS,
370 1087 509 1128 creari
538 1086 763 1129 Consulem
805 1085 1007 1137 peteret!

122 1149 252 1191 Hunc
289 1149 488 1190 Rufinum
517 1154 669 1201 postea
695 1147 759 1188 bis
778 1149 1003 1189 consulatu

121 1221 168 1255 et
184 1214 406 1256 dictatura
429 1212 639 1265 functum,
669 1213 834 1254 Censor
852 1214 1003 1254 Fabri-

32 1323 41 1329 .
120 1278 210 1319 cius
234 1278 396 1318 Senatu
415 1277 547 1318 movit
567 1278 621 1317 ob
638 1277 819 1317 luxuriae
840 1283 1003 1327 notam,

121 1341 236 1394 qnod
269 1341 421 1382 decem
465 1340 609 1393 pondo
654 1340 786 1381 libras
833 1341 1002 1393 argenti

120 1403 232 1446 faeti
251 1404 454 1447 haberet..
477 1405 584 1445 Oliv.

178 1468 286 1515 Quid
322 1470 369 1509 de
405 1468 584 1510 Fabricii
625 1467 788 1507 Luscini
822 1467 1002 1519 censura]

119 1533 232 1574 Tam
249 1532 408 1573 sanctis
435 1533 536 1572 olim
567 1532 756 1572 moribus
788 1533 1000 1584 praeditus

119 1595 206 1637 fuit
234 1596 446 1647 Princeps
467 1595 676 1647 Populus,
698 1600 748 1635 ut
773 1595 1001 1646 imperium

119 1660 252 1700 totius
285 1658 472 1699 universi
499 1658 706 1699 meruisse
726 1670 801 1698 suo
820 1658 920 1710 Jure
940 1659 1001 1698 vi-

119 1722 282 1764 deatur.
338 1722 503 1763 Procul
529 1721 724 1762 luxuria:
755 1725 802 1762 et
830 1721 1001 1761 divitia-

119 1797 214 1826 rum
232 1784 461 1826 immodica
483 1784 590 1836 sitis,
618 1797 716 1824 cum
743 1790 790 1824 et
821 1783 999 1824 divitem

118 1860 214 1888 esse
230 1847 386 1900 probro
400 1847 646 1896 haberetur.
679 1847 734 1887 P.
755 1847 999 1888 Cornelium

119 1910 320 1952 Rufinum
357 1911 421 1952 bis
447 1912 672 1952 consulatu
709 1915 838 1964 atque
864 1911 1000 1952 dicta-

119 1982 220 2018 tuta
250 1978 459 2018 illustrem
505 1977 603 2018 ideo
637 1978 800 2018 Senatu
836 1982 999 2018 motum

119 2045 306 2093 constat,
337 2041 453 2094 quod
472 2047 740 2094 compertum
767 2033 883 2083 esset
902 2055 1000 2083 eum

118 2105 291 2155 argenti
326 2103 434 2146 facti
478 2117 612 2146 coenae
663 2105 805 2157 gratia
849 2105 999 2146 decem

117 2168 260 2220 pondo
295 2169 469 2209 habere.
526 2169 607 2209 Ille
642 2169 839 2209 nimirum
873 2181 1001 2210 verus

117 2229 362 2271 divitiarum
383 2243 497 2283 usus,
513 2244 779 2283 supervacua
806 2237 998 2273 coutem-

118 2303 240 2333 nere.
294 2293 522 2334 AEstimare
550 2307 698 2334 aurum
727 2300 908 2347 propter
932 2308 999 2336 os-

118 2356 417 2406 tentationem,
434 2357 668 2398 verissimae
693 2358 915 2398 servitutis
935 2359 997 2398 in-

119 2417 291 2461 dicium.
316 2419 475 2460 Lutum
491 2420 603 2472 quod
620 2432 673 2460 ex
695 2420 851 2460 intimis
868 2426 998 2462 terrae

117 2481 351 2522 visceribus
363 2482 544 2532 eruitur,
557 2488 604 2522 et
615 2482 888 2522 nobilissimae
899 2483 998 2524 huic

120 2551 381 2597 aeternaeque
398 2545 533 2585 menti
547 2545 776 2597 imperabit
793 2546 808 2585 ἓ
836 2545 998 2587 Oculos

118 2607 305 2660 dirigere
323 2609 367 2647 in
386 2609 536 2648 coelum
554 2614 745 2660 oportet,
763 2620 843 2650 nec
863 2610 997 2650 veluti

117 2671 256 2723 glebae
292 2672 554 2724 ascriptitios
589 2671 794 2712 inferiora
839 2673 998 2714 mirari.

116 2735 308 2775 Divitias
339 2747 425 2776 non
449 2737 780 2788 contemnimus,
812 2736 889 2776 sed
910 2737 1000 2777 illa-

118 2809 212 2838 rum
229 2810 315 2839 non
329 2800 616 2840 necessarium
634 2812 773 2840 usum.
815 2800 932 2842 Quin
953 2806 997 2841 et

119 2863 257 2903 omnis
288 2863 460 2903 luxuria
481 2864 707 2905 avaritiam
737 2864 829 2905 alit.
885 2864 996 2906 Quae

118 2925 215 2965 duae
233 2931 379 2978 pestes
406 2926 687 2979 Rerumpubl.
715 2928 812 2979 plus
829 2928 998 2969 laedunt

77 2986 81 2990 ’
118 2998 245 3039 quam
273 2988 426 3029 hostile
444 2987 621 3030 ferrum.
677 2990 799 3031 Ordo
818 2991 885 3032 hic
904 3005 996 3033 mu-

117 3056 214 3092 tuus
251 3064 346 3093 raro
378 3052 510 3103 fallit,
538 3061 736 3106 quaerunt
758 3056 930 3107 prodigi
948 3063 998 3098 ut

117 3113 357 3164 absumant,
402 3115 628 3157 absumunt
678 3121 729 3157 ut
782 3124 994 3169 quaerant.

116 3177 288 3218 Divitiis
305 3177 469 3220 affluis?
515 3179 616 3219 Illas
634 3180 760 3220 unico
781 3188 995 3223 momento

118 3238 283 3280 difflare
314 3246 458 3293 potest
489 3242 610 3282 Deus
635 3242 911 3296 ImmortaliS,
932 3251 996 3286 at-

118 3314 201 3354 que
238 3304 393 3344 malum
438 3305 592 3357 punire
637 3306 993 3358 dispensatorem.

118 3362 190 3402 Au
224 3376 325 3416 ergo
359 3366 601 3407 incumbam
632 3379 735 3408 auro
764 3369 779 3407 ?
815 3369 993 3422 inquies.

120 3426 277 3466 amicos
297 3433 342 3467 et
355 3441 566 3481 pauperes
579 3431 699 3482 juva.
743 3430 876 3484 Atqui
896 3445 993 3485 ego,

120 3493 169 3528 ut
187 3488 374 3541 loquitur
397 3491 548 3545 Poeta,
585 3493 857 3546 ‘Vectigalia
876 3507 991 3548 mag-

1812 255 1955 308 1053

1077 399 1145 439 na,
1164 387 1437 440 Divitiasque
1468 386 1605 427 babeo
1635 384 1772 426 tribus
1792 387 1955 439 amplas

1076 450 1298 502 Regibus?
1353 451 1496 491 Etiam
1514 462 1668 503 magna
1686 448 1860 490 flumina
1880 463 1953 491 ex-

1073 513 1292 555 siccantur
1311 520 1357 556 et
1384 516 1549 556 alveum
1582 519 1765 555 mutant.
1823 515 1956 567 Ecce,

1074 577 1216 628 patria
1234 582 1350 618 tuam
1371 590 1496 630 opem
1527 578 1733 631 postulat,
1759 577 1860 618 dum
1878 578 1956 618 im·

1071 639 1208 681 minet
1245 641 1406 681 cervici
1445 640 1590 682 fatalis
1625 641 1770 682 hostis.
1842 642 1956 682 Ner·

1072 716 1170 743 vum
1190 710 1236 743 tu
1257 704 1502 757 suppedita‚
1516 710 1561 746 et
1574 705 1775 745 auxilium
1795 705 1951 757 patriae

1069 766 1286 819 impende.
1343 769 1481 807 Recte
1527 769 1673 821 itaque
1707 767 1952 821 judicatum

1070 831 1272 880 arbitror,
1297 832 1523 872 Publicam
1552 831 1763 883 diligebat
1787 833 1953 884 magni-

1067 893 1301 948 ficentiam,
1337 895 1558 935 Privatam
1588 895 1737 936 oderat
1765 896 1951 948 populus

1068 959 1302 1000 Romanus.
1341 959 1520 1013 Thysius.

1122 1023 1299 1063 Fabricii
1317 1023 1500 1074 Luscini]
1541 1022 1748 1075 Agellius‚
1769 1028 1813 1064 et
1833 1036 1949 1076 quaea

1067 1085 1165 1126 dam
1209 1085 1420 1127 editiones
1457 1087 1702 1127 Valerianae
1739 1087 1950 1128 Lacinium

1067 1151 1300 1203 appellant.
1354 1151 1547 1191 Lucinum
1580 1151 1750 1203 quidem
1796 1151 1950 1191 Latine

1066 1214 1153 1254 dici
1172 1220 1291 1255 recte
1307 1220 1429 1266 puto,
1460 1220 1507 1255 ut
1528 1215 1706 1255 Lucina.
1762 1216 1819 1255 Et
1834 1215 1948 1267 apud

1065 1278 1366 1330 madentium,
1381 1280 1393 1301 ‘
1407 1278 1583 1319 Lucinae
1603 1277 1748 1319 horael
1799 1275 1887 1319 sed
1904 1282 1950 1318 et

1064 1344 1260 1383 Luscinus
1296 1344 1339 1383 in
1369 1344 1508 1384 veteri
1538 1344 1760 1384 Glossario
1799 1347 1949 1384 extat:

1063 1406 1274 1457 Luscinus,
1293 1406 1434 1454 ἀηδών.
1465 1407 1596 1446 Coler.

1122 1471 1269 1510 Decem
1283 1469 1432 1522 pondo]
1462 1469 1557 1510 Lib.
1575 1471 1687 1510 Dan.
1709 1471 1767 1511 X.
1786 1471 1836 1512 P.
1869 1470 1947 1511 So-

1063 1533 1210 1574 lebant
1226 1533 1464 1584 ponderum
1476 1545 1675 1572 numeros
1690 1545 1775 1573 non
1794 1533 1951 1585 literis,

1063 1596 1138 1636 sed
1158 1597 1382 1636 literarum
1398 1596 1510 1636 notis
1525 1596 1784 1647 exprimere.
1817 1598 1947 1637 Coler.

1115 1660 1229 1700 Idem
1261 1659 1507 1711 pomaerium]
1567 1659 1730 1699 Eadem
1774 1660 1946 1700 moenia.

1062 1726 1074 1747 ‘
1090 1721 1382 1772 Pomaerium‚’
1403 1722 1542 1775 inquit
1563 1722 1724 1771 Livius,
1739 1722 1752 1744 ‘
1767 1722 1948 1762 verbum

1062 1788 1196 1827 solum
1229 1787 1462 1834 intuentes,
1489 1786 1788 1838 postmaenium
1814 1787 1948 1826 inter-

1061 1856 1289 1903 pretantur
1308 1849 1431 1891 esse.'
1462 1851 1541 1890 Est
1561 1855 1704 1890 autem
1716 1849 1949 1900 pomaerium

1062 1914 1196 1967 magis
1229 1913 1346 1954 circa
1373 1926 1541 1954 murum
1578 1914 1714 1964 locus,
1742 1925 1870 1966 quem
1901 1913 1946 1952 in

1063 1978 1296 2019 condendis
1312 1978 1487 2018 urbibus
1499 1977 1711 2031 quondam
1723 1977 1950 2028 Hetrusci,

1063 2055 1148 2095 qua
1193 2054 1359 2081 murum
1407 2040 1580 2081 ducturi
1626 2045 1766 2091 erant,
1810 2040 1946 2080 certis

1061 2107 1176 2147 circa
1214 2106 1407 2146 terminis
1435 2106 1689 2157 inaugurato
1719 2116 1946 2145 consecra-

1061 2170 1181 2220 bant,
1210 2174 1260 2209 ut
1286 2181 1427 2222 neque
1454 2169 1662 2209 interiore
1692 2174 1817 2220 parte
1841 2167 1944 2208 aedi-

1032 2226 1159 2276 'ficia
1192 2236 1401 2275 moenibus
1438 2235 1808 2282 continuarentur,
1845 2246 1942 2286 quae

1061 2310 1174 2338 nunc
1211 2299 1339 2350 vulgo
1368 2298 1500 2337 etiam
1533 2298 1868 2349 conjunguntur,
1898 2300 1944 2335 et

1062 2361 1334 2400 extrinsecus
1362 2361 1458 2412 puri
1487 2359 1650 2412 aliquid
1680 2360 1735 2399 ab
1758 2359 1945 2399 humano

1062 2425 1183 2464 cultu
1221 2429 1393 2475 pateret
1440 2423 1532 2464 soli.
1589 2422 1686 2463 Hoc
1737 2422 1943 2473 spatium,

1061 2488 1178 2540 quod
1199 2500 1338 2540 neque
1369 2486 1553 2527 habitari
1581 2498 1720 2539 neque
1747 2487 1857 2526 arari
1875 2485 1941 2526 fas

1061 2556 1170 2601 erat,
1208 2563 1294 2591 non
1332 2551 1465 2603 magis
1498 2550 1612 2603 quod
1649 2555 1746 2603 post
1774 2562 1943 2589 murum

1061 2619 1192 2666 esset,
1214 2626 1342 2667 quam
1371 2614 1483 2667 quod
1504 2626 1647 2654 murus
1669 2620 1767 2666 post
1785 2614 1847 2663 id,
1866 2626 1943 2665 po-

1059 2677 1254 2717 maerium
1277 2677 1458 2717 Romani
1471 2677 1758 2728 appellarunt.
1789 2676 1942 2717 Oliver.

1114 2741 1297 2792 Inopiam
1333 2740 1487 2793 haberi]
1530 2739 1708 2780 Scilicet
1745 2745 1940 2791 tempore

1061 2804 1241 2844 autoris.

1113 2869 1136 2920 ξ
1165 2873 1188 2908 5
1219 2869 1283 2908 Μ.
1303 2873 1448 2920 cutm,
1466 2868 1554 2920 ism]
1602 2867 1794 2920 Contigit
1808 2866 1863 2908 A.
1881 2867 1940 2908 U.

1059 2941 1212 2973 ncuv.

1117 2995 1302 3036 Tribunis
1317 2996 1460 3047 plebis]
1500 2996 1631 3038 Junia
1647 2997 1743 3047 lege
1759 3003 1844 3035 non
1866 3007 1939 3046 po-

1060 3061 1176 3098 terat
1210 3060 1306 3111 quis
1345 3059 1565 3099 Tribunus
1602 3071 1694 3102 csse
1730 3058 1811 3097 nisi
1847 3058 1937 3108 ple-

1058 3120 1208 3161 beius:
1246 3122 1322 3162 sed
1360 3129 1509 3173 postea
1541 3122 1624 3161 alia
1651 3122 1747 3173 lege
1774 3121 1862 3159 lata
1892 3124 1938 3158 et

1058 3184 1226 3236 patritii
1246 3186 1382 3225 creari
1398 3190 1639 3237 coeperant‚
1673 3189 1722 3223 ut
1740 3184 1819 3222 hoc
1840 3183 1937 3220 loco

1058 3246 1278 3287 Duronius
1293 3248 1453 3288 Senatu
1474 3253 1655 3297 amotus,
1671 3246 1770 3299 quia
1787 3244 1936 3283 Tribu-

1057 3321 1134 3349 nus
1148 3311 1284 3362 plebis
1301 3312 1442 3363 legem
1457 3312 1512 3351 de
1527 3309 1776 3351 coercendis
1794 3320 1938 3359 sump-

1057 3372 1171 3413 tibus
1191 3375 1482 3414 conviviorum
1502 3374 1796 3423 abrogaverat,
1815 3370 1935 3421 peni-

1057 3440 1126 3476 tus
1147 3437 1377 3476 sustulerat
1395 3442 1440 3476 et
1458 3437 1743 3476 subverterat.
1781 3435 1932 3474 Oliver.

1110 3499 1275 3550 Rostra]
1319 3500 1553 3550 Suggestus
1583 3497 1816 3539 consularis
1852 3497 1934 3537 huc
