2288 3990
527 304 781 347 vAnEssn
828 299 1069 343 MAx1M1
1116 302 1233 341 mn.
1265 301 1304 339 1.
1345 284 1558 338 cA1›.8.

130 446 206 475 sua
219 434 414 486 opertum
434 428 643 471 cremavit
661 424 861 467 incendio
883 429 1009 476 tugu-

128 500 195 539 rii.
249 498 315 538 De
345 496 426 536 hoc
459 493 549 534 viro
581 492 752 532 dicetur
775 489 820 529 in
848 487 922 528 lib.
944 499 1011 528 vr.

130 573 225 614 cap.
243 565 285 602 9.
320 558 472 599 Oliver.

183 627 208 678 ξ
238 629 288 666 lo
315 620 510 672 Arcades]
557 618 782 661 Ciceronis
817 620 902 666 est,
937 614 1010 668 qui

130 701 184 730 ex
218 688 459 740 Chrysippo
492 684 688 736 sumpsit,
721 683 841 735 cujus
869 681 1011 720 locum

128 750 284 794 Suidas
309 751 615 791 commemorat
646 747 690 787 in
727 745 860 786 verbo
894 758 1010 793 τιμω-

128 815 298 869 pora-ros.
329 814 504 854 Celei—us.

183 877 378 929 Arcades]
406 874 608 927 Arcadia,
625 874 690 916 uti
711 879 877 924 notum,
891 871 1012 923 regio

133 941 436 996 Peloponnesi,
465 951 644 992 quorum
668 938 830 979 incolas
847 935 1012 989 antiqui

133 1004 392 1059 προσελήνονς
411 1003 726 1045 existimarunt.

190 1067 419 1121 Megaram]
465 1066 580 1108 Urbs
625 1071 690 1106 est
735 1063 1014 1117 Megaritidis

128 1128 334 1186 regionis,
383 1132 514 1184 Juxta
564 1130 702 1170 sinum
750 1128 1015 1179 Saronicum,

133 1208 260 1251 quam
305 1194 516 1236 coloniam
552 1205 646 1235 esse
683 1193 798 1233 dixit
831 1192 1012 1232 Plinius.

133 1262 222 1304 Sed
239 1273 335 1303 cum
353 1261 502 1314 plnres
520 1259 711 1312 ejusdem
731 1257 855 1309 hujus
882 1255 1016 1297 nomi-

133 1327 201 1368 nis
238 1325 369 1367 nrbes
398 1324 498 1376 sint,
528 1321 762 1363 verisimile
799 1326 869 1361 est
903 1321 1016 1361 hanc

135 1391 287 1432 urbem
318 1390 363 1430 in
392 1390 696 1440 Peloponneso
724 1384 926 1437 intelligi,
943 1397 1016 1425 cu-

128 1456 200 1507 jus
219 1454 412 1495 meminit
431 1451 615 1492 Aristot.
636 1450 680 1489 in
699 1448 856 1489 Mirab.

191 1516 482 1568 Super-vacuum
497 1512 716 1561 damnavit,
734 1510 824 1563 mn]
840 1510 892 1550 In
907 1509 1017 1551 Cau-

136 1578 290 1619 chiano
333 1576 484 1617 codice
516 1576 608 1615 haec
645 1571 855 1624 diffusius,
890 1587 1018 1626 quam

135 1641 265 1693 vulgo
279 1640 439 1692 legitur
455 1653 466 1680 :
485 1637 774 1690 Supervacuum
792 1638 991 1677 damnavit
1002 1652 1017 1677 .-

132 1705 250 1756 ἰήιε
265 1705 390 1744 visum
409 1715 482 1755 pro
498 1702 621 1742 nihilo
639 1702 796 1751 ducens,
813 1702 954 1740 lectum
971 1714 1018 1741 ac

133 1779 308 1808 amanum
334 1767 510 1820 repetiit.
565 1764 713 1818 Atque
740 1765 895 1805 iisdem
919 1765 1016 1806 sere

133 1831 276 1873 verbis
295 1832 390 1872 haec
402 1831 581 1872 Cicero:
611 1830 624 1853 ‘
645 1829 846 1880 Deinde,’
864 1829 1018 1882 inquit,

132 1897 147 1918 ⁸
165 1906 260 1936 cum
278 1907 327 1935 se
345 1895 614 1948 collegisset,
633 1893 765 1947 idque
786 1894 920 1934 visum
938 1906 1016 1946 pro

132 1957 266 1998 nihilo
282 1957 521 1998 habendum
542 1969 636 1998 esse
655 1957 867 2008 duxisset,
894 1969 1018 1996 recu-

132 2020 316 2062 buissez'
371 2021 440 2060 De
471 2020 622 2062 Divin.
653 2033 685 2061 1.
720 2033 776 2060 ex
804 2033 888 2073 quo
921 2021 1018 2062 loco

133 2084 329 2124 Valerius
349 2085 592 2136 exemplum
613 2084 798 2137 accepit.
832 2085 1018 2135 Pighius.

150 2170 159 2175 «
188 2146 303 2188 ΟΑΡ.
338 2158 463 2188 γιῐι.Δ
495 2149 519 2200 ξ
549 2151 569 2187 1
605 2148 706 2187 Cum
734 2150 838 2199 apud
873 2149 1020 2200 lacum]

132 2210 260 2252 Hanc
280 2211 517 2252 Historiam
539 2211 683 2251 Livius
701 2210 810 2251 libro
831 2212 1020 2252 secundo

134 2280 463 2326 commemor-au
497 2275 551 2316 de
578 2275 785 2315 miraculo
806 2286 907 2315 vero
928 2276 1020 2314 nul-

134 2339 220 2378 lam
240 2350 412 2392 prorsus
433 2339 693 2379 mentionem
714 2339 836 2390 facit,
852 2344 1019 2379 tantum

135 2402 244 2444 dicit
264 2403 419 2444 vsedem
453 2403 621 2444 Castori
649 2403 922 2443 Dictatorem
951 2415 1020 2443 vo-

135 2466 274 2508 visse:
304 2479 387 2507 nec
415 2467 458 2507 id
488 2465 688 2517 affirmat,
716 2466 791 2505 sed
822 2466 882 2505 ita
914 2464 1021 2505 ferri

135 2531 262 2573 dicit.
299 2533 592 2573 *Plutarchus
630 2543 733 2572 vere
776 2537 822 2571 et
868 2531 1021 2571 Cicero

135 2600 309 2647 autores
331 2601 447 2647 sunt,
465 2596 580 2649 quod
601 2595 701 2635 dum
723 2596 902 2636 Romani
918 2607 1019 2635 cum

133 2659 387 2700 Tusculanis
433 2659 594 2700 bellum
626 2659 864 2708 habereut,
911 2659 1020 2698 duce

133 2721 248 2763 Aulo
275 2723 527 2764 Posthumio
549 2723 794 2773 Dictatore,
825 2727 871 2762 et
905 2723 1018 2774 apud

132 2786 515 2839 lacum-Regillum
544 2799 691 2839 pugna
722 2786 947 2826 commissa
966 2787 1020 2826 ad

134 2849 316 2890 multum
350 2850 436 2890 diei
452 2855 612 2890 ‘tracta
635 2848 767 2902 foret,
785 2855 833 2891 et
852 2850 895 2890 in
915 2862 1020 2889 neu-

135 2916 246 2952 tram
267 2918 435 2964 partem
455 2912 639 2953 victoria
665 2912 910 2964 inclinaret,
940 2913 1020 2953 visi

134 2980 237 3015 sunt
254 2975 411 3016 Pounx
438 2981 486 3016 et
516 2977 674 3017 Castor
702 2989 780 3028 pro
812 2977 1018 3017 Romanis

134 3037 309 3080 fortiter
341 3043 549 3093 pugnare,
574 3041 646 3093 qui
667 3041 817 3092 copias
836 3041 1020 3081 hostium

135 3104 310 3156 penitus
333 3105 632 3157 profuderunt.
659 3106 1021 3158 Dionysiuslibro

136 3174 260 3208 sexto
291 3175 390 3221 post
419 3182 575 3222 puguae
596 3169 884 3208 narrationem
905 3183 914 3206 ε
939 3169 951 3190 ‘
967 3168 1021 3208 In

133 3231 251 3285 hac,'·
270 3232 424 3286 inquit,
456 3235 469 3255 ‘
486 3244 631 3285 pugna
660 3233 816 3273 dicitur
834 3232 1020 3272 Posthu-

135 3294 220 3335 mio
255 3295 494 3347 Dictatori,
524 3303 569 3337 et
604 3296 677 3349 qui
708 3309 804 3337 cum
825 3308 876 3336 eo
896 3301 1022 3336 erant

134 3358 178 3398 in
211 3358 303 3400 acie
344 3359 576 3413 equitibus,
619 3361 875 3412 apparuisse
913 3360 1021 3400 duos

131 3419 330 3474 juvenes,
366 3428 413 3463 et
457 3422 597 3465 forma
643 3429 690 3464 et
727 3424 1022 3476 magnitudine

139 3483 263 3534 longe
300 3485 544 3537 superiores
591 3487 707 3539 viris,
753 3499 860 3540 quos
909 3499 1022 3528 nunc

142 3551 302 3586 nostra>
321 3553 476 3589 natura
512 3551 666 3602 nutrit,
699 3551 1022 3604 pubescereque

251 3612 394 3665 Delph.
409 3619 446 3656 el
475 3616 568 3658 Var.
588 3618 697 3658 Clas.

941 3619 1031 3660 Vul.
1051 3619 1171 3659 Max.

1851 286 1958 340 977

1075 423 1346 475 incipientes,
1373 420 1584 462 ducentes
1613 417 1853 470 equitatum
1874 416 1962 456 Ro·

1075 492 1277 538 manum,
1301 491 1348 526 et
1374 484 1466 538 >qui
1504 482 1672 524 obviam
1711 481 1960 521 Latinorum

1075 552 1190 591 irent
1226 550 1437 597 ferientes
1466 546 1613 598 hastis,
1650 546 1960 598 propellentes-

1077 626 1160 667 que
1200 618 1246 654 et
1275 613 1552 654 cohortantes
1581 610 1745 651 socios:
1781 614 1965 661 postque

1073 678 1219 730 fugam
1244 678 1491 717 Latinorum
1512 675 1848 727 captionemque
1869 684 1964 711 cas-

1075 748 1258 793 trorum,
1280 741 1515 781 inclinante
1537 739 1627 792 jam
1654 738 1725 778 die
1747 739 1789 776 in
1814 748 1968 788 vespe-

1075 820 1182 860 ram,
1202 808 1282 848 visi
1301 820 1393 847 esse
1414 808 1456 847 in
1480 807 1674 847 Romano
1692 804 1791 845 foro
1814 803 1966 843 eodem

1075 872 1223 912 habitu
1272 871 1573 911 adolescentes
1621 870 1827 910 dicuntur
1869 867 1970 916 duo,

1077 936 1255 978 bellicas
1282 934 1421 975 induti
1452 936 1602 985 laena3‚
1630 932 1889 985 procerique
1923 935 1970 969 et

1077 999 1371 1052 pulcherrimi,
1399 997 1582 1038 eandem
1611 996 1824 1035 habentes
1863 998 1970 1033 aeta-

1077 1069 1182 1115 tem,
1219 1063 1461 1115 faciemque
1495 1065 1735 1111 servanteS,
1766 1064 1971 1111 tanquam

1077 1128 1347 1169 redeuntium
1381 1139 1438 1167 ex
1468 1126 1634 1179 praelio,
1667 1124 1815 1178 specie
1849 1122 1973 1175 pugi-

1078 1194 1180 1244 lum,
1199 1204 1416 1246 equosque
1435 1191 1631 1232 madidos
1653 1190 1810 1230 sudore
1842 1189 1975 1229 addu-

1079 1262 1245 1307 centes,
1258 1257 1398 1309 iisque
1407 1255 1752 1296 descendentem
1767 1254 1889 1294 aiunt
1902 1253 1975 1293 de·

1080 1321 1182 1361 inde
1203 1326 1434 1373 utrumque
1454 1332 1587 1372 equos
1608 1319 1798 1360 abluisse
1818 1319 1870 1359 ad
1885 1331 1976 1358 sca-

1082 1385 1330 1437 turiginem,
1348 1397 1447 1437 quae
1461 1384 1748 1436 manatjuxta
1764 1383 1972 1435 templum

1080 1450 1247 1498 Vestae,
1292 1449 1435 1487 lacum
1472 1446 1636 1487 faciens
1685 1445 1971 1499 profundum:

1083 1512 1228 1552 multis
1248 1511 1348 1551 dein
1369 1523 1445 1551 eos
1474 1509 1906 1560 circumsistentibus,
1929 1515 1976 1548 et

1082 1575 1118 1614 si
1137 1575 1237 1628 quid
1259 1579 1376 1615 esset
1394 1575 1447 1615 ab
1474 1573 1672 1614 exercitu
1689 1573 1787 1613 novi
1805 1572 1976 1613 discere

1082 1638 1414 1690 postulantibus,
1445 1649 1644 1677 narrasse
1674 1649 1748 1676 eos
1782 1649 1972 1688 pugnam

1081 1707 1130 1742 ut
1158 1701 1321 1753 fuerat,
1340 1707 1385 1742 et
1404 1702 1517 1755 quod
1541 1700 1750 1740 vicissent
1782 1700 1978 1751 Romani,

1081 1767 1321 1818 nuntiasse,
1355 1764 1722 1817 discedentesque
1760 1763 1877 1815 inde,
1915 1764 1980 1803 di-

1082 1834 1189 1869 cunt
1221 1841 1295 1870 eos
1323 1842 1379 1870 ex
1406 1828 1500 1869 foro
1523 1842 1546 1868 a
1567 1828 1737 1868 nemine
1760 1828 1873 1867 visos
1894 1840 1980 1867 am-

1085 1893 1209 1944 plius.
1265 1892 1354 1932 Die
1394 1897 1570 1944 postero
1606 1890 1799 1942 acceptis
1837 1890 1977 1929 literis

1084 1967 1109 1995 a
1140 1957 1388 2007 Dictatore,
1426 1962 1719 2008 cognoverunt
1762 1954 1816 1994 de
1848 1967 1981 2006 appa-

1084 2019 1241 2059 ritione
1278 2019 1514 2060 Numinum
1550 2020 1592 2058 in
1627 2019 1796 2071 praelio,
1826 2024 1874 2058 et
1903 2030 1977 2057 eos

1088 2083 1222 2123 fuisse
1264 2084 1457 2124 Castoris
1496 2087 1541 2124 et
1580 2083 1773 2123 Pollucis
1805 2082 1977 2121 simula·

1085 2147 1219 2188 chra.⁷
1249 2149 1401 2188 Oliver.

1137 2212 1362 2264 Regillum]
1406 2212 1600 2264 Regillus
1646 2213 1786 2251 Larus
1818 2211 1979 2261 Plinio,

1082 2275 1125 2315 in
1146 2277 1270 2317 Latio
1292 2282 1387 2326 est3
1423 2277 1465 2315 in
1501 2289 1608 2327 agro
1640 2276 1901 2326 Tusculano,
1927 2283 1978 2314 ut

1081 2338 1234 2379 scribit
1264 2339 1410 2379 Livius
1436 2339 1507 2379 lib.
1530 2351 1583 2379 ιι.
1605 2344 1650 2378 et
1671 2339 1821 2378 Florus
1843 2337 1920 2378 lib.
1943 2349 1973 2376 ι.

1082 2401 1135 2441 ad
1174 2401 1321 2453 Algidi
1355 2403 1543 2442 nemoris
1573 2403 1826 2454 ingressum.
1882 2402 1975 2441 Ho-

1083 2464 1154 2504 die
1183 2466 1299 2516 Lago
1334 2466 1383 2505 de
1411 2465 1457 2506 S.
1491 2466 1689 2505 Prassode
1711 2465 1817 2515 dici,
1840 2464 1978 2504 tradit

1082 2529 1252 2580 Jovius,
1279 2533 1327 2569 et
1359 2528 1579 2582 Leander,
1607 2529 1655 2569 S.
1681 2528 1844 2568 Severa
1868 2528 1981 2568 Nar-

1082 2595 1181 2635 dus.
1216 2595 1408 2635 ortelius.
1454 2628 1457 2630 .

1143 2657 1468 2710 Tusculanorum]
1484 2658 1615 2698 Ultra
1630 2656 1864 2697 Lanuvium
1883 2654 1981 2695 Ari-

1084 2723 1283 2776 ciamque
1304 2726 1352 2762 et
1372 2721 1589 2763 Albanum
1610 2726 1802 2762 montem
1831 2732 1980 2759 versus

1083 2786 1447 2840 septentrionem,
1466 2785 1521 2826 ab
1538 2785 1658 2826 Urbe
1677 2786 1812 2825 Roma
1831 2796 1980 2823 versus

1084 2852 1297 2893 orientem
1335 2856 1431 2892 erat
1481 2851 1717 2892 Tusculum
1756 2849 1981 2902 oppidum,

1082 2915 1224 2967 Livio,
1254 2915 1489 2967 Dionysio,
1526 2914 1738 2966 Diodoro,
1759 2912 1982 2962 Straboni,

1084 2981 1341 3032 Ptolemaeo,
1381 2980 1560 3032 aliisque
1589 2977 1856 3018 celebratum
1888 2975 1982 3027 opi-

1084 3044 1202 3085 dum.
1261 3044 1313 3083 In
1353 3044 1536 3083 collibus
1571 3043 1700 3091 situm
1737 3040 1836 3090 fuit,
1866 3040 1980 3078 unde

1084 3108 1319 3148 Tusculani
1353 3108 1506 3157 colles,
1553 3106 1624 3159 qui
1663 3118 1761 3145 cum
1798 3102 1978 3141 Albanis

1088 3173 1326 3212 cohaerent.
1356 3173 1423 3211 Ex
1441 3171 1596 3223 quibus
1610 3169 1875 3208 Tusculanos
1893 3166 1981 3204 col-

1083 3236 1146 3276 les
1168 3235 1317 3287 fuisse,
1345 3236 1387 3275 in
1413 3235 1575 3287 ,quibus
1607 3244 1721 3272 nunc
1755 3228 1979 3282 oppidum,

1089 3300 1204 3352 quod
1234 3299 1362 3350 vulgo
1393 3297 1575 3339 Frescati
1604 3296 1780 3344 dicitur,
1810 3292 1978 3343 conspi-

1085 3376 1211 3404 cuum
1233 3370 1316 3403 est.
1374 3362 1520 3414 Atque
1537 3361 1651 3400 idem
1668 3358 1761 3398 fere
1781 3357 1866 3396 situ
1886 3356 1979 3407 opi—

1084 3425 1186 3465 dum
1208 3437 1303 3465 esse
1319 3437 1416 3465 cum
1441 3421 1682 3472 Frascatio,
1702 3419 1804 3459 inde
1822 3419 1977 3471 liquet,

1085 3489 1202 3541 quod
1240 3488 1378 3528 stadia
1409 3485 1586 3525 circiter
1615 3489 1805 3533 centum,
1832 3483 1873 3521 id
1897 3489 1977 3531 est,

1088 3556 1151 3591 12.
1172 3565 1228 3593 m.
1260 3565 1303 3606 p.
1333 3557 1377 3592 et
1406 3553 1499 3589 500.
1518 3561 1631 3601 pass.
1649 3549 1786 3588 Roma
1813 3546 1978 3596 abesse,

1769 3618 1792 3652 3
1825 3613 1863 3654 Q
