2288 3990
365 295 504 351 1098

364 425 550 465 tonicum
583 425 721 474 duxit,
749 428 794 464 et
812 435 904 463 eum
923 428 1167 475 superatum
1186 424 1230 463 in

362 487 623 528 deditionem
651 488 830 538 accepit,
856 499 905 526 ac
924 487 977 527 de
996 488 1069 526 illo
1085 488 1229 527 trium-

364 554 538 605 phavit;
569 553 719 592 deinde
752 564 844 591 cum
866 551 1077 591 Sertorius
1096 551 1228 590 hostis

363 614 744 665 patriaejudicatus
763 611 860 661 fuit,
887 612 955 651 hic
975 613 1114 652 socius
1136 613 1226 664 ejus

360 675 455 716 fuit.
511 677 736 726 Pompeius
752 681 797 715 et
812 676 1014 714 Metellus
1034 677 1227 715 consules

361 739 557 778 adversus
569 738 801 777 Sertorium
813 739 854 776 in
874 738 1120 789 Hispaniam
1131 750 1225 777 cum

361 800 617 840 exercitibus
632 800 746 839 missi
764 806 878 851 sunt,
905 799 974 839 ubi
1003 811 1097 839 cum
1129 800 1227 838 Ser-

360 863 492 902 torius
523 862 715 902 omnibus
750 861 843 902 fere
890 862 1046 914 praeliis
1089 862 1227 901 victor

358 925 578 976 evasisset,
598 925 649 964 ad
668 925 855 964 ultimum
877 924 1115 976 proditione
1132 937 1226 964 suo-

358 999 449 1027 rum
461 988 692 1037 occiditur;
713 988 834 1038 cujus
848 988 1099 1040 proditionis
1112 988 1226 1039 prin-

357 1061 459 1100 ceps
495 1048 578 1088 fnit
612 1050 672 1089 M.
698 1050 935 1100 Perperna,
966 1049 1035 1100 qui
1073 1050 1225 1088 deinde

355 1111 565 1154 „successit
585 1111 635 1150 ei.
691 1112 747 1150 Et
778 1123 872 1150 cum
903 1110 1133 1161 Pompeius
1165 1111 1226 1148 in-

357 1172 570 1225 telligeret
616 1185 661 1211 se
697 1185 783 1211 rem
818 1173 974 1212 habere
1010 1185 1103 1212 cum
1142 1185 1225 1213 uno

355 1234 478 1284 duce,
508 1240 552 1273 et
570 1235 695 1285 longe
709 1233 907 1274 inferiore
926 1235 1130 1283 Sertorio,
1149 1247 1225 1274 sex

356 1295 552 1334 cohortes
565 1296 721 1346 objecit
737 1297 791 1345 ei,
822 1309 916 1347 quae
937 1303 1136 1347 tanquam
1151 1308 1223 1347 pa-

356 1357 544 1396 bulatum
576 1358 701 1406 irent,
729 1370 808 1408 per
840 1370 961 1408 agros
993 1369 1222 1409 evagaren-

355 1423 440 1469 tur,
457 1424 501 1457 et
521 1431 638 1469 spem
659 1420 765 1458 bene
791 1421 988 1470 gerendae
1023 1421 1084 1460 rei
1117 1421 1222 1460 Per-

353 1491 498 1530 pernae
545 1479 748 1522 facerent.
811 1482 935 1523 Quod
984 1483 1112 1522 etiam
1162 1483 1223 1523 ita

352 1543 507 1584 evenit.
565 1544 675 1583 Nam
704 1546 775 1584 ubi
795 1544 989 1584 cohortes
1011 1547 1221 1586 Romanas

352 1605 544 1655 palantes
563 1618 641 1658 per
660 1619 782 1658 agros
807 1606 1123 1657 animadvertit,
1151 1620 1222 1648 eas

352 1671 446 1707 toto
462 1680 557 1708 cnm
572 1670 764 1709 exercitu
783 1669 952 1715 invasit,
968 1683 1062 1722 quae
1078 1670 1222 1722 fugam

352 1730 598 1774 simulantes
630 1731 891 1782 Perpernam
912 1743 1007 1771 cum
1027 1733 1223 1772 exercitu

352 1803 425 1831 suo
440 1792 492 1831 ad
508 1792 681 1832 insidias
696 1798 1021 1844 pertraxerunt:
1042 1795 1112 1836 ubi
1129 1807 1223 1836 cum

352 1855 508 1895 milites
538 1857 677 1895 vivum
709 1857 971 1907 Perpernam
1005 1858 1059 1897 ad
1095 1859 1223 1898 Pom-

350 1917 491 1968 peium
518 1918 810 1968 deduxissent,
835 1931 929 1958 eum
962 1920 1057 1970 lege
1085 1921 1225 1973 Papia

350 1979 535 2019 interfici
554 1981 701 2031 jussit,
728 1987 881 2032 utpote
909 1982 979 2033 qui
997 1983 1130 2023 hostIs
1149 1996 1222 2036 pa-

348 2042 443 2082 triae
454 2042 672 2095 judicatu-s
686 2051 812 2084 esset.
846 2045 1053 2085 oliverius.

402 2107 620 2156 Antequam
633 2106 749 2157 civis]
778 2108 903 2149 Quod
924 2114 1074 2149 contra
1089 2111 1223 2162 leges.

348 2166 576 2218 Peregrini
609 2169 720 2207 enim
751 2170 1077 2221 Magistratibus
1103 2185 1223 2214 arce—

347 2228 513 2269 bantur.

402 2292 715 2344 Crassianaeque]
743 2293 796 2333 Id
826 2299 906 2345 est,
932 2296 1086 2348 Crassi,
1105 2298 1176 2349 qui
1197 2310 1222 2337 a

345 2353 581 2395 Thracibus
600 2357 881 2409 interceptus,
904 2371 930 2398 a
949 2360 1082 2400 milite
1102 2362 1222 2413 virga

345 2418 387 2457 in
408 2420 575 2458 oculum
596 2432 814 2472 percusso,
835 2433 859 2460 a
877 2434 958 2473 quo
979 2423 1034 2462 ad
1055 2422 1221 2469 Aristo·

345 2481 486 2522 uicum
501 2482 766 2533 trahebatur,
784 2484 968 2524 occisus.
996 2486 1164 2527 Badius.

397 2545 511 2584 Mors
530 2546 660 2596 Papia
678 2547 762 2596 lege
779 2549 961 2586 damnata
977 2548 1054 2598 est]
1083 2549 1220 2600 Papia

343 2608 417 2647 lex
463 2608 516 2647 de
564 2610 796 2660 peregrinis
844 2611 949 2650 urbe
994 2613 1221 2666 pellendis,

343 2671 463 2722 cujus
483 2671 632 2710 Cicero
660 2672 851 2712 meminit
867 2672 1116 2714 Officiorum
1138 2681 1221 2715 ter-

344 2734 429 2782 tio;
475 2734 655 2785 primum
706 2735 794 2774 lata
834 2734 920 2775 fuit
955 2749 1065 2776 anno
1102 2738 1218 2778 urbis

345 2808 639 2838 ncnxxxvm.
681 2804 728 2837 nt
758 2803 880 2838 autor
910 2806 979 2839 est
1004 2801 1121 2840 Dion
1149 2802 1220 2843 lib.

345 2871 555 2901 xxxvnr.
593 2861 796 2912 additque
831 2861 982 2901 eadem
1011 2869 1219 2915 exceptos

341 2921 472 2962 fuisse
491 2924 742 2974 peregrinos
774 2924 943 2964 ltaliam
970 2925 1220 2968 incolentes,

342 2986 566 3028 Quomodo
584 2987 716 3038 igitur
735 2988 967 3039 Perpernae
986 2995 1110 3040 pater
1128 2990 1220 3041 lege

341 3047 482 3100 Papia
519 3048 708 3088 damnari
757 3051 912 3101 potuit,
948 3053 1020 3104 qui
1063 3055 1219 3093 saeculo

340 3110 434 3152 fere
452 3112 560 3152 hanc
582 3115 887 3164 praecesserat?
932 3116 989 3154 Et
1009 3116 1219 3168 quomodo

342 3174 577 3226 aSabellis,
608 3176 680 3226 qui
709 3183 873 3215 montes
902 3177 1013 3216 inter
1039 3179 1218 3220 Sabinos

342 3248 394 3276 ac
409 3237 576 3276 Marsos
595 3237 852 3289 incolebant,
869 3239 1106 3292 quibusque
1122 3253 1219 3282 cum

344 3298 439 3338 aliis
475 3299 601 3338 sociis
639 3299 787 3354 civitas
837 3300 937 3340 data
983 3300 1065 3341 fuit
1108 3303 1219 3344 bello

341 3361 532 3400 Marsico
586 3359 803 3411 confecto,
848 3362 1001 3412 viginti
1035 3365 1216 3416 amplius

343 3424 462 3462 annis
482 3429 582 3464 ante
602 3423 739 3475 legem
758 3424 940 3476 Papiam
961 3426 1116 3467 latam?
1135 3430 1218 3468 Vel

341 3485 470 3538 igitur
499 3485 625 3526 aliam
645 3484 775 3527 fuisse
795 3486 977 3545 Papiam
995 3489 1134 3547 legem
1156 3491 1217 3532 di·

936 306 1110 347 NOTAE
1149 303 1338 346 VARIO
1348 303 1478 346 RUM
1518 304 1584 346 IN

1291 435 1434 463 camus
1453 432 1626 462 necesse
1645 424 1727 470 est,
1739 419 1872 459 multo
1890 421 1987 458 ante
2006 413 2162 457 Marsi·

1292 497 1388 523 cum
1409 485 1564 524 bellum
1595 483 1921 534 promulgatam,
1939 479 2059 532 cujus
2087 477 2162 518 alii

1291 554 1487 587 auctores
1518 558 1602 585 non
1629 546 1926 596 meminerunt,
1944 544 2027 593 vel,
2047 541 2161 595 quod

1291 610 1432 660 potius
1451 614 1638 658 autumo,
1655 619 1807 646 nomen
1827 607 1906 646 hoc
1927 606 1968 644 in
1989 603 2160 644 Valerio

1290 676 1531 722 corruptum
1563 682 1654 710 esse
1685 682 1709 708 a
1727 669 1922 718 librariis,
1938 667 2006 719 qui
2026 666 2160 706 liben-

1290 739 1356 772 ter
1386 734 1566 773 obscura
1590 731 1757 771 nomina
1783 731 1826 769 in
1846 730 2081 769 celebriora
2099 737 2163 766 so·

1288 797 1378 835 lent
1405 801 1584 835 mutare.
1641 794 1777 833 Fuere
1796 793 1964 844 quidem
1991 796 2037 831 et
2065 790 2159 833 aliae

1289 859 1407 909 prius
1435 859 1550 908 leges
1568 857 1621 896 de
1642 855 1880 908 peregrinis
1901 855 2016 902 latae,
2033 858 2083 893 ut
2105 865 2160 892 ex

1288 921 1504 960 Ciceronis
1521 919 1672 960 eodem
1693 920 1786 957 loco
1806 920 1986 956 constat.
2022 915 2162 955 Penni

1286 983 1424 1034 legem
1445 982 1498 1022 de
1522 981 1756 1033 peregrinis
1786 982 1975 1019 nominat
1994 979 2163 1028 Festus,

1287 1049 1432 1097 latam,
1465 1051 1514 1086 ut
1547 1051 1740 1086 autumat
1765 1044 1941 1084 Carolus
1959 1042 2162 1093 Langius,

1287 1110 1352 1149 vir
1370 1109 1542 1160 ingenio
1555 1108 1755 1158 singulari
1774 1112 1901 1158 atque
1922 1105 2162 1144 eruditione

1287 1185 1449 1213 summa
1467 1172 1689 1224 praeditus,
1721 1183 1745 1209 a
1779 1170 1840 1210 Μ.
1864 1169 1992 1210 Junio
2011 1167 2162 1207 Penno

1286 1235 1459 1274 tribuno
1479 1234 1616 1285 plebis
1635 1234 1687 1273 A.
1702 1233 1758 1273 U.
1776 1233 1824 1272 C.
1850 1241 2058 1271 ncxxvu.
2075 1240 2159 1281 quo

1286 1298 1484 1338 Qu-aestoi·
1500 1296 1549 1335 C.
1567 1294 1788 1335 Gracchus
1804 1293 1903 1340 fnit,
1919 1298 2047 1344 atque
2061 1301 2160 1342 spes

1283 1358 1471 1397 civitatis
1507 1357 1768 1407 accipiendae
1806 1355 1933 1394 sociis
1969 1355 2022 1393 ab
2069 1353 2162 1405 ipso

1283 1421 1574 1473 injiciebatur,
1608 1425 1656 1459 ut
1691 1418 1848 1458 idcirco
1882 1422 2034 1457 contra
2081 1417 2160 1458 Ju-

1283 1487 1396 1526 niam
1431 1486 1571 1537 legem
1619 1483 1838 1524 Gracchus
1872 1490 1962 1521 tum
1999 1479 2162 1519 dixisse

1285 1552 1493 1602 videatur,
1509 1549 1863 1604 quemadmodum
1883 1549 2035 1587 Festus
2053 1545 2162 1585 indi-

1284 1622 1372 1665 cat,
1409 1621 1539 1667 atque
1570 1614 1699 1654 etiam
1733 1612 1900 1651 Tullius
1932 1611 1974 1649 in
2006 1610 2160 1649 Bruto.

1285 1679 1381 1719 Qua
1402 1676 1534 1718 Junia
1553 1676 1649 1726 lege
1671 1674 1826 1725 potius,
1853 1683 1978 1725 quam
2007 1670 2161 1722 Papia,

1285 1752 1382 1791 quae
1398 1744 1488 1779 tum
1506 1750 1592 1777 non
1610 1736 1963 1786 erat,Perpernae
1978 1739 2173 1785 patrem,

1285 1807 1454 1842 mortuo
1472 1801 1559 1840 filio
1573 1798 1784 1840 consulari
1802 1795 2079 1849 quadriennio
2091 1805 2163 1834 an-

1286 1869 1373 1913 tea,
1386 1875 1410 1902 a
1426 1862 1608 1903 Sabellis
1625 1860 1853 1912 repetitum
1871 1857 2000 1898 fuisse
2016 1856 2161 1897 verisi-

1285 1926 1384 1965 mile
1417 1930 1499 1964 est.
1554 1923 1759 1963 Attamen
1788 1920 2049 1972 exemplaria
2076 1919 2161 1958 Va-

1284 1988 1379 2026 lerii
1416 1986 1556 2027 omnia
1590 1986 1767 2037 Papiam
1816 1985 1954 2035 legem
1989 1987 2164 2022 vocant.

1287 2050 1446 2089 Lector
1466 2055 1681 2101 sequatur,
1695 2045 1807 2099 quod
1821 2045 1900 2084 sibi
1914 2045 2046 2084 visum
2062 2043 2160 2083 erit.

1284 2112 1470 2162 Pighius.

1340 2176 1518 2225 Namque
1545 2178 1697 2224 patrem
1723 2171 1850 2223 illius]
1879 2171 1929 2211 Id
1950 2176 2030 2222 est,
2050 2170 2162 2211 bene

1283 2238 1395 2289 dico,
1416 2239 1477 2278 M.
1508 2238 1773 2287 Perpernam
1804 2238 1899 2288 lege
1926 2235 2065 2286 Papia
2081 2245 2162 2286 per

1282 2301 1535 2352 Pompeium
1568 2298 1753 2338 interfici
1772 2299 2162 2350 jussum‚cum'pa-

1284 2368 1394 2402 trem
1431 2363 1544 2401 illius
1589 2361 1753 2412 judicio
1794 2361 1954 2400 Sabelli
2002 2359 2161 2400 trib'uul

1284 2425 1424 2477 plebis
1456 2425 1719 2474 damnatum,
1753 2436 1798 2463 se
1829 2424 1967 2463 civem
2005 2422 2162 2463 Roma·

1282 2499 1399 2536 num,
1418 2491 1462 2526 et
1489 2487 1596 2526 civis
1629 2487 1806 2525 Romani
1827 2486 1930 2538 jura
1954 2495 2161 2538 usurpau-

1282 2555 1385 2600 tem,
1413 2549 1454 2588 in
1487 2548 1683 2600 pristinas
1704 2548 1828 2587 sedes
1848 2547 1988 2587 redire
2009 2546 2161 2600 coege-

1282 2618 1399 2658 runt.
1431 2612 1577 2652 Oliver.

1338 2676 1486 2714 Nomen
1522 2671 1812 2722 adumbratum]
1857 2671 2100 2712 Translatio
2135 2683 2161 2712 a

1282 2736 1536 2788 pictoribus,
1555 2736 1626 2787 qui
1641 2735 1774 2786 primo
1789 2734 1959 2787 quidem
1979 2733 2159 2776 formam

1283 2798 1476 2850 imaginis
1491 2797 1929 2847 adumbratum-deinde
1945 2796 2159 2836 coloribus

1280 2861 1397 2901 illam
1434 2861 1719 2911 distinguunt,
1755 2864 1802 2899 et
1837 2859 1898 2898 sic
1933 2858 2159 2910 imaginem

1281 2924 1498 2975 redigunt.
1567 2921 1836 2962 Adumbrare
1879 2921 2058 2972 proprie
2091 2925 2161 2960 est

1282 2987 1462 3038 alicujus
1489 2986 1550 3025 rei
1579 2985 1755 3025 formam
1774 2984 1990 3024 inducere.
2041 2984 2158 3035 Ergo

1281 3063 1434 3091 nomen
1471 3049 1787 3097 adumbratum,
1820 3047 1919 3099 quia
1947 3045 2159 3098 principia

1281 3113 1450 3166 quidem
1479 3113 1543 3152 M.
1571 3113 1805 3162 Perpernae
1833 3121 2006 3148 summae
2032 3108 2157 3148 clari·

1283 3178 1383 3216 tatis
1414 3181 1460 3216 et
1494 3175 1637 3227 gloriae
1667 3173 1843 3213 formam
1871 3171 2160 3217 induxerant;

1280 3240 1354 3279 sed
1374 3240 1514 3279 exitus
1534 3237 1712 3277 formam
1733 3237 1847 3276 illam
1860 3234 2158 3274 adumbratam

1280 3304 1322 3342 in
1343 3315 1485 3343 veram
1505 3300 1743 3354 splendoris
1765 3299 1990 3350 imaginem
2011 3298 2155 3350 expri-

1280 3378 1396 3406 mere
1414 3377 1497 3404 non
1518 3368 1731 3416 potuerat.
1761 3363 1886 3401 Idem.

1335 3429 1475 3469 Falsus
1502 3424 1744 3476 consulatus]
1771 3424 1896 3475 Quia,
1925 3435 2020 3464 cum
2050 3422 2154 3464 civis

1281 3503 1366 3533 non
1384 3494 1512 3545 esset,
1529 3489 1676 3531 consul
1690 3498 1781 3528 esse
1798 3498 1882 3528 non
1902 3485 2063 3528 debuit.
