2320 4004
593 319 854 360 VAnsRu
902 301 1663 372 MAXJM11AB.V.GAP.3.

213 453 266 482 ne
294 444 461 481 tantum
492 438 665 492 quidem
700 436 895 490 pecuniae
915 435 977 476 illi
998 439 1098 487 post

211 514 394 548 mortem
436 508 700 557 superesset,
746 514 841 555 quae
879 498 1099 540 sufficeret

212 573 256 611 in
275 571 422 610 dotem
440 567 650 616 filiarum3
672 578 777 619 quas
792 564 962 618 publice
975 563 1098 603 dota-

212 635 275 675 vit
292 633 479 674 Senatus
500 630 794 681 Atheniensis,
813 634 911 682 post
931 627 1099 679 amplis·

211 699 408 739 simaram
430 709 569 738 rerum
591 693 1005 736 administrationem
1024 692 1097 731 illo

209 763 258 803 in
282 774 444 802 summa
462 765 723 815 paupertate
753 756 978 799 defuncto.
1010 754 1097 796 Oli-

209 840 292 868 ver.

264 891 411 933 Patria
439 887 644 940 excedere]
688 885 965 937 Plutarchus,
994 884 1100 925 Pro·

210 957 306 1005 bus,
325 957 480 998 Cicero
513 966 592 1007 pro
625 953 776 1002 Sexto,
803 951 931 990 Tusc.
952 948 1028 989 lib.
1050 960 1096 988 v.

211 1019 340 1061 Offic.
360 1019 433 1060 lib.
455 1030 527 1059 111.
554 1017 750 1059 ,lustinus
778 1014 853 1054 lib.
870 1024 921 1054 11.
953 1014 1097 1052 Muso-

210 1086 304 1125 nius
321 1083 436 1136 apnd
456 1082 676 1123 Stobaeum
694 1077 780 1130 περὶ
798 1076 918 1129 ξένης.
953 1078 1081 1117 Coler.

265 1146 552 1194 Themistocles,
580 1143 668 1196 ξα]
695 1142 798 1188 Hic,
819 1147 867 1182 ut
897 1140 1099 1189 diximus,

210 1221 308 1249 cum
351 1209 521 1249 Xerxes
559 1213 678 1246 terra
714 1203 906 1257 marique
940 1204 1099 1244 bellum

208 1272 422 1312 nniversae
453 1270 638 1312 Graeciae
667 1281 764 1310 cnm
798 1267 927 1308 tantis
965 1267 1100 1319 copiis

209 1335 407 1388 inferret,
422 1341 607 1389 quantas
627 1345 708 1374 nec
724 1338 867 1382 antea,
884 1344 964 1372 nec
986 1337 1101 1384 post·

210 1414 262 1441 ea
294 1401 517 1454 quisquam
552 1398 720 1447 habuit,
739 1409 823 1437 non
852 1397 987 1436 solum
1027 1408 1101 1448 pa-

211 1466 306 1504 triae
335 1470 382 1504 et
410 1464 542 1504 totius
571 1461 757 1503 Graeciae
790 1461 974 1500 salutem
1003 1471 1101 1511 pro-

211 1528 324 1568 texit
354 1527 533 1567 consilio
564 1532 611 1566 et
642 1524 882 1567 calliditate
917 1536 1008 1574 sua,
1029 1535 1100 1563 ve-

210 1604 302 1632 rum
316 1591 448 1631 etiam
465 1590 598 1630 totius
614 1589 817 1641 Europae.
874 1589 985 1629 Nam
1004 1600 1101 1628 cnm

210 1655 393 1695 maxime
409 1653 694 1694 Athenienses
725 1652 815 1704 peti
835 1652 1102 1703 dicerentur,

208 1719 264 1759 ob
293 1731 494 1771 pugnam,
514 1717 681 1758 scilicet
709 1718 1039 1771 Marathoniam,
1058 1719 1103 1759 in

210 1795 295 1835 qua
315 1782 463 1823 Persae
484 1782 672 1837 turpiter
692 1781 894 1822 debellati
913 1781 1103 1835 fuerant,

209 1852 255 1887 et
274 1847 358 1898 ipsi
377 1846 569 1898 Delphos
593 1845 833 1885 consultum
857 1845 1102 1897 Apollinem

203 1909 265 1950 -de
304 1909 432 1950 rebus
470 1910 557 1950 suis
599 1909 847 1959 misissent3
878 1912 1103 1964 respondit

209 1973 382 2026 Apollo,
402 1979 449 2014 nt
469 1985 515 2014 se
543 1973 756 2013 moenibus
787 1974 942 2024 ligneis
964 1975 1103 2014 muni·

210 2042 334 2077 rent:
381 2037 496 2090 quod
532 2049 628 2077 cum
662 2050 789 2078 nemo
822 2038 1102 2090 intelligeret,

209 2101 322 2141 solus
341 2100 653 2140 Themistocles
673 2101 988 2153 interpretatus
1020 2107 1102 2152 est,

209 2169 256 2205 et
283 2165 497 2217 persuasit
531 2165 741 2216 omnibns,
760 2166 988 2205 consilium
1008 2178 1102 2205 esse

209 2227 442 2281 Apollinis,
459 2233 509 2268 ut
528 2229 571 2267 in
593 2240 726 2269 naves
757 2242 801 2269 se
822 2241 982 2282 suaque
1002 2242 1103 2270 con-

209 2289 405 2341 ferrent3
435 2292 550 2344 qnod
583 2292 645 2332 ita
677 2289 811 2332 fuisse
832 2298 1103 2344 compertum

210 2360 307 2403 est;
339 2366 437 2394 nam
457 2354 519 2395 sic
541 2366 710 2408 quoqne
739 2367 786 2395 se
806 2358 1100 2408 componenti-

210 2417 306 2468 bus,
337 2418 532 2458 Xerxem
557 2430 636 2458 sua
671 2419 832 2459 virtute
863 2420 1102 2461 Themisto·

210 2480 300 2520 cles
333 2479 474 2520 navali
508 2480 662 2532 proelio
695 2481 949 2533 debellavit,
969 2488 1014 2522 et
1048 2495 1102 2523 ex

210 2543 384 2595 Europa
404 2542 633 2584 discedere
653 2549 779 2585 tanta
798 2545 1037 2586 calliditate
1058 2552 1103 2587 et

210 2605 395 2647 artificio
432 2607 617 2658 curavit,
666 2613 715 2648 ut
751 2621 776 2648 a
811 2609 1101 2650 Themistocle

208 2676 512 2712 conservatum
531 2672 683 2724 magis,
700 2685 829 2726 quam
850 2679 1101 2726 superatum

209 2746 253 2775 se
285 2733 421 2775 fuisse
449 2736 731 2793 existimaret,
765 2738 985 2791 multaque
1020 2738 1104 2779 alia

208 2799 420 2850 praeclara
434 2798 557 2853 fecit,
575 2806 620 2841 et
640 2800 834 2853 inprimis
859 2813 1011 2842 eversa
1031 2815 1103 2855 pa·

209 2861 306 2902 triae
344 2864 517 2915 moenia,
552 2864 699 2905 invitis
749 2865 1103 2919 Lacedaemoniis,

209 2926 403 2966 restituit
421 2932 466 2967 et
487 2930 724 2969 renovavit.
781 2929 948 2972 Quibus
973 2930 1102 2971 rebus

209 2989 413 3040 populum
474 2988 786 3031 Atheniensem
845 2993 1008 3034 clarum
1056 2999 1101 3034 et

210 3051 398 3093 Graeciae
412 3053 649 3106 principem
665 3054 873 3107 reddidit,
894 3062 938 3097 et
955 3062 1099 3098 tamen

209 3114 264 3155 ab
283 3115 452 3167 ingrata
467 3117 608 3169 patria
626 3118 670 3157 in
690 3118 864 3159 exilium
885 3119 940 3159 ad
959 3120 1098 3172 ipsum

208 3177 419 3230 Xerxem,
451 3191 579 3232 quem
617 3181 745 3232 paulo
782 3186 882 3223 ante
920 3183 1100 3236 vicerat,

210 3240 274 3281 ire
291 3248 469 3283 coactns
486 3249 566 3284 est.
625 3245 805 3296 Legitur
822 3245 866 3285 in
887 3246 1098 3288 Oratione

211 3305 545 3347 Demosthenis:
597 3309 610 3332 ‘
642 3310 950 3351 Themistocles
986 3312 1096 3352 Xer-

211 3378 307 3407 xem
326 3368 471 3410 decies
490 3371 682 3411 centenis
709 3372 895 3413 millibus
915 3374 1096 3417 militum

213 3429 388 3480 elatum,
403 3439 586 3485 quatuor
614 3436 791 3476 millium
811 3442 858 3477 et
887 3437 1098 3480 ducenta-

214 3504 308 3532 rum
342 3495 509 3536 navium
537 3510 713 3540 numero
739 3501 992 3554 terribilem,
1009 3504 1098 3545 exi-

215 3566 298 3607 gna
316 3561 411 3597 rate
430 3557 579 3611 fugere
601 3562 779 3615 coegit?
837 3565 988 3607 Oliver.

1907 300 2046 357 1187

1215 435 1392 475 Phocion
1409 448 1515 487 vero,
1532 437 1622 490 fisa]
1650 434 1848 477 Phocion
1867 447 1945 475 cur
1974 447 2047 487 pa-

1161 498 1247 538 tria
1262 500 1484 551 sepultura
1495 500 1660 540 caruit?
1718 499 1854 539 Erant
1872 509 1924 539 eo
1941 504 2048 539 tem-

1159 575 1266 616 pore
1286 561 1465 604 Athenis
1485 564 1581 605 duae
1600 563 1810 606 factiones
1828 578 1838 606 :
1869 576 2049 618 quarum

1161 638 1247 666 una
1291 627 1441 679 populi
1482 641 1658 670 cansam
1695 628 1872 681 agebat,
1911 630 2052 669 altera

1161 691 1444 744 optimatum:
1474 693 1516 731 in
1546 692 1627 733 hac
1659 699 1754 734 erat
1786 692 1980 733 Phocion
2006 698 2052 733 et

1161 754 1412 797 Demetrius
1439 755 1689 798 Phalereus.
1746 756 1913 798 Harum
1934 762 2051 797 utra·

1162 832 1245 874 que
1278 818 1571 860 Macedonum
1610 821 1850 873 patrocinio
1883 821 2050 862 niteba-

1161 889 1247 926 tur.
1305 884 1416 924 Nam
1450 885 1680 936 populares
1712 885 2053 938 Polyperchonti

1161 946 1385 999 favebant,
1412 947 1642 1000 optimates
1677 961 1775 990 cum
1807 949 2053 991 Cassandro

1161 1012 1435 1052 sentiebant:
1467 1011 1638 1053 interim
1654 1026 1679 1053 a
1698 1014 2053 1066 Polyperchonte

1160 1075 1404 1117 Cassander
1448 1076 1708 1117 Macedonia
1758 1078 1907 1129 pulsus
1955 1083 2050 1118 est:

1160 1153 1246 1194 quo
1265 1140 1402 1191 facto,
1419 1141 1606 1193 populus
1622 1140 1901 1182 Atheniensis
1927 1154 2054 1194 supe-

1161 1206 1250 1246 rior
1267 1204 1422 1254 factus,
1439 1205 1583 1245 statim
1604 1205 1737 1246 duces
1754 1205 1947 1246 adversae
1964 1204 2055 1246 fac-

1161 1269 1293 1309 tionis
1312 1270 1468 1321 capitis
1498 1269 1724 1310 damnatos
1752 1270 1899 1323 patria
1920 1282 2055 1323 pepu-

1163 1332 1241 1373 lit:
1274 1333 1316 1372 in
1335 1333 1398 1372 his
1434 1333 1698 1374 Phocionem
1718 1340 1763 1374 et
1783 1334 2054 1374 Demetrium

1164 1397 1438 1447 Phalereum,
1466 1398 1521 1438 de
1552 1411 1690 1451 eaque
1723 1410 1770 1438 re
1797 1400 1966 1451 legatos
1999 1398 2055 1438 ad

1162 1462 1554 1514 Polyperchontem
1586 1463 1719 1514 misit,
1736 1463 1808 1516 qui
1835 1463 1888 1503 ab
1909 1475 1960 1503 eo
1982 1474 2057 1515 pe·

1164 1532 1314 1567 terent
1344 1532 1395 1567 nt
1432 1539 1509 1566 sua
1546 1527 1725 1568 decreta
1762 1527 2056 1567 confirmaret.

1164 1590 1265 1630 Huc
1298 1590 1450 1630 eodem
1473 1589 1698 1642 profectus
1731 1597 1798 1631 est
1832 1591 2055 1641 Phocion;

1164 1666 1247 1706 quo
1269 1659 1316 1694 ut
1329 1654 1464 1705 venit,
1479 1667 1650 1695 causam
1670 1656 1784 1708 apud
1805 1654 2055 1708 Philippum

1163 1730 1311 1769 regem
1348 1718 1499 1770 verbo,
1531 1731 1578 1759 re
1614 1725 1759 1760 autem
1790 1720 1901 1772 ipsa,
1939 1718 2056 1770 apud

1165 1781 1560 1834 Polyperchontem
1589 1783 1734 1835 jussus
1774 1790 1842 1824 est
1879 1783 2058 1831 dicere;

1164 1856 1348 1898 namque
1369 1847 1404 1886 is
1425 1851 1516 1886 tum
1535 1847 1666 1899 regiis
1699 1847 1829 1887 rebus
1850 1850 2056 1899 praeerat.

1166 1909 1251 1949 Hic
1266 1922 1363 1950 cnm
1379 1910 1433 1951 ab
1454 1910 1682 1963 Agnonide
1702 1919 1926 1954 accusatus
1941 1917 2059 1954 esset

1166 1974 1281 2026 quod
1314 1975 1515 2025 Pyraeum
1548 1975 1755 2016 Nicanori
1779 1976 2059 2029 prodidisset,

1165 2043 1211 2077 et
1242 2038 1453 2078 consimili
1487 2040 1704 2080 sententia
1739 2041 1783 2080 in
1817 2039 2058 2081 custodiam

1164 2101 1408 2153 conjectus,
1439 2101 1633 2143 Athenas
1663 2103 1878 2145 deductus
1909 2110 1992 2155 est,
2010 2110 2059 2145 ut

1165 2163 1223 2204 ibi
1242 2165 1297 2204 de
1311 2177 1362 2205 eo
1374 2166 1542 2218 legibus
1557 2165 1684 2207 fieret
1695 2168 1923 2220 judicium.
1954 2169 2058 2209 Huc

1166 2226 1240 2267 ubi
1262 2234 1519 2279 perventum
1540 2238 1623 2281 est,
1638 2243 1734 2271 cum
1753 2239 1936 2284 propter
1953 2239 2058 2273 aeta-

1165 2296 1255 2330 tem
1275 2291 1456 2343 pedibus
1489 2293 1552 2332 ire
1581 2306 1666 2333 non
1685 2295 1868 2346 valeret,
1885 2296 2059 2336 vehicu-

1164 2354 1293 2407 loque
1335 2361 1597 2407 portaretur,
1630 2359 1774 2410 magni
1825 2371 2058 2400 concursus

1165 2417 1272 2458 facti
1285 2423 1404 2469 sunt;
1418 2431 1515 2459 cum
1530 2421 1602 2460 alii
1616 2421 1774 2461 veteris
1787 2420 1913 2462 famae
1931 2423 2060 2463 remi-

1165 2480 1400 2532 niscentes,
1429 2483 1851 2536 commiserarentur,
1884 2486 2058 2538 plurimi

1165 2556 1268 2584 vero
1296 2552 1614 2587 exacuerentur
1646 2557 1828 2602 propter
1853 2550 2056 2602 proditio-

1165 2610 1231 2651 nis
1252 2612 1556 2663 suspicionem,
1575 2614 1760 2654 maxime
1778 2614 1878 2668 quia
1904 2615 2058 2655 adver-

1165 2686 1236 2714 sus
1282 2675 1431 2727 populi
1476 2677 1705 2718 commoda
1749 2677 1794 2717 in
1829 2684 2056 2719 senectute

1162 2739 1372 2781 stetisset.
1429 2740 1526 2782 Qua
1554 2740 1609 2781 de
1636 2754 1683 2781 re
1711 2754 1798 2782 non
1824 2742 2056 2795 perorandi

1165 2802 1336 2854 quidem
1356 2804 1398 2843 ei
1417 2809 1484 2844 est
1503 2803 1607 2844 data
1635 2803 1823 2846 facultas
1843 2811 1888 2846 et
1910 2805 2057 2845 dicen-

1161 2866 1207 2906 di
1222 2880 1410 2909 causam.
1424 2868 1524 2908 inde
1530 2868 1709 2921 judiciis
1724 2869 1926 2920 legitimis
1941 2869 2056 2909 dam·

1161 2937 1288 2972 natus
1325 2932 1512 2973 traditus
1551 2929 1870 2985 undecimviris,
1902 2932 2054 2985 quibus

1160 2995 1216 3035 ad
1258 2995 1520 3048 supplicium
1564 3007 1682 3036 more
1720 2994 2054 3036 Atheniensium

1159 3058 1335 3111 publice
1375 3059 1566 3100 damnati
1604 3058 1717 3099 tradi
1752 3060 1907 3100 solent.
1965 3058 2052 3097 Hic

1159 3135 1256 3164 cum
1285 3123 1341 3164 ad
1361 3128 1544 3163 mortem
1572 3123 1823 3173 duceretur,
1844 3121 1993 3162 obvius
2014 3120 2053 3159 ei

1157 3185 1241 3227 fuit
1256 3187 1557 3239 Emphyletus,
1575 3199 1662 3239 quo
1674 3185 1945 3226 familiariter
1960 3182 2054 3222 fue-

1158 3257 1226 3290 rat
1241 3262 1367 3292 usus:
1397 3251 1433 3290 is
1447 3263 1542 3291 cum
1559 3250 1828 3302 lachrymans
1843 3247 2023 3286 dixisset
2040 3260 2051 3284 z

1160 3312 1200 3353 O
1222 3326 1347 3367 quam
1368 3314 1544 3366 indigna
1562 3312 1804 3365 perpeteris
1824 3309 2045 3351 Phocion!

1159 3377 1220 3417 At
1239 3389 1325 3417 non
1347 3378 1575 3429 inopinata
1606 3376 1774 3428 inquit3
1805 3375 1916 3414 hunc
1937 3373 2053 3413 enim

1157 3440 1321 3482 exitum
1357 3441 1552 3494 plerique
1583 3439 1688 3480 clari
1709 3438 1787 3478 viri
1815 3437 2052 3478 Athenien-

1159 3505 1267 3545 sium
1301 3505 1557 3545 habuerunt.
1636 3503 1690 3543 In
1729 3503 1842 3542 hunc
1881 3506 2050 3541 tantum

1157 3569 1239 3614 fuit
1271 3569 1416 3610 odium
1449 3565 1754 3619 multitudinis,
1774 3570 1821 3606 ut
1852 3577 1976 3606 nemo
1996 3565 2050 3605 sit
