2332 4036
394 265 503 316 924

398 393 618 434 Valerius:
661 394 796 437 ‘Quae
815 393 1042 434 formulam
1064 394 1185 446 quasi
1203 405 1276 434 no·

402 457 466 497 bis
503 464 816 510 repraesentant
845 458 1055 510 epitaphii
1086 455 1276 498 vetusti!

402 522 592 573 Pighius.

458 583 726 635 Victimarios]
753 585 841 624 Per
859 584 1074 624 ministros
1087 583 1278 623 victima·

398 660 507 697 rum,
526 649 599 701 qui
620 649 815 688 victimas
836 646 1046 699 ligabant,
1076 647 1278 698 cultrum,

399 724 569 764 aquam,
602 717 648 751 et
678 712 829 750 molam
856 709 1085 762 parabant,
1114 715 1159 749 et
1182 710 1278 756 reli-

398 787 496 827 qua,
545 787 640 827 quae
685 774 818 814 saeris
863 777 986 812 erant
1021 773 1278 824 necessaria,

398 837 624 878 victimarii
660 836 940 877 dicebantur:
988 841 1114 876 erant
1147 835 1280 888 igitur

398 901 580 940 ministri
600 899 919 940 sacrificiorum.
950 899 1099 939 Oliver.

453 965 474 1015 ξ
505 966 555 1003 13
586 961 869 1018 Duumvirum]
901 962 996 1002 Duo
1015 962 1198 1013 primum
1213 961 1281 1002 fu-

400 1038 474 1066 ere
497 1025 809 1077 tantummodo,
837 1025 911 1079 qui
930 1025 1047 1065 libris
1062 1025 1280 1078 Sibyllinis

400 1091 774 1142 praeficiebantiir3
815 1096 861 1132 et
882 1091 924 1132 hi
946 1097 1070 1132 erant
1090 1093 1279 1145 patritii:

400 1156 558 1196 deinde
578 1156 727 1196 decem
748 1154 946 1208 praefecti
967 1162 1093 1206 sunt3
1128 1162 1281 1208 postea

402 1219 643 1272 quindecim
657 1231 796 1271 usque
809 1219 861 1259 ad
875 1219 1052 1271 Syllana
1064 1226 1278 1271 tempora;

401 1288 620 1333 postremo
656 1281 963 1334 quinquaginta
999 1280 1200 1332 fuerunt3
1234 1288 1280 1321 et

399 1345 503 1384 licet
522 1343 683 1384 fuerint
702 1345 860 1396 plures,
888 1345 931 1384 in
959 1344 1023 1384 his
1044 1351 1186 1384 tamen
1207 1345 1283 1384 de-

402 1407 684 1446 cemvirorum
707 1418 860 1446 nomen
880 1407 1101 1447 remansit.
1131 1409 1254 1448 Idem.

457 1471 575 1508 Culeo
593 1467 784 1519 insutum]
829 1469 987 1509 Culeus
1007 1476 1102 1510 erat
1121 1471 1284 1511 corium

400 1533 608 1584 lupinum,
635 1533 677 1572 in
713 1544 795 1586 quo
829 1533 982 1584 gallus,
1016 1546 1208 1586 serpens,
1238 1542 1285 1574 et

397 1597 519 1637 simia
536 1597 889 1638 includebantur:
912 1598 1069 1638 deinde
1088 1598 1159 1651 qui
1176 1599 1285 1650 ejus-

402 1661 518 1700 modi
536 1660 794 1712 supplicium
825 1661 1067 1712 meruisset,
1093 1661 1285 1701 insueba-

402 1732 474 1766 tur
491 1726 571 1766 hoc
591 1726 728 1776 culeo,
762 1732 807 1767 et
827 1726 870 1766 in
891 1727 1131 1779 proximum
1156 1725 1286 1766 fluen-

404 1795 491 1830 tem
510 1789 837 1841 projiciebatur.
877 1790 1012 1830 Poena
1031 1794 1173 1830 autem
1193 1796 1288 1830 erat

405 1853 562 1905 gravis,
576 1853 674 1906 quia
689 1854 824 1905 gallus
839 1859 1101 1906 serpentem,
1113 1866 1289 1906 serpens

406 1916 587 1966 simiam,
600 1916 723 1956 simia
736 1917 948 1957 hominem
963 1917 1288 1970 insequebatur.

409 1978 508 2018 Hoc
531 1985 675 2019 autem
696 1980 897 2032 supplicii
912 1992 1046 2032 genus
1062 1981 1290 2033 parricidis

406 2041 642 2093 irrogatum
665 2048 745 2084 est.
803 2042 855 2082 P.
874 2043 1121 2093 Malleolus,
1150 2050 1288 2084 matre

404 2103 685 2157 interempta,
715 2106 876 2157 primus
908 2105 1093 2146 omnium
1125 2106 1288 2147 insutus

410 2167 536 2206 culeo
595 2169 639 2208 in
686 2180 803 2209 mare
851 2170 1149 2221 praecipitatus
1210 2176 1289 2212 est.

410 2229 540 2270 Idem.

457 2294 605 2345 quue]
634 2294 828 2345 Contigit
848 2294 902 2336 A.
923 2296 978 2337 U.
998 2307 1129 2336 nnn.

464 2356 595 2396 Multo
616 2357 724 2409 post]
753 2358 909 2410 Vulgo,
940 2371 1017 2398 non
1047 2361 1169 2399 multo
1188 2364 1292 2411 post.

411 2421 524 2462 Quia
539 2433 675 2473 usque
693 2421 748 2461 ad
768 2426 963 2473 tempora
986 2422 1115 2474 Syllae
1137 2429 1181 2462 et
1199 2423 1292 2462 Ma-

411 2483 480 2533 rii,
499 2483 571 2535 qui
590 2483 902 2523 sexcentesimo
921 2483 1099 2524 fuerunt
1119 2484 1172 2524 ab
1188 2484 1293 2524 urbe

413 2545 589 2584 condita
618 2557 744 2596 anno,
787 2547 866 2585 hoc
902 2547 999 2597 lege
1032 2547 1296 2599 Pompeiana

413 2607 560 2647 datum
579 2613 646 2647 est
664 2607 718 2647 ad
735 2609 952 2660 populum.
983 2609 1089 2648 ocio.

467 2670 589 2722 quue
615 2671 796 2722 supplicii
814 2684 937 2721 genus
955 2685 1031 2711 non
1049 2674 1168 2712 multo
1187 2671 1295 2724 post]

416 2732 647 2774 Eradenda
686 2745 771 2773 vox
795 2734 1022 2785 negativa,
1069 2747 1161 2785 uon,
1199 2747 1294 2787 quae

418 2796 461 2835 in
507 2795 624 2835 nullo
671 2796 1055 2847 manuscriptorum
1101 2797 1298 2839 habetur.

418 2859 734 2911 Quadringenti
753 2860 865 2899 enim
899 2860 1077 2911 amplius
1112 2860 1211 2900 anni
1231 2859 1297 2900 fu·

419 2935 491 2964 ere
529 2929 628 2975 post
676 2935 826 2975 regum
871 2928 1079 2974 tempora,
1130 2923 1298 2974 quando

419 2986 581 3037 primus
602 2998 654 3025 ea
672 2997 796 3037 poena
817 2985 951 3037 periit
969 2985 1119 3026 Romae
1154 2986 1300 3026 matri-

420 3049 519 3089 cida
538 3049 781 3089 Malleolus.
809 3049 990 3099 Pighius.

476 3113 606 3151 Multo
619 3111 725 3163 post]
753 3111 862 3151 Post
875 3111 1032 3151 bellum
1045 3111 1302 3152 Cimbricum

423 3180 468 3214 et
486 3175 713 3215 victoriam
729 3174 874 3214 Marii.
895 3173 1063 3215 Auctor
1078 3175 1246 3226 Florus,
1259 3181 1304 3215 et

424 3239 551 3278 Oros.
565 3238 638 3278 lib.
657 3250 702 3278 v.
721 3250 819 3289 cap.
839 3241 908 3277 16.
939 3238 1064 3277 Color.

479 3303 503 3353 ξ,
533 3305 582 3340 14
612 3301 692 3341 Sed
709 3302 752 3339 in
772 3300 834 3340 his
851 3313 938 3352 quoe
956 3299 1188 3350 custodiam]
1222 3300 1306 3340 Hie

428 3363 490 3402 M.
527 3362 684 3402 Atilius
719 3362 908 3414 Regulus
938 3360 1038 3411 fuit,
1066 3361 1139 3414 qui
1173 3362 1307 3413 primo

432 3423 597 3464 Punico
628 3424 741 3464 bello
776 3432 871 3476 post
904 3425 1177 3476 gravissimas
1210 3425 1309 3464 Car·

430 3487 774 3539 thaginiensibus
795 3487 940 3529 clades
958 3487 1115 3539 illatas,
1139 3488 1308 3529 tandein

980 279 1154 316 No'rAE
1198 277 1524 318 VARIORUM

1570 280 1633 318 IN

1337 394 1502 434 insidiis
1559 395 1840 435 Hasdrubalis
1883 400 1928 435 et
1977 395 2219 446 Xanthippi

1338 458 1656 499 Lacedaemonii
1689 460 1811 499 ducis
1849 465 2018 511 captus,
2049 466 2092 499 et
2112 460 2216 511 Car-¹

1339 521 1554 572 thaginem
1574 522 1747 573 ductus,
1783 523 1963 563 Romam
1983 523 2132 562 missus
2151 526 2218 562 est

1339 583 1392 622 ad
1421 584 1639 635 Senatum,
1669 589 1717 625 ut
1742 587 1874 636 ipsius
1901 586 2218 639 permutatione

1338 657 1484 686 omnes
1520 648 1934 700 Carthaginiensium
1960 649 2122 700 captivi
2153 661 2218 689 re·

1339 710 1653 761 stituerentur3
1686 713 1963 765 contentique
1998 713 2089 752 solo
2125 712 2218 764 ejus

1338 780 1620 824 sacramento,
1650 776 1765 815 nullo
1800 775 1885 819 alio
1902 775 1956 815 de
1974 776 2059 816 ritu
2078 774 2218 816 valide

1338 836 1456 877 illum
1496 838 1800 879 astrinxerunt.
1859 839 1956 878 Hoc
1985 839 2027 879 in
2059 840 2221 880 Senatu

1339 912 1434 941 cum
1455 900 1632 942 Attilius
1655 901 1938 953 exposuisset,
1972 902 2135 953 primus
2165 902 2220 942 de

1338 964 1420 1005 bac
1454 977 1500 1004 re
1532 965 1788 1004 sententiam
1820 970 2013 1016 rogatus,
2047 965 2225 1017 negavit

1342 1039 1419 1078 pro
1440 1040 1486 1067 se
1502 1040 1585 1067 uno
1601 1034 1645 1067 et
1658 1039 1759 1068 sene
1775 1033 1840 1068 tot
1849 1028 2034 1079 juvenes
2055 1033 2102 1068 et
2116 1027 2222 1068 vali-

1349 1090 1424 1131 dos
1446 1091 1633 1131 hostibus
1652 1103 1745 1131 esse
1766 1090 2026 1143 reddendos,
2041 1091 2084 1130 in
2104 1092 2223 1143 quus

1343 1154 1598 1194 sententiam
1620 1152 1736 1194 facto
1755 1154 2123 1195 senatusconsulto
2137 1166 2224 1194 non

1346 1216 1470 1256 reddi
1507 1217 1676 1258 scilieet
1702 1217 1913 1268 captivos,
1945 1230 2058 1267 cum,
2096 1224 2143 1259 ut
2179 1217 2226 1258 in

1345 1280 1486 1330 patria
1521 1285 1780 1329 remaneret,
1813 1292 1840 1320 a
1869 1278 2151 1323 familiaribus
2178 1284 2226 1321 et

1345 1341 1490 1381 liberis
1510 1342 1636 1381 enixe
1659 1347 1900 1393 rogaretur,
1930 1344 2000 1395 qui
2030 1343 2228 1385 dicerent

1347 1402 1467 1442 nefas
1487 1415 1571 1443 non
1591 1416 1687 1443 esse
1703 1404 1879 1456 perfidis
1893 1405 2025 1446 fidem
2037 1418 2120 1446 non
2137 1418 2227 1447 ser·

1348 1478 1488 1517 vasse,
1517 1467 1633 1506 nulla
1650 1467 1811 1507 ratione
1830 1467 1986 1508 adduci
2005 1469 2162 1520 potuit,
2177 1474 2228 1509 ut

1349 1541 1376 1568 a
1410 1527 1495 1568 fide
1533 1528 1777 1570 desisteret.
1844 1530 2003 1572 Maluit
2031 1544 2137 1583 ergo
2173 1531 2225 1572 ad

1349 1597 1515 1634 certum
1532 1592 1788 1644 supplicium
1809 1593 1966 1644 redire,
2000 1607 2126 1646 quam
2138 1594 2232 1646 jus-

1340 1654 1573 1706 jurandum
1592 1655 1775 1697 violare:
1806 1661 1977 1708 poterat
2003 1657 2073 1699 hic
2102 1659 2231 1701 saluti

1348 1731 1435 1758 suae
1456 1720 1693 1770 consulere,
1713 1720 1787 1761 sed
1808 1721 2001 1773 quamvis
2029 1733 2076 1762 se
2100 1722 2233 1764 sciret

1351 1781 1405 1820 ad
1451 1781 1729 1822 saevissimum
1778 1783 1946 1825 hostem
1979 1785 2231 1836 rediturum,

1342 1850 1494 1891 *tamen
1534 1845 1786 1896 religionem
1834 1846 2088 1888 servandam
2136 1859 2231 1889 esse

1352 1907 1539 1957 putavit,
1569 1908 1690 1947 novis
1726 1920 1909 1961 namque
1934 1914 1980 1950 et
2011 1910 2232 1962 exquisitis

1351 1972 1642 2024 exemplorum
1673 1973 1810 2014 modis
1847 1974 2120 2016 excruciatus
2151 1981 2233 2015 est.

1352 2034 1522 2074 Etenim
1555 2035 1732 2076 resectis
1769 2037 1986 2089 palpebris
2006 2037 2050 2077 iu
2076 2038 2233 2079 machi-

1349 2110 1447 2139 nam
1472 2099 1695 2151 conjectus
1727 2105 1809 2150 est,
1841 2101 1913 2141 cui
1943 2108 2067 2140 erant
2096 2100 2236 2144 aculei

1352 2163 1535 2216 praefixi,
1566 2166 1634 2205 vel
1665 2165 1866 2206 claviculi
1892 2165 2072 2217 pedibus
2098 2167 2237 2207 acutis

1353 2228 1395 2266 in
1417 2227 1664 2268 interiorem
1685 2233 1854 2279 partem
1867 2227 1996 2279 versi,
2011 2233 2239 2280 tractaque

1353 2294 1422 2329 est
1438 2301 1516 2341 per
1535 2295 1670 2330 totam
1690 2289 1916 2329 civitatem
1946 2289 2159 2340 maehina,
2191 2296 2239 2331 et

1357 2351 1401 2390 in
1437 2364 1586 2391 omnes
1624 2358 1768 2404 partes
1800 2357 1989 2403 versata,
2038 2351 2242 2404 deniqne,

1355 2419 1452 2465 post
1467 2415 1622 2454 multos
1638 2414 1854 2455 cruciatus
1866 2409 1910 2454 in
1925 2425 2043 2455 mare
2057 2415 2241 2467 dejecta.

1360 2477 1514 2516 Cicero
1532 2478 1576 2517 in
1596 2478 1805 2518 Oratione
1824 2482 1976 2518 eontra
2008 2478 2212 2520 Pisonem
2225 2492 2238 2518 z

1353 2540 1366 2560 ‘
1385 2540 1478 2580 Nec
1495 2540 1596 2580 mihi
1610 2540 1676 2581 M.
1695 2538 1872 2579 Attilius
1887 2539 2094 2591 Regulus,
2113 2551 2240 2592 quem

1357 2602 1731 2655 Carthaginienses
1752 2603 1931 2644 resectis
1959 2603 2177 2656 palpebris
2194 2603 2245 2646 it-

1356 2666 1536 2717 ligatum
1572 2668 1615 2707 in
1653 2667 1849 2708 machina
1883 2672 2151 2709 necaverunt,
2179 2667 2245 2709 vi·

1359 2730 1548 2780 gilando,
1590 2730 1803 2782 supplicio
1845 2729 2015 2771 videtur
2043 2727 2245 2772 affectus.

1332 2792 1624 2843 -Supplicium
1661 2792 1774 2832 enim
1809 2790 1938 2832 fuisse
1974 2804 2186 2834 venenum
2218 2804 2245 2834 a

1362 2855 1788 2906 Carthaginiensibus
1822 2855 1990 2906 datum,
2024 2868 2107 2909 quo
2139 2861 2244 2898 tem·

1362 2930 1466 2970 pore
1502 2919 1681 2958 Romam
1713 2918 1768 2957 ad
1788 2920 1991 2960 Senatum
2012 2930 2092 2971 pro
2111 2920 2249 2971 capti-

1361 2994 1507 3021 vorum
1525 2983 1841 3033 permutatione
1856 2983 2047 3034 legatum
2067 2983 2247 3032 misere3

1365 3044 1479 3095 quod
1511 3043 1718 3095 ejusmodi
1747 3043 1846 3090 fuit,
1893 3050 1940 3085 ut
1978 3055 2062 3086 non
2100 3045 2248 3088 statim

1365 3118 1461 3146 eum
1484 3106 1765 3157 interimeret,
1783 3106 1857 3146 sed
1878 3113 2058 3149 mortem
2078 3106 2122 3147 in
2135 3105 2248 3147 diem

1367 3167 1579 3220 proferret
1617 3180 1668 3208 eo
1707 3168 1918 3216 consilio;
1965 3173 2119 3219 postea
2147 3179 2250 3210 vero

1368 3237 1588 3285 grassante
1603 3233 1759 3272 sensim
1775 3243 1958 3283 veneno,
1970 3243 2045 3272 cor
2059 3231 2252 3274 tabesce-

1369 3299 1465 3339 ret!
1520 3297 1608 3339 Alii
1638 3299 1762 3338 aliter
1780 3295 1928 3336 ferunt
1947 3296 2002 3337 de
2021 3296 2147 3349 hujus
2169 3297 2250 3337 viri

1369 3363 1596 3415 supplicio,
1615 3362 1766 3402 dicunt
1783 3361 1895 3400 enim
1911 3360 2025 3413 quod
2035 3372 2130 3400 eum
2147 3361 2252 3400 Car-

1371 3426 1662 3476 thaginienses
1714 3425 1756 3462 in
1810 3425 1917 3464 atris
1950 3428 1994 3462 et
2027 3421 2252 3474 profundis

1372 3489 1560 3529 tenebris
1576 3485 1852 3535 claudebant,
1867 3497 1916 3525 ac
1933 3485 2004 3525 diu
2020 3490 2251 3539 retentum,
