2346 3996
557 279 818 321 VALERH
862 276 1107 315 MAXIMI
1150 276 1270 313 LlB.
1300 276 1433 314 V111.
1475 276 1609 314 CAP.
1638 260 1724 312 15.

217 406 378 462 posuit,
397 407 491 457 quae
523 402 564 441 in
584 411 682 451 cap.
712 397 767 437 de
795 393 1099 435 Moderatione

220 472 419 518 diximus,
436 466 510 508 ubi
543 464 672 505 etiam
698 466 860 501 'cuncta
889 459 1007 498 illum
1034 470 1098 497 re·

220 535 384 588 spuisse
403 527 746 572 monstravimus.
795 522 948 564 olivet.
987 522 1099 562 Con-

220 598 320 650 tigit
338 595 392 636 A.
411 594 468 634 U.
488 601 686 632 nxnvm.
706 593 751 628 et
771 598 884 628 nur.

274 665 298 716 ς
318 665 340 702 1
365 658 539 701 citerior
568 655 743 706 legitimo
764 651 957 704 tempore]
987 650 1102 690 Ante

220 733 408 779 tempus,
433 720 548 776 quod
567 731 646 773 per
674 719 814 770 legem
834 722 927 756 erat
946 713 1103 755 consti·

223 792 379 830 tutum.

273 852 420 892 Relota
445 848 555 899 sont]
582 847 715 888 Dicta
742 845 786 885 in
818 855 914 895 cap.
935 841 989 882 de
1009 841 1104 882 Mo-

222 916 462 965 deratione,
492 912 568 952 ubi
599 922 650 951 ea
668 909 859 950 videmus
892 911 937 947 et
959 906 1105 945 videre

223 989 461 1032 possumus.
515 976 626 1015 Sunt
655 978 798 1027 autem
830 971 950 1009 haec:
982 970 994 991 ‘
1017 968 1105 1007 Vo—

222 1044 395 1083 luerunt
412 1040 474 1080 illi
493 1045 660 1079 statuas
681 1036 724 1075 in
743 1034 938 1084 comitio,
955 1033 997 1071 in
1017 1044 1105 1072 ros-

226 1107 318 1155 tris,
344 1105 388 1144 in
421 1102 559 1151 curia,
583 1100 626 1139 in
654 1099 750 1151 ipsa
779 1096 964 1148 denique
983 1093 1104 1136 Jovis

221 1167 387 1222 Optimi
409 1164 590 1206 Maximi
609 1162 719 1204 cella
739 1171 900 1212 ponere
919 1172 930 1208 ;
962 1159 1106 1198 volue-

222 1237 324 1272 runt
360 1230 587 1280 imaginem
626 1223 874 1277 triumphali
913 1221 1106 1262 indutam

222 1301 377 1336 ornatu
411 1291 668 1346 Capitolinis
706 1287 1000 1343 pulvinaribus
1032 1299 1106 1338 ap-

222 1362 389 1416 plicare
404 1376 415 1411 ;
446 1360 674 1400 voluerunt
686 1357 749 1397 illi
765 1356 1013 1396 continuum
1027 1367 1107 1407 per

223 1439 369 1468 omnes
401 1425 501 1465 vitae
531 1435 664 1464 annos
697 1421 978 1471 consulatum,
1011 1431 1106 1471 per-

223 1497 484 1544 petuamque
504 1487 762 1528 dictaturam
780 1484 986 1532 tribuere,
1006 1495 1107 1535 quo·

223 1553 411 1594 rumille
437 1551 543 1592 nibil
570 1550 790 1602 suscipere
810 1546 970 1588 voluit?
1020 1547 1106 1586 Oli·

226 1630 306 1658 rer.

278 1680 516 1733 Imaginem]
544 1679 644 1720 Hoc
662 1677 723 1718 illi
744 1675 1009 1730 praecipuum
1034 1675 1106 1715 ob-

223 1745 339 1798 tigit,
357 1744 470 1798 quod
497 1743 590 1795 ejus
611 1743 753 1794 imago
779 1742 822 1780 in
853 1740 1014 1792 templo
1033 1739 1107 1781 Jo-

222 1811 294 1849 vis*
319 1807 490 1860 Optimi
518 1806 715 1856 Maximi,
744 1810 946 1856 tanquam
975 1803 1109 1842 divini

223 1871 444 1926 cujusdam
459 1870 639 1912 bominis
653 1869 973 1918 simulachrum,
986 1879 1110 1919 repo-

226 1936 312 1978 sit·
338 1934 497 1986 fuerat,
517 1947 630 1987 quae,
652 1933 819 1986 quoties
854 1945 878 1972 a
908 1931 1109 1972 Cornelia

224 2004 353 2051 gente
372 1997 499 2039 funus
529 1995 708 2050 aliquod
736 1995 985 2046 duceretur,
1007 1995 1109 2035 inde

225 2074 396 2115 semper
425 2061 673 2114 petebatur,
695 2060 818 2113 quasi
838 2060 1000 2100 vellent
1021 2059 1108 2099 suis

228 2127 422 2180 exequiis
453 2125 624 2168 honoris
653 2137 782 2166 causa
809 2124 947 2176 ipsum
982 2124 1110 2164 inter-

229 2203 324 2232 esse
356 2191 618 2243 Scipionem.
650 2190 757 2230 Ideo
776 2194 917 2230 autem
939 2189 981 2228 in
1002 2189 1111 2229 cella

226 2255 349 2298 Jovis
378 2255 632 2296 collocatam
662 2254 755 2305 ejus
783 2253 1014 2304 imaginem
1043 2265 1110 2292 ar-

225 2319 378 2369 bitror,
398 2318 501 2372 quia
519 2318 641 2360 Jovis
666 2317 777 2358 filius
797 2317 928 2357 fuisse
961 2316 1109 2356 crede-

226 2382 370 2431 batur,
391 2383 584 2436 quamvis
602 2381 726 2432 falso,
748 2387 860 2422 teste
883 2381 1019 2432 Livi0‚
1038 2381 1110 2434 qni

226 2447 361 2488 dicit:
405 2446 603 2488 ‘Adhaec
632 2448 726 2500 jam
762 2446 863 2487 inde
897 2446 951 2486 ab
987 2446 1110 2487 initio

227 2523 477 2565 praeparans
497 2512 675 2563 animos,
693 2523 747 2551 ex
772 2523 857 2564 quo
883 2515 1028 2563 togam
1050 2511 1109 2550 vi-

229 2576 352 2616 rilem
373 2576 570 2629 sumpsit,
588 2577 704 2616 nullo
732 2575 801 2615 die
835 2576 951 2627 prius
979 2575 1109 2615 ullam

227 2639 444 2693 publicam
453 2641 752 2693 privatamque
766 2652 854 2680 rem
868 2639 974 2692 egit,
984 2651 1109 2692 quam

227 2703 272 2744 in
302 2704 564 2757 Capitolium
598 2704 698 2756 iret,
719 2705 1019 2756 ingressusque
1055 2716 1108 2743 ae-

226 2767 324 2809 dem
356 2768 621 2820 consideret,
641 2773 687 2808 et
715 2769 969 2821 plerumque
1003 2772 1110 2808 tem-

225 2844 307 2884 pus
348 2832 463 2872 solus
499 2832 544 2872 in
577 2837 790 2872 secretum
834 2830 895 2872 ibi
930 2836 1108 2872 tereret.

225 2895 314 2937 Hic
342 2907 449 2948 mos,
465 2898 539 2950 qui
568 2910 647 2950 per
677 2909 844 2938 omnem
866 2897 995 2937 vitam
1024 2910 1109 2937 ser-

187 2978 195 2984 -
225 2959 424 3009 vehatur,
461 2972 536 3000 seu
574 2961 790 3012 consulto,
829 2973 905 3001 seu
943 2967 1109 3002 temere

226 3025 416 3078 vulgatae
449 3026 640 3079 opinioni
675 3025 804 3066 fidem
838 3027 955 3078 apud
984 3038 1108 3079 quos-

226 3089 326 3131 dam
345 3089 467 3142 fecit,
484 3090 634 3143 stirpis
667 3102 763 3130 eum
793 3089 951 3130 divinae
971 3090 1109 3131 virum

227 3165 339 3206 esse,
357 3154 592 3207 retulitque
615 3152 771 3194 famam
797 3153 838 3198 in
860 3152 1108 3195 Alexandro

226 3217 390 3270 Magno
418 3217 536 3270 prius
567 3218 798 3270 vulgatam,
829 3223 875 3258 et
904 3219 1110 3271 vanitate,

228 3285 276 3320 et
320 3280 466 3322 fabula
503 3293 680 3334 parem:
720 3282 869 3334 anguis
914 3284 1109 3325 immanis

228 3343 463 3385 concubitu
481 3351 754 3398 conceptum,
773 3352 819 3386 et
838 3347 880 3386 in
910 3347 1109 3388 cubiculo

227 3407 378 3448 matris
406 3410 494 3459 ejus
531 3422 728 3462 persaepe
758 3410 889 3450 visam
922 3412 1110 3464 prodigii

229 3471 320 3523 ejus
335 3474 537 3524 speciem,
548 3475 879 3528 interventuque
891 3475 1108 3515 hominum

229 3534 445 3576 evolutam
489 3543 670 3590 repente
707 3543 838 3592 atque
885 3550 940 3578 ex
976 3539 1108 3579 oculis

1904 258 2046 312 1319

1164 394 1367 444 elapsam.
1424 393 1505 434 His
1525 391 1741 433 miraculis
1760 402 1974 443 nunquam
1996 387 2050 431 ab

1164 457 1257 508 ipso
1280 458 1401 498 illusa
1415 458 1521 498 fides
1542 463 1623 503 est,
1639 455 1741 508 quin
1757 454 1899 506 potius
1920 461 2049 493 aucta

1166 527 1258 562 arte
1278 524 1460 575 quadam
1481 535 1560 563 nec
1582 519 1794 562 abnuendi
1824 520 1909 559 tale
1930 519 2047 571 quic-

1167 597 1309 637 quam,
1340 598 1421 626 nec
1454 588 1591 639 palam
1627 582 1892 625 affirmandi?
1948 583 2052 623 Gel-

1166 649 1247 688 lius
1275 648 1396 689 addit
1421 650 1544 699 illud,
1573 649 1804 688 admiratos
1825 647 2053 687 vehemen-

1168 717 1236 752 ter
1268 724 1362 753 esse
1400 713 1582 753 aedituos
1617 713 1781 764 templi,
1807 711 1920 764 quod
1950 716 2052 751 ante

1167 778 1400 818 diluculum
1438 778 1483 816 in
1517 777 1776 830 Capitolium
1811 775 2055 828 ingredien-

1167 846 1254 881 tem
1272 841 1531 893 Scipionem,
1546 853 1689 890 canes,
1706 848 1877 892 semper
1893 840 1935 879 in
1949 840 2054 879 alios

1169 906 1416 955 saevientes,
1460 916 1601 957 neque
1639 904 1891 944 allatrarent
1939 915 2052 955 eum,

1168 983 1307 1023 neque
1369 970 1654 1009 incurrerent.
1728 967 1856 1007 Unde
1904 966 2054 1006 Livius

1170 1036 1302 1075 multa
1322 1035 1404 1074 alia
1422 1034 1610 1086 ejusdem
1630 1032 1797 1084 generis
1815 1030 2056 1082 subjungit,

1170 1111 1263 1152 quae
1295 1095 1588 1138 admirationis
1615 1096 1811 1135 humanae
1831 1094 1873 1133 in
1906 1106 1958 1133 eo
1981 1094 2053 1144 ju-

1171 1179 1276 1207 vene
1288 1169 1565 1207 excesserant
1579 1161 1765 1213 modurn,
1777 1160 1930 1213 quibus
1940 1158 2056 1199 freta

1170 1232 1322 1272 civitas
1343 1230 1463 1270 aetati
1481 1229 1593 1268 baud
1629 1238 1843 1280 quaquam
1870 1231 2053 1266 maturae

1171 1301 1334 1335 tantam
1356 1295 1510 1334 molem
1530 1304 1689 1342 rerum,
1709 1296 1960 1343 tantumque
1978 1290 2055 1329 im-

1172 1359 1336 1412 perium
1357 1356 1563 1411 promisit.
1622 1356 1722 1396 Non
1749 1355 1855 1395 illud
1877 1358 2058 1407 praeter-

1172 1423 1427 1464 mittendum
1474 1433 1646 1470 censeo,
1701 1420 1814 1473 quod
1862 1419 2056 1471 Scipioni

1171 1487 1443 1540 magnificum
1489 1485 1699 1538 obtigisse
1737 1483 1922 1534 videtur,
1959 1496 2056 1524 cum

1170 1553 1336 1604 legatus
1366 1557 1482 1591 esset
1516 1551 1668 1589 missus
1697 1549 1751 1588 ad
1780 1547 2056 1588 Antiochum.

1171 1616 1331 1668 Ephesi
1358 1627 1454 1655 cum
1486 1613 1713 1664 Annibale,
1732 1613 1804 1666 qui
1825 1625 1871 1652 se
1903 1612 2055 1652 Antio-

1171 1680 1482 1733 cliojunxerat,
1497 1679 1733 1720 collocutus
1752 1682 1834 1728 est,
1851 1681 1899 1717 ut
1912 1677 1945 1716 si
1959 1676 2055 1717 fieri

1172 1752 1334 1796 posset,
1354 1749 1515 1783 metum
1534 1743 1652 1792 vitae,
1672 1753 1798 1794 quem
1819 1753 1872 1780 ex
1893 1741 2056 1793 populo

1171 1810 1367 1851 Romano
1383 1815 1657 1862 conceperat,
1678 1808 1903 1849 eximeret.
1932 1808 2058 1848 Inter

1172 1876 1255 1916 alia
1275 1888 1371 1916 cum
1387 1880 1604 1928 quaereret
1624 1874 1677 1914 ab
1690 1872 1918 1924 Annibale,
1931 1885 2059 1925 quem

1171 1939 1302 1980 fuisse
1331 1941 1558 1979 maximum
1588 1939 1891 1990 imperatorem
1923 1937 2059 1977 Anni-

1172 2003 1242 2043 bal
1271 2003 1488 2053 crederet,
1520 2001 1743 2053 respondit
1761 1999 2055 2041 Alexandrum

1171 2067 1460 2107 Macedonum
1478 2078 1638 2118 regem,
1651 2065 1764 2118 quod
1781 2077 1914 2118 parva
1932 2077 2058 2105 manu

1170 2131 1503 2171 innumerabiles
1569 2131 1783 2170 exercitus
1860 2128 2057 2176 fudisset,

1173 2195 1393 2247 quodque·
1411 2195 1586 2234 ultimas
1633 2206 1744 2243 oras,
1779 2205 1884 2246 quas
1917 2193 2057 2232 visere

1172 2271 1305 2311 supra
1340 2259 1469 2299 fidem
1506 2259 1732 2298 humanam
1766 2262 1896 2308 esset,
1930 2269 2055 2309 pera-

1173 2329 1356 2375 grasset.
1412 2322 1637 2364 Quaerenti
1657 2320 1829 2367 deinde,
1849 2332 1975 2373 quem
1991 2333 2058 2361 se-

1173 2387 1358 2427 cundum
1376 2391 1574 2439 poneret,
1595 2385 1734 2439 inquit
1754 2384 1983 2438 Pyrrhum,
2003 2396 2056 2424 eo

1172 2452 1269 2504 quia
1289 2457 1431 2491 castra
1457 2449 1610 2489 metari
1630 2448 1877 2498 docuisset;
1906 2447 2058 2488 adhaec

1172 2513 1385 2555 neminem
1432 2514 1669 2567 elegantius
1729 2513 1827 2553 loca
1873 2512 2057 2564 cepisse,

1172 2579 1377 2633 praesidia
1449 2578 1723 2631 disposuisse.
1813 2577 2058 2630 Exequenti

1172 2657 1296 2698 quem
1335 2643 1510 2684 tertium
1545 2643 1725 2692 diceret,
1758 2645 1894 2682 semet
1929 2639 2058 2681 dixit.

1174 2708 1334 2749 Ridens
1364 2707 1524 2759 Scipio,
1554 2705 1767 2748 Quidnam
1796 2711 1845 2745 tu
1874 2703 2058 2755 diceres,

1174 2772 1208 2812 si
1244 2785 1325 2823 me,
1355 2771 1510 2824 inquit,
1530 2769 1738 2810 vicisses?
1795 2768 1908 2808 ‘rum
1936 2780 2056 2819 vero,

1172 2837 1328 2889 inquit,
1359 2847 1427 2875 me
1456 2840 1502 2875 et
1535 2838 1635 2874 aute
1667 2832 1979 2884 Alexandrum,
2010 2837 2056 2873 et

1172 2906 1270 2940 ante
1298 2900 1526 2952 Pyrrhum,
1545 2904 1592 2939 et
1625 2903 1726 2938 ante
1757 2898 1863 2938 alios
1895 2897 2057 2951 posuis-

1171 2977 1274 3005 sem.
1328 2965 1394 3003 Ex
1415 2976 1499 3017 quo
1519 2962 1794 3015 relinquitur,
1807 2962 2054 3013 Scipionem

1171 3027 1357 3068 omnium
1389 3027 1618 3067 maximum
1651 3026 1963 3077 Imperatorem
1997 3025 2052 3065 ab

1171 3090 1386 3132 Annibale
1406 3090 1538 3135 fuisse
1553 3090 1813 3143 judicatum.
1873 3089 2024 3128 Oliver.

1229 3154 1328 3200 Quae
1373 3155 1666 3206 quotiescunque
1716 3164 1855 3192 munus
1897 3151 2054 3202 aliquod

1174 3219 1366 3259 Cornelia»
1375 3221 1488 3270 genti
1499 3218 1766 3259 celebrandum
1779 3214 1858 3266 est]
1878 3214 1947 3254 Ita
1961 3215 2051 3253 vul-

1172 3296 1240 3335 go,
1297 3285 1427 3336 Lege,
1437 3282 1564 3333 funus
1579 3282 1746 3332 aliquod.
1791 3279 1930 3319 Paulo
1951 3283 2052 3329 post

1171 3348 1282 3387 enim
1301 3347 1408 3387 dicit
1427 3346 1602 3388 Catonis
1622 3354 1790 3396 quoque
1815 3339 1998 3393 effigiem
2027 3353 2051 3379 e

1172 3411 1302 3452 Curia
1330 3411 1383 3451 ad
1404 3409 1592 3463 ejusdem
1619 3407 1786 3459 generis
1815 3403 1957 3444 officia
1976 3417 2050 3444 ex-

1170 3476 1308 3526 promi
1329 3476 1478 3516 solere.
1533 3472 1673 3524 Atque
1692 3475 1844 3511 auctor
1861 3468 1916 3508 de
1934 3469 2051 3509 Viris

1168 3538 1413 3580 Illustribus
1432 3550 1527 3589 cap.
1545 3539 1610 3577 47.
1632 3533 1780 3576 scribit
1799 3533 1860 3573 M.
1874 3532 2048 3573 Catonis
