2346 3996
545 275 804 316 vAnnnn
850 273 1091 312 MAxnn
1139 274 1255 311 [ΑΒ.
1286 274 1365 311 vl.
1407 274 1540 312 cAP.
1570 260 1621 312 3.

170 400 354 453 Tarpeio
381 395 674 451 praecipitatus
704 398 788 441 est,
818 392 966 431 domus
989 390 1053 429 di-

172 471 285 514 ruta,
308 464 418 504 bona
451 459 685 513 publicata,
711 456 926 506 gentilitas
959 453 1053 504 ejus

173 528 330 569 Manlii
364 524 615 578 cognomine
645 521 827 574 juravit,
873 531 927 558 ne
959 518 1052 570 quis

172 597 325 645 postea
352 589 620 641 Capitolinus
655 583 908 626 vocaretur!
964 581 1055 620 Pli-

171 655 266 694 nius
285 664 455 706 quoque
479 651 586 690 Nat.
609 650 724 690 Hist.
759 647 834 687 lib.
865 658 947 687 vn.
978 657 1054 696 per

173 717 402 758 transitum
440 715 565 766 liujus
604 712 798 752 meminit
847 708 1054 750 historiae.

177 783 284 822 Oliv.

226 843 389 884 Imitari
407 841 578 894 coepisti]
605 840 811 881 Senones.
856 837 954 878 Hoc
973 841 1054 887 est,

172 907 380 947 invadere
402 906 649 946 libertatem
671 906 920 943 Romanam.

229 971 423 1022 Μουκίαν]
442 970 469 1011 J
476 969 622 1009 unonis
640 968 829 1006 Monetae
851 964 1055 1016 templum

173 1035 258 1076 fuit
294 1035 336 1074 in
366 1032 581 1085 Capitolio
614 1034 822 1070 structum
861 1028 905 1067 in
942 1038 1057 1075 area,

174 1101 250 1141 ubi
265 1100 418 1140 Manlii
431 1099 582 1140 domus
604 1096 756 1145 fuerat,
770 1095 888 1135 dicta
905 1094 1057 1134 Mone-

174 1170 236 1214 ta,
250 1162 363 1216 quod
382 1162 440 1203 ibi
463 1174 544 1202 vox
559 1160 740 1200 numinis
761 1158 908 1198 audita
927 1156 1057 1207 foret,

173 1227 386 1267 monentis
405 1226 638 1266 adventare
655 1224 820 1264 Gallos.
876 1220 1058 1262 Ovidius

175 1291 295 1331 Fast.
314 1290 386 1330 lib.
402 1301 466 1331 vl.
495 1287 641 1328 ‘Arce
669 1298 839 1340 quoque
868 1285 911 1325 in
946 1297 1058 1324 surn-

173 1367 243 1396 ma
261 1354 420 1396 Junoni
446 1352 610 1404 templa
639 1351 831 1391 Monetae
859 1350 926 1388 Ex
958 1353 1058 1388 voto

175 1423 408 1458 memorant
428 1416 562 1468 facta,
582 1415 776 1461 Camille,
809 1418 910 1454 tuo:
943 1411 1058 1452 Ante

176 1482 327 1522 domus
374 1479 512 1522 Manli
559 1478 719 1529 fuerat,
775 1477 847 1530 qui
892 1476 1059 1517 Gallica

176 1546 390 1600 quondam
408 1545 448 1585 A
469 1543 715 1597 Capitolino
731 1541 923 1595 reppulit
941 1553 1057 1582 arma

174 1610 299 1652 Jove.
355 1609 492 1650 Quam
515 1608 624 1648 bene
651 1607 712 1647 Di
738 1606 882 1658 magni
913 1618 1056 1658 pugna

175 1672 405 1714 cecidisset
428 1672 468 1712 in
498 1672 587 1722 illa,
615 1669 828 1711 Defensor
857 1670 960 1711 socii
979 1670 1056 1712 Ju-

175 1737 291 1789 piter
322 1736 408 1776 alte
449 1736 531 1782 tui!
599 1735 722 1776 Vixit
754 1739 800 1775 ut
838 1734 1056 1775 occideret

174 1800 399 1840 damnatus
429 1799 608 1840 crimine
641 1798 789 1851 regni:
829 1798 960 1838 Hunc
994 1798 1056 1838 illi

175 1865 350 1905 titulum
370 1865 496 1915 longa
516 1868 695 1903 senecta
714 1861 874 1903 dabat!
906 1862 1056 1903 Olirer.

230 1929 330 1979 Par,
347 1927 437 1981 &cd
469 1927 664 1980 Contigit
683 1927 735 1968 A.
756 1927 808 1968 U.
830 1938 1057 1968 nctxvnr.

232 1992 456 2045 Triumphi]
486 1993 562 2034 Bis
593 1993 649 2034 de
683 1992 947 2033 Samnitibus
982 1993 1056 2033 tri-

175 2058 415 2110 umphavit.
467 2057 470 2059 ’

229 2124 368 2164 AEdem
399 2120 572 2174 tenuris]
598 2122 820 2174 Templum
857 2121 1057 2168 Telluris,

177 2187 290 2240 quod
309 2187 358 2227 T.
375 2186 653 2238 Sempronius
674 2186 807 2235 vovit,
829 2190 876 2224 ut
894 2186 940 2225 L.
962 2185 1058 2224 Flo-

175 2258 248 2289 rus
265 2254 583 2298 commemorat,
600 2249 714 2288 intra
730 2248 907 2289 Carinas
928 2246 1060 2288 fuisse

175 2313 283 2354 dicit
299 2313 489 2353 Servius.
545 2311 597 2351 Id
625 2311 916 2351 arbitrabatur
940 2312 1058 2352 Mar-

175 2379 314 2418 lianus
334 2376 465 2417 fuisse
488 2389 624 2429 prope
644 2377 816 2422 clivum,
845 2377 919 2429 qui
938 2376 1058 2417 ducit

179 2441 232 2481 ad
255 2441 307 2480 D.
327 2441 466 2490 Petri,
493 2446 778 2491 cognomento
799 2440 840 2479 in
861 2441 1060 2493 vinculis,

178 2505 332 2546 aedcm.
389 2504 444 2545 G.
486 2504 706 2544 Fabricius
752 2509 878 2556 putat
922 2504 1056 2545 fuisse

176 2579 271 2608 eam
292 2567 444 2615 aedcm,
474 2580 567 2620 quae
597 2579 708 2608 nunc
730 2574 798 2608 est
829 2569 872 2610 S.
893 2570 1055 2610 Panta-

177 2632 312 2672 leonis
332 2632 373 2671 iu
390 2631 570 2671 Subura.

233 2695 346 2740 Quod
387 2694 498 2746 prius
529 2694 766 2737 domicilium
797 2697 1059 2748 potentissimi

175 2757 421 2808 virisuerat]
449 2758 518 2798 Ita
538 2759 677 2811 vulgo.
735 2760 787 2799 Iu
810 2761 1056 2812 Campensi,

177 2821 387 2862 Winchel.
408 2828 538 2875 atque
557 2821 710 2865 Atreb.
743 2825 922 2878 aliisque
955 2825 1057 2871 legi-

177 2890 267 2935 tur,
294 2885 521 2937 impotentis
550 2887 644 2926 viri.
702 2889 866 2938 Recte;
896 2888 1058 2940 signifi-

178 2955 249 2988 cat
268 2948 379 2988 enim
399 2949 604 3000 impotens,
630 2949 753 2990 nimis
769 2956 939 3002 potens,
960 2964 1058 2991 auc-

177 3018 274 3052 tore
293 3012 478 3064 Donato,
505 3012 736 3066 περισθενὴς.
768 3014 882 3054 unde
913 3015 1057 3056 Livius

177 3081 190 3102 ‘
209 3079 490 3131 impotentem
511 3081 851 3122 decemvirorum
869 3082 1059 3123 domina-

178 3142 290 3182 tum'
309 3142 436 3194 dixit,
466 3149 595 3196 atque
625 3145 637 3166 ‘
655 3145 1058 3196 impotentissimum

180 3211 426 3259 tyrannum’
447 3209 748 3250 Quintilianus.
779 3209 904 3259 Pigh.
951 3231 954 3234 ·

231 3269 418 3321 Spurium
446 3272 644 3324 Maelz'um]
692 3272 916 3314 Quomodo
951 3274 1057 3326 Spu-

179 3331 289 3372 rium
336 3335 528 3375 Maelium
575 3335 782 3387 pestifera
827 3337 1057 3389 largitione

182 3406 358 3446 regnum
378 3395 651 3438 affectantem
687 3399 897 3440 occiderit
916 3401 1058 3441 Servi·

182 3460 262 3498 lius
283 3458 428 3512 Ahala,
448 3460 632 3502 diximus
653 3464 696 3504 in
717 3475 816 3516 cap.
831 3463 886 3504 de
907 3465 1056 3516 Ingra-

182 3521 376 3563 titndine.
429 3523 548 3566 Tunc
568 3525 846 3570 Cincinnatus
872 3527 1058 3569 dictator

1991 234 2013 246 b

1855 258 1998 312 1223

1114 390 1192 430 hac
1213 393 1443 433 severitate
1466 405 1564 432 usus
1586 397 1668 442 est,
1695 396 1744 431 ut
1762 390 1873 432 bona
1888 392 1999 431 Ma!-

1114 454 1159 492 lii
1193 458 1422 506 quaestoris
1460 456 1772 509 quamprimum
1811 455 1997 494 vendere

1106 518 1303 569 jusserit,
1348 527 1392 560 et
1433 520 1475 559 in
1516 519 1734 571 publicum
1781 517 1998 569 redigere,

1115 582 1228 620 mdes
1260 584 1349 622 solo
1384 583 1640 635 adaequare:
1671 583 1784 636 quod
1824 589 1871 622 ut
1905 594 1999 634 per-

1116 651 1292 696 petuum
1314 647 1376 686 rei
1409 652 1726 686 monumentum
1768 651 1897 694 esset,
1938 647 1998 685 lo-

1117 721 1210 748 cum
1226 710 1356 749 voluit
1375 710 1671 761 AEquimelium
1690 709 1924 762 appellari3
1954 714 1999 749 et

1118 773 1166 812 L.
1188 773 1399 813 Minutius
1421 772 1528 813 bove
1550 779 1701 815 aurata
1716 774 1898 814 donatus
1919 779 2000 814 est.

1121 836 1226 875 oliv.

1170 900 1339 952 Ideoque
1366 904 1403 940 et
1425 901 1486 941 M.
1509 901 1654 952 Flacci,
1679 906 1717 941 et
1746 901 1794 941 L.
1817 900 1999 940 Saturni-

1117 963 1178 1015 ni]
1209 964 1372 1003 Horum
1403 964 1558 1005 seditio
1589 965 1765 1004 diversis
1798 964 2002 1016 tempori-

1118 1029 1195 1069 bus
1213 1027 1309 1080 fuit,
1338 1035 1382 1068 et
1401 1041 1475 1068 suo
1494 1029 1587 1069 loco
1606 1034 1769 1068 notata.
1824 1029 1934 1068 Nam
1952 1028 2001 1069 C.

1119 1092 1342 1135 Gracchus
1360 1093 1519 1132 Tiberii
1538 1091 1673 1132 frater
1692 1092 1889 1132 tribunus
1911 1092 1999 1143 ple-

1118 1157 1185 1198 bis
1220 1157 1488 1209 eloquentior
1520 1154 1675 1207 fratre,
1703 1162 1799 1208 post
1835 1154 2001 1209 aliquot

1119 1221 1379 1274 perniciosas
1413 1221 1546 1272 leges,
1581 1232 1709 1272 quum
1739 1219 2002 1260 Aventinum

1120 1297 1216 1324 cum
1233 1290 1398 1324 armata
1425 1283 1704 1324 multitudine
1731 1287 2004 1336 occupasset,

1119 1361 1144 1388 a
1164 1349 1211 1388 L.
1234 1348 1410 1400 Opimio
1443 1348 1631 1394 consule,
1659 1360 1683 1389 e
1717 1348 2005 1388 Senatuscon-

1119 1412 1230 1453 sulto
1250 1411 1305 1452 ad
1326 1424 1446 1451 arma
1465 1417 1617 1452 vocato
1648 1413 1824 1465 populo,
1852 1413 2002 1464 pulsus

1120 1482 1165 1516 et
1182 1476 1349 1516 occisus
1366 1481 1448 1526 est,
1462 1482 1508 1515 et
1526 1487 1622 1515 cum
1644 1488 1694 1516 eo
1707 1475 1882 1516 Fulvius
1900 1488 2002 1516 con-

1103 1541 1183 1580 'sul
1203 1540 1395 1592 ejusdem
1415 1538 1570 1579 furoris
1590 1540 1747 1591 socius,
1775 1544 1834 1589 et,
1865 1544 1911 1580 ut
1939 1539 2003 1579 ait

1118 1604 1284 1654 Florus,
1313 1603 1562 1643 insultatum
1595 1615 1763 1656 quoque
1795 1608 1863 1643 est
1894 1615 2004 1643 mor-

1118 1666 1180 1707 tui
1219 1666 1427 1720 reliquiis,
1457 1673 1502 1707 et
1535 1666 1642 1706 illud
1678 1673 2000 1708 sacrosanctum

1118 1730 1301 1772 Tribuni
1350 1735 1480 1783 caput
1528 1731 1850 1782 percussoribus
1894 1743 2000 1771 auro

1118 1801 1361 1846 pensatum.
1418 1794 1547 1835 Haud
1581 1795 1642 1834 ita
1674 1794 1808 1835 multo
1838 1799 1937 1847 post
1952 1796 2001 1836 L.

1118 1858 1328 1911 Apuleius
1369 1860 1624 1902 Saturninus
1668 1859 1904 1912 adjuvante
1950 1859 2001 1900 C.

1119 1924 1275 1975 Mario,
1306 1930 1351 1965 et
1383 1937 1462 1977 per
1490 1925 1649 1966 milites
1668 1923 1811 1964 Annio
1831 1935 2002 1976 compe-

1118 1990 1247 2030 titore
1267 1990 1513 2032 tribunatus
1530 1992 1690 2041 occiso,
1709 1991 1902 2031 tribunus
1923 2002 2002 2043 per

1121 2055 1205 2096 vim
1220 2060 1407 2107 creatus,
1436 2067 1522 2096 non
1537 2055 1677 2095 minus
1697 2054 1910 2095 violenter
1929 2054 2001 2094 tri-

1119 2119 1326 2160 bunatum
1342 2119 1493 2172 gessit,
1505 2132 1632 2172 quam
1647 2119 1852 2171 petierat.
1872 2119 2001 2169 Nam,

1119 2191 1167 2225 ut
1197 2186 1334 2238 inquit
1362 2184 1502 2226 Autor
1530 2185 1585 2226 de
1606 2186 1722 2225 Viris
1752 2185 1916 2225 Illustr.
1950 2186 1999 2226 L.

1121 2248 1331 2301 Apuleius
1368 2249 1621 2290 Saturninus
1654 2249 1816 2289 tribun.
1862 2247 2000 2300 plebis

1119 2313 1362 2364 seditiosus,
1404 2319 1452 2353 ut
1488 2313 1671 2364 gratiam
1707 2313 2000 2354 Marianorum

1119 2378 1300 2419 militum
1323 2385 1511 2430 pararet,
1538 2380 1679 2432 legem
1700 2379 1815 2430 tulit,
1845 2383 1894 2419 ut
1930 2391 2000 2419 ve-

1119 2444 1280 2484 teranis
1302 2450 1486 2484 centena
1507 2444 1597 2496 agri
1611 2444 1774 2496 jugera
1794 2444 1834 2483 iu
1852 2441 2002 2484 Africa

1117 2507 1435 2548 dividerentur:
1451 2507 1792 2549 intercedentem
1805 2491 2000 2548 Baelsium

1116 2573 1343 2624 collegam,
1367 2572 1483 2614 facta
1505 2586 1582 2626 per
1610 2574 1814 2626 populum
1839 2574 2003 2625 lapida-

1119 2637 1251 2688 tione,
1277 2638 1520 2679 summovit.
1576 2638 1771 2680 Glauciae
1809 2638 2002 2690 praetori,

1121 2701 1234 2752 quod
1264 2702 1300 2741 is
1331 2714 1382 2742 eo
1408 2702 1492 2752 die,
1521 2715 1604 2755 quo
1630 2702 1723 2754 ipse
1752 2702 2000 2743 concionem

1118 2766 1317 2816 habebat,
1338 2767 1413 2818 jus
1443 2767 1624 2807 dicendo
1657 2772 1824 2819 partem
1855 2767 2003 2819 populi

1119 2830 1389 2879 advocasset,
1406 2832 1552 2871 sellam
1564 2831 1780 2882 concidit3
1801 2836 1850 2872 ut
1869 2831 2002 2883 magis

1120 2894 1341 2946 popularis
1367 2895 1603 2947 videretur,
1630 2895 1844 2948 quendam
1877 2895 2002 2934 liber-

1121 2956 1198 2996 tini
1226 2957 1385 2997 ordinis
1419 2958 1730 3011 subordinavit,
1761 2960 1834 3012 qui
1866 2971 1911 2999 se
1930 2959 2002 2998 Ti-

1121 3019 1228 3059 berii
1270 3020 1458 3061 Gracchi
1503 3021 1636 3062 filium
1679 3022 1875 3074 tingeret.
1931 3022 1999 3062 Ad

1120 3084 1201 3123 hoc
1223 3079 1513 3125 testimonium
1531 3087 1784 3138 Sempronia
1810 3086 2001 3135 inducta,

1120 3159 1200 3187 nec
1222 3149 1439 3200 precibus,
1468 3162 1547 3190 nec
1580 3150 1706 3189 minis
1738 3149 1893 3189 adduci
1926 3161 2000 3199 po-

1121 3212 1221 3262 tuit,
1251 3218 1298 3252 ut
1316 3212 1504 3253 dedecus
1535 3213 1707 3253 familiae
1737 3217 2000 3264 agnosceret.

1119 3276 1373 3316 Saturninus
1406 3277 1518 3316 Aulo
1554 3276 1757 3317 Memmio
1793 3276 1999 3327 competi-

1120 3346 1212 3380 tore
1250 3339 1496 3392 interfecto‚
1525 3341 1718 3380 tribunus
1757 3339 1895 3391 plebis
1931 3351 1998 3379 re-

1118 3402 1278 3455 fectus,
1305 3404 1513 3455 Siciliam,
1540 3403 1758 3453 Achaiam,
1792 3402 2000 3443 Macedo-

1118 3468 1246 3519 niam,
1288 3468 1407 3508 novis
1453 3467 1615 3506 colonis
1658 3466 1906 3516 destinavit,
1953 3471 1999 3507 et

1121 3543 1268 3571 aurum
1307 3531 1405 3571 dolo
1444 3542 1496 3570 an
1532 3530 1720 3569 scelere?
1782 3529 1998 3582 Caepionis
