2346 3996
593 327 852 368 VALERH
898 330 1141 368 MAlel
1189 331 1303 369 [ΑΒ.
1334 332 1426 371 lx.
1467 334 1600 372 cAP.
1630 320 1715 372 11.

238 454 523 504 praesentasse
542 456 669 503 atque
691 449 843 490 vicisse
863 449 985 490 dicit.
1029 451 1115 489 Ve-

235 528 328 556 rum
346 523 394 554 ut
413 513 564 555 lectori
583 513 776 554 studioso
795 525 973 565 scopum
993 513 1115 564 hujus

235 576 423 628 exempli
440 575 597 616 clarius
615 575 821 627 aperiam,
834 588 960 628 quem
977 576 1116 617 minus

234 639 432 691 attigisse
457 644 818 680 commentatores
847 639 990 689 video,
1017 652 1117 691 cog-

234 701 448 743 noscimus
478 713 532 741 ex
560 701 755 752 historia,
787 702 1006 743 Valerium
1035 704 1117 743 hoc

233 763 328 804 loco
347 763 577 804 invectivae
598 777 685 806 suae
712 778 958 806 mucronem
988 766 1117 806 strin-

235 838 339 878 gere
376 827 580 868 adversus
627 828 676 869 L.
719 828 874 868 AElium
916 829 1116 881 Sejanum

234 891 408 932 Tiberio
453 893 613 933 Caesari
659 893 776 946 prius
822 893 1117 935 familiaritate

234 956 649 1008 conjunctissimum,
681 958 757 998 sed
779 963 932 1010 postea
950 958 1006 998 ob
1026 971 1117 998 sus·

235 1018 425 1070 piciones
468 1019 686 1061 inimicum
729 1019 909 1063 factum.
977 1022 1118 1063 Quem

235 1081 446 1134 principis
475 1082 666 1126 amicitia
695 1084 907 1124 illustrem
938 1082 1120 1136 fecerat,

233 1150 363 1196 atque
393 1144 446 1185 ad
474 1157 658 1186 summos
687 1146 869 1187 honores
896 1158 1120 1199 evexerat,

235 1207 343 1247 adeo
380 1213 429 1247 ut
463 1207 555 1259 ejus
588 1209 744 1249 natalis
790 1209 963 1262 publice
999 1211 1119 1251 velut

235 1269 418 1311 Caesaris
456 1271 766 1323 celebraretur,
797 1278 953 1314 statuae
981 1274 1118 1314 omnis

234 1333 403 1384 generis
423 1339 554 1387 atque
574 1335 707 1375 etiam
728 1347 869 1377 aureae
889 1336 1046 1388 passim
1063 1337 1117 1377 ab

234 1397 430 1438 omnibus
463 1403 745 1450 ponerentur,
773 1401 1119 1452 colerenturque,

234 1465 369 1511 utque
410 1461 585 1501 tandem
624 1462 741 1513 apud
794 1463 998 1503 Senatum
1031 1475 1118 1502 om-

233 1534 415 1575 nemque
449 1525 657 1576 populum
687 1525 851 1577 majore
870 1525 911 1566 in
934 1526 1119 1567 auctori-

234 1591 340 1638 tate,
362 1598 487 1637 quam
506 1587 600 1638 ipse
624 1586 821 1628 Tiberius
841 1595 971 1630 esset.
1026 1589 1118 1629 Ita·

237 1662 318 1702 que
341 1650 465 1690 nimis
494 1651 750 1698 exaltatum,
774 1652 953 1705 jamque
983 1659 1117 1693 metu·

234 1713 408 1764 endum,
438 1718 531 1754 astu
562 1726 612 1754 ac
641 1714 740 1755 dolo
769 1716 1009 1766 subvertit3
1039 1729 1116 1768 spe

236 1776 391 1817 etenim
442 1775 667 1818 affinitatis
711 1784 841 1831 atque
879 1779 1117 1820 tribunitiae

234 1840 468 1893 potestatis
507 1841 682 1893 objecta
720 1843 964 1895 deceptum,
996 1844 1118 1885 nihil-

234 1915 319 1956 que
356 1904 515 1944 sinistri
553 1906 845 1957 suspicantem
876 1907 1019 1947 subito
1048 1920 1119 1958 ag-

235 1979 425 2020 gressus,
458 1970 576 2010 velut
613 1982 680 2010 res
717 1982 848 2011 novas
888 1970 1118 2011 adversum

234 2031 545 2084 rempublicam
589 2040 721 2086 atque
769 2046 816 2075 se
851 2035 1118 2085 molientem,

233 2094 364 2146 longa
409 2100 457 2136 et
494 2095 722 2137 criminosa
757 2097 942 2148 epistola
980 2110 1004 2136 e
1037 2098 1117 2137 Ca-

234 2157 369 2208 preis,
385 2156 458 2197 ubi
479 2156 569 2198 tum
589 2158 794 2199 manebat
818 2159 1031 2211 Tiberius,
1065 2160 1118 2200 ad

236 2226 436 2262 senatum
456 2223 619 2274 scripta
642 2221 927 2264 infensissime
948 2236 1116 2264 accusa·

239 2284 317 2324 vit.
373 2284 555 2336 Sejanus
589 2297 688 2325 mox
727 2285 782 2325 ab
818 2286 1010 2326 omnibus
1048 2286 1120 2326 de·

235 2353 394 2398 sertus,
428 2348 555 2399 jussu
594 2354 770 2389 senatus
814 2348 859 2390 iu
903 2361 1120 2390 carcerem

237 2415 399 2463 raptus,
431 2423 528 2451 cum
558 2411 673 2452 omni
705 2411 841 2463 stirpe
870 2424 920 2452 ac
957 2411 1122 2453 familia

237 2473 461 2514 occiditur.
517 2473 743 2515 Cadavera
771 2475 914 2516 triduo
946 2475 1119 2526 publice

235 2537 426 2578 ludibrio
453 2537 619 2590 habita,
651 2538 821 2579 demum
859 2539 901 2579 in
931 2540 1119 2580 Tiberim

242 2600 434 2652 projecta
465 2605 579 2652 sunt,
614 2607 662 2643 et
698 2602 855 2643 acerba
902 2603 1120 2655 inquisitio

237 2669 393 2703 contra
425 2664 517 2716 ejus
546 2663 776 2706 familiares
800 2669 846 2705 et
876 2665 1033 2704 amieos
1053 2670 1122 2704 est

237 2725 451 2767 instituta.
507 2726 649 2779 Ipsius
668 2739 824 2768 nomen
840 2739 926 2768 uon
946 2726 1019 2767 diu
1046 2739 1122 2766 an-

239 2793 312 2829 tea
327 2789 530 2838 consulis,
549 2795 754 2843 tanquam
775 2790 922 2843 populi
943 2790 1122 2830 Romani

242 2851 428 2904 bostis,e
443 2851 564 2893 fastis
578 2866 628 2895 ac
640 2853 923 2894 monumentis
940 2852 1122 2905 publicis

240 2926 425 2966 erasum,
441 2920 599 2956 statuae
620 2917 776 2968 passim
793 2916 974 2969 dejectae
991 2922 1121 2968 atque

241 2975 454 3027 conflatae,
474 2982 600 3031 atque
630 2979 835 3018 memoria
862 2978 1039 3019 decreto
1058 2989 1121 3018 se-

239 3045 366 3080 natus
383 3039 545 3080 abolita
562 3045 642 3081 est.
697 3040 895 3094 Illudque
914 3041 958 3081 iu
978 3053 1121 3092 causa,

242 3102 356 3158 quod
375 3103 572 3144 Valerius
603 3117 700 3145 eum
732 3117 816 3145 uon
848 3106 1055 3154 nominet,
1074 3105 1122 3145 li-

240 3172 315 3207 cet
333 3167 487 3208 acerbe
506 3168 549 3207 iu
570 3169 723 3220 ipsum,
756 3167 931 3208 Tiberio
951 3169 1122 3220 placere

243 3231 435 3283 cupiens,
473 3232 713 3272 invehatur.
767 3231 958 3285 Ideoque
991 3232 1123 3272 etiam

245 3304 330 3334 non
374 3288 492 3334 velut
536 3295 673 3336 civem
722 3296 838 3335 inter
884 3295 1124 3336 domestica

244 3356 551 3399 sceleratorum
571 3360 784 3410 exempla,
802 3357 878 3398 sed
894 3359 1014 3399 velut
1030 3357 1123 3399 hos-

245 3422 332 3458 tem
350 3419 466 3460 inter
493 3422 745 3473 peregrinos
765 3427 807 3462 et
827 3426 1031 3462 externos
1051 3433 1125 3461 ex-

245 3484 384 3520 tremo
418 3482 516 3522 loco
546 3485 743 3526 collocat.
799 3484 941 3536 Igitur
974 3497 1027 3524 ex
1057 3483 1123 3524 his

246 3543 375 3585 etiam
387 3545 723 3588 animadvertere
739 3555 820 3600 est,
835 3547 983 3589 eodem
998 3559 1125 3600 anno,

1919 322 2059 376 1363

1183 462 1266 501 quo
1285 451 1468 502 Sejanus
1489 452 1669 503 occisus,
1696 452 1917 493 Valerium
1949 454 2061 494 hunc

1181 513 1337 553 librum
1355 526 1509 555 nonum
1525 515 1851 567 conscripsisse.
1881 516 2006 566 Pigh.

1235 577 1294 616 Et
1310 580 1571 619 trecentorum
1588 580 1745 632 inclytae
1762 579 1914 630 gentis]
1962 580 2063 619 Tre-

1179 640 1297 680 centi
1324 645 1368 679 et
1394 652 1469 680 sex
1494 641 1613 681 Fabii
1633 641 1838 682 adversus
1854 642 2062 681 Veientes

1181 701 1267 742 suis
1289 703 1441 755 opibus
1462 704 1635 757 suisque
1657 705 1896 756 sumptibus
1914 717 2063 756 geren-

1181 767 1281 806 dum
1319 767 1475 808 bellum
1510 775 1810 822 susceperunt,
1847 771 1920 823 qui
1947 771 2063 822 apud

1182 832 1428 871 Cremeram
1466 844 1545 883 per
1574 833 1750 874 iusidias
1779 834 1881 874 caesi
1917 846 2063 874 omnes

1181 893 1234 934 ad
1264 906 1395 934 unum
1420 894 1607 936 fuerunt.
1667 898 1774 939 Quae
1797 896 1969 938 vfamilia
1990 909 2063 948 pe-

1180 957 1295 998 nitus
1333 958 1526 999 extincta
1573 957 1738 1009 fuisset,
1767 960 1811 999 ni
1840 972 1962 1010 unus,
1990 960 2063 1012 qui

1181 1033 1262 1073 per
1281 1026 1454 1062 aetatem
1487 1034 1604 1061 arma
1622 1020 1741 1062 ferre
1770 1034 1853 1062 non
1874 1029 2064 1074 poterat,

1181 1086 1327 1125 Romae
1349 1084 1526 1124 relictus
1544 1096 1636 1124 eam
1658 1091 1955 1136 propagasset.
1993 1087 2064 1126 De

1180 1147 1334 1200 quibus
1371 1146 1551 1187 Ovidius
1591 1147 1701 1187 libro
1739 1148 1964 1187 Fastorum
2002 1161 2069 1188 se·

1181 1209 1347 1250 cundo:
1380 1210 1518 1250 ‘Haec
1553 1209 1637 1250 fuit
1666 1209 1739 1251 illa
1774 1210 1882 1261 dies,
1910 1211 1954 1251 in
1983 1224 2067 1264 qua

1181 1272 1440 1313 Veientibus
1477 1274 1604 1313 armis
1640 1273 1905 1313 Tercentum
1943 1273 2067 1314 Fabii

1181 1340 1250 1377 ter
1283 1336 1483 1376 cecidere
1512 1336 1611 1376 duo.
1666 1335 1763 1375 Una
1783 1335 1933 1376 domus
1954 1335 2067 1376 vires

1182 1406 1228 1441 et
1266 1413 1371 1442 onus
1410 1406 1664 1453 susceperat
1702 1399 1855 1450 urbis3
1883 1401 2069 1441 Sumunt

1183 1465 1368 1517 gentiles
1388 1476 1503 1505 arma
1524 1463 1717 1516 professa
1746 1462 1929 1503 manus!
1982 1463 2069 1504 Ubi

1181 1528 1235 1568 ad
1256 1527 1435 1567 eandem
1457 1527 1716 1567 sententiam
1743 1525 1949 1567 facientia
1969 1538 2068 1566 con-

1183 1590 1306 1630 tinuo
1326 1595 1372 1630 et
1391 1594 1554 1630 caetera
1584 1594 1835 1642 sequuntur.
1891 1590 1959 1629 Ex
1986 1589 2068 1629 hac

1181 1653 1315 1706 igitur
1333 1651 1510 1703 familia,
1539 1657 1589 1693 ut
1615 1652 1814 1703 diximus,
1844 1665 1952 1692 unus
1973 1658 2066 1692 tan·

1184 1723 1274 1756 tum
1296 1716 1528 1768 superfuit,
1559 1728 1584 1756 a
1612 1728 1695 1769 quo
1717 1718 1840 1757 duxit
1860 1717 2068 1769 originem

1142 1819 1146 1823 ,
1182 1781 1237 1822 Q.
1256 1780 1330 1819 ille
1354 1780 1509 1820 Fabius
1537 1780 1772 1830 Maximus,
1803 1780 1858 1819 de
1877 1793 1963 1832 quo
1983 1781 2070 1819 En·

1181 1843 1276 1882 nius
1296 1849 1341 1882 et
1361 1843 1434 1882 alii
1453 1857 1464 1883 :
1487 1844 1498 1865 ‘
1517 1843 1638 1883 Unus
1657 1843 1782 1882 homo
1797 1842 1919 1882 nobis
1938 1854 2069 1882 cunc-

1186 1905 1318 1947 tando
1339 1905 1532 1946 restituit
1551 1905 1667 1944 rem-²
1705 1905 1832 1946 Unde
1855 1904 2037 1946 Ovidius
2057 1919 2067 1944 :

1182 1970 1194 1990 ‘
1214 1969 1326 2010 Nam
1365 1980 1474 2020 puer
1507 1967 1724 2020 impubes,
1755 1973 1799 2007 et
1825 1967 1963 2008 adhue
1983 1979 2069 2007 non

1183 2032 1302 2077 utilis
1339 2032 1483 2082 armis,
1519 2032 1640 2071 Unus
1679 2031 1735 2071 de
1765 2030 1900 2071 Fabia
1936 2038 2067 2084 gente

1185 2096 1361 2135 relictus
1381 2100 1491 2136 erat.
1522 2096 1697 2135 Scilicet
1717 2099 1764 2135 ut
1784 2106 1929 2146 posses
1951 2094 2072 2144 olim,

1186 2163 1232 2197 tu
1252 2158 1452 2207 maxime,
1473 2157 1607 2206 nasci,
1637 2157 1714 2197 Cui
1737 2168 1803 2196 res
1823 2156 2069 2197 cunctando

1185 2220 1454 2261 restituenda
1472 2218 1617 2259 foret!
1650 2219 1798 2260 Oliver.

1245 2284 1434 2325 Virorum
1468 2290 1644 2335 stragem
1670 2284 1840 2335 soedam]
1870 2284 2067 2336 Stragem

1182 2348 1301 2388 illam
1331 2343 1625 2389 trecentorum
1656 2353 1700 2386 et
1729 2358 1805 2386 sex
1839 2346 2069 2386 Fabiorum

1183 2411 1401 2463 intelligit.
1429 2411 1515 2451 Sed
1535 2411 1577 2450 in
1598 2410 1709 2450 libro
1727 2408 1925 2450 Danielis
1939 2410 2066 2460 longe

1185 2475 1314 2515 aliter
1333 2475 1399 2514 hic
1419 2474 1540 2514 locus
1565 2471 1776 2514 habetur:
1807 2475 2068 2511 trecentorum

1183 2538 1343 2591 inclyta?
1374 2539 1507 2589 gentis
1531 2538 1701 2579 viror-um
1728 2541 1918 2587 stragem,
1937 2534 2069 2584 foeda·

1185 2607 1269 2642 tum
1287 2603 1500 2643 Alliensem
1515 2603 1632 2643 diem.
1663 2602 1807 2643 Coler.

1238 2665 1453 2706 Alliensem
1470 2664 1603 2715 diem]
1638 2665 1724 2707 Qui
1746 2665 1858 2706 inter
1877 2662 2069 2707 nefastos

1186 2727 1277 2768 dies
1307 2735 1637 2768 connumeratus
1670 2733 1752 2778 est,
1783 2740 1835 2768 eo
1861 2726 1975 2780 quod
2005 2726 2071 2767 bis

1187 2803 1238 2831 eo
1257 2791 1329 2831 die
1351 2791 1537 2832 Romani
1562 2791 1686 2832 clade
1707 2789 1889 2830 fuissent
1908 2788 2068 2839 affecti,

1186 2859 1231 2894 et
1249 2854 1303 2894 ab
1323 2853 1439 2896 Allia
1466 2852 1597 2895 fluvio
1631 2852 1791 2904 dictus,
1819 2852 1892 2892 ubi
1914 2853 2068 2892 Roma-

1185 2929 1264 2958 nus
1285 2917 1503 2958 exercitus
1524 2929 1549 2956 a
1579 2915 1715 2958 Gallis
1740 2914 1860 2955 fusus
1881 2914 2068 2966 turpiter

1185 2980 1329 3022 fuerat
1347 2985 1474 3032 atque
1494 2979 1690 3032 fugatus.·
1718 2978 1826 3018 Oliv.

1244 3045 1456 3096 Oppressus
1470 3043 1514 3082 in
1530 3042 1732 3094 Hispania
1746 3039 1966 3092 Scipiones]
1987 3040 2065 3079 Cn.

1188 3111 1234 3146 et
1261 3106 1315 3146 P.
1331 3105 1508 3157 fratres,
1529 3105 1620 3158 qui,
1638 3104 1952 3145 Celtiberorum
1972 3113 2069 3153 per-

1185 3168 1288 3210 fidia
1306 3170 1496 3222 decept-i,
1517 3182 1612 3211 cum
1644 3168 1808 3209 duobus
1835 3165 2066 3206 consulari-

1185 3232 1264 3272 bus
1282 3233 1544 3274 exercitibus
1565 3233 1608 3271 in
1625 3229 1834 3281 Hispania
1852 3228 1953 3270 caesi
1971 3226 2067 3266 fue-

1186 3303 1302 3347 runt,
1339 3296 1393 3337 de
1423 3295 1577 3348 quibus
1613 3293 1711 3334 satis
1737 3301 1865 3344 supra
1902 3290 2065 3330 dictum

1187 3364 1270 3400 est.
1293 3359 1417 3399 Idem.

1245 3423 1550 3474 Thrasymenum
1587 3416 1730 3467 lacum]
1778 3415 1907 3468 Apud
1938 3426 2062 3467 quem

1187 3484 1374 3524 Annibal
1408 3485 1457 3524 C.
1479 3480 1729 3522 Flaminium
1749 3491 1844 3520 cnm
1873 3478 2062 3519 exercitu

1188 3547 1363 3589 delevit.
1397 3548 1520 3588 Idem.
