2288 3990
370 291 511 345 1064

937 301 1113 342 NOTAE
1160 301 1487 342 VARIORUM
1526 301 1592 340 IN

1048 557 1323 621 LIBER
1366 557 1491 619 ΙΙΙ.

419 742 528 781 CAP.
551 753 584 782 1.
614 742 678 792 §1
709 738 894 780 AEmilius
922 738 1110 791 Lepidus]
1139 738 1235 779 Hoc

365 804 543 855 contigit
577 803 656 843 sub
691 803 837 843 Tiber.
878 802 1073 844 Graccho
1120 802 1233 842 bello

361 867 640 907 Celtiberico.
672 867 822 906 Oliver.

413 930 599 970 AE'milius
613 929 803 982 Lepidus]
825 928 1050 970 Consimile
1065 938 1234 980 prorsus

358 990 524 1032 facinus
558 994 608 1032 L.
640 992 858 1045 Tarquinii
889 990 966 1031 filii
998 989 1111 1043 apud
1141 989 1233 1029 Ma-

359 1054 551 1094 crobium
582 1054 659 1094 lib.
690 1066 722 1094 1.
779 1054 953 1094 Servius
980 1053 1032 1093 ad
1052 1053 1144 1093 AEn.
1163 1063 1231 1092 lx.

357 1119 370 1139 ‘
390 1117 488 1157 Hoc
518 1119 614 1159 loco
645 1130 824 1171 puerum
843 1117 940 1157 ideo
960 1122 1109 1168 postea
1126 1115 1233 1156 fecit

357 1181 528 1232 armari,
546 1181 644 1234 quia
661 1182 767 1233 legit
795 1181 837 1220 in
855 1181 1058 1230 Historia,
1077 1190 1233 1231 pueros

355 1245 410 1284 de
445 1245 570 1286 bellis
599 1247 774 1298 gloriam
803 1251 1070 1297 reportasse3
1099 1242 1231 1282 filium

356 1309 419 1348 M.
440 1310 571 1349 Drusi
605 1322 808 1350 annorum
839 1308 1086 1348 sexdecim:
1117 1306 1231 1346 Cris-

354 1372 445 1422 pini
464 1372 595 1412 filium
617 1372 857 1424 Crispinum
880 1371 922 1410 in
941 1371 1115 1410 Corsica
1133 1381 1228 1409 cum

352 1433 528 1485 fugeret
547 1435 764 1474 exercitus
782 1435 856 1486 Sp.
878 1433 1052 1473 Carvilii
1071 1434 1230 1474 Consu·

348 1497 418 1545 lis,
440 1497 595 1537 bellum
625 1499 876 1538 restituisse.
924 1496 1051 1549 Apud
1081 1497 1229 1536 Soram

350 1560 463 1599 bello
496 1560 651 1601 Italico
680 1561 735 1602 ab
756 1560 947 1601 Herenio
977 1572 1155 1612 puerum
1186 1560 1229 1599 in

351 1625 486 1664 aciem
519 1625 735 1676 eductum,
769 1637 794 1664 a
825 1637 907 1677 quo
936 1625 1099 1664 hostem
1118 1623 1229 1663 occi-

351 1699 444 1726 sum
473 1689 800 1741 spoliatumque.
855 1689 979 1729 Lucii
1010 1688 1229 1739 Tarquinii

346 1751 498 1805 filium,
529 1766 651 1806 quem
671 1756 724 1795 ob
744 1755 824 1795 hoc
844 1761 970 1807 pater
989 1767 1117 1794 aurea
1135 1754 1227 1794 bul-

349 1818 392 1856 la
421 1825 721 1872 praetextaque
750 1819 954 1861 donavit:
1001 1819 1110 1860 Haec
1129 1819 1226 1859 Ser·

347 1881 441 1921 vius
459 1880 534 1922 ille
551 1883 604 1923 P.
622 1883 827 1923 Danielis.
857 1884 1028 1923 Colerus.

399 1944 543 1987 Statua
578 1947 744 2000 bullata]
774 1947 899 1988 Bulla
929 1953 1023 1987 erat
1059 1945 1224 1999 insigne

348 2022 593 2062 puerorum,
627 2017 673 2051 et
712 2012 954 2064 praesertim
1004 2010 1225 2059 nobilium,

347 2073 460 2125 qnod
481 2086 506 2113 a
524 2075 634 2114 collo
653 2075 694 2113 in
725 2081 880 2126 pectus
913 2073 1225 2114 descendebat.

346 2135 594 2177 Macrobius
623 2138 729 2177 dicit
746 2138 941 2189 ingenuis
963 2137 1104 2188 pueris
1124 2149 1222 2177 con-

345 2211 526 2251 cessum,
563 2207 611 2240 ut
647 2200 786 2240 cordis
817 2200 996 2251 figuram
1028 2201 1072 2240 in
1108 2201 1223 2240 bulla

340 2269 442 2302 ante
480 2269 632 2315 pectus
663 2270 960 2313 annecterent,
995 2276 1120 2316 quam
1159 2263 1221 2303 in-

344 2327 575 2377 spicientes
601 2327 659 2367 ita
685 2326 852 2366 demum
873 2339 918 2366 se
938 2327 1129 2366 homines
1149 2339 1219 2366 co-

344 2389 549 2438 gitarent,
568 2389 603 2428 si
616 2389 744 2429 corde
761 2393 1030 2441 praestarent,
1049 2389 1127 2428 hoc
1140 2395 1221 2439 est,

342 2453 557 2504 sapientia
585 2459 629 2493 et
647 2454 1008 2505 magnanimitate.
1062 2455 1219 2505 Togam

342 2527 511 2566 quoque
531 2521 786 2567 praetextam
802 2516 866 2556 his
879 2516 1083 2566 additam,
1102 2522 1149 2556 ut
1167 2529 1220 2555 ex

340 2589 544 2629 purpurae
575 2579 730 2618 rubore
761 2580 1039 2631 ingenuitatis
1067 2581 1222 2620 rubore

341 2646 605 2691 tegerentur.
674 2642 848 2682 Priscus
883 2643 1137 2695 Tarquinius
1174 2643 1221 2682 fi-

342 2703 443 2742 lium
473 2716 592 2744 suum
630 2717 760 2744 annos
811 2705 1021 2746 tredecim
1057 2710 1221 2756 natum,

342 2766 456 2816 qnod
492 2766 659 2806 hostem
697 2778 821 2806 manu
855 2774 1140 2820 percusserat,
1174 2774 1221 2808 et

342 2841 420 2879 pro
439 2829 641 2869 concione
670 2830 877 2880 laudavit,
896 2838 939 2870 et
961 2830 1075 2871 bulla
1093 2843 1221 2871 aurea

340 2897 638 2945 praetextaque
658 2893 851 2944 donavit,
867 2894 1099 2945 insigniens
1119 2906 1220 2946 pue-

339 2967 431 2993 rum
462 2955 573 2995 ultra
601 2968 733 2995 annos
761 2955 917 2996 fortem
953 2958 1138 3008 praemiis
1160 2958 1219 2998 vi-

341 3017 513 3057 rilitatis
558 3026 604 3059 et
645 3018 887 3061 honoribus.
943 3021 1054 3060 Nam
1106 3021 1218 3062 sicut

339 3086 556 3131 praetexta
593 3082 758 3133 insigne
800 3083 1125 3134 magistratuum
1164 3085 1216 3125 ab

339 3144 566 3185 Hetruscis
594 3153 823 3197 acceptum
847 3155 1057 3198 regnante
1075 3148 1216 3200 Tullo,

335 3208 402 3248 ita
432 3208 550 3248 bulla
586 3214 804 3260 gestamen
834 3215 927 3250 erat
958 3211 1217 3263 triumphan-

339 3271 463 3323 tium,
482 3285 605 3324 quam
627 3274 669 3312 in
692 3273 903 3327 triumpho
922 3285 1012 3326 prae
1034 3286 1079 3313 se
1099 3286 1218 3326 gere-

338 3335 443 3375 bant
479 3336 780 3389 Imperatores.
843 3337 956 3376 Hinc
1003 3337 1215 3378 deductus

338 3412 429 3439 mos
468 3406 516 3441 nt
548 3406 762 3453 praetexta
797 3406 843 3441 et
883 3401 995 3440 bulla
1022 3401 1064 3440 in
1096 3414 1214 3441 nsum

338 3475 563 3514 puerorum
592 3463 794 3503 nobilium
823 3471 1144 3516 usurparentur,
1161 3464 1213 3504 ad

339 3538 462 3566 omen
482 3534 528 3568 et
549 3532 644 3567 vota
673 3527 950 3568 conciliandae
968 3527 1155 3576 virtutis,
1174 3529 1215 3569 ei

1298 736 1457 788 similis,
1491 736 1562 778 cui
1598 736 1740 788 primis
1772 736 1816 776 in
1846 736 1965 777 annis
1995 746 2171 776 munera

1297 800 1378 839 ista
1395 806 1627 840 cesserunt.
1658 799 1809 839 Oliver.

1348 862 1530 913 Bullata]
1559 862 1675 902 Sciat
1701 862 1847 902 rudior
1878 862 2013 905 lector
2031 860 2170 901 bullam

1295 924 1425 964 fuisse
1444 937 1533 965 rem
1566 923 1726 965 factam
1755 937 1810 965 ex
1840 937 1961 976 auro,
1979 930 2174 974 argento,

1297 994 1370 1029 aut
1405 988 1487 1028 alio
1518 988 1688 1035 metallo
1732 988 1778 1028 in
1815 987 1995 1028 formam
2028 985 2169 1027 cordis

1296 1059 1342 1093 et
1361 1064 1603 1102 concavam,
1623 1053 1666 1092 in
1685 1064 1768 1104 qua
1786 1057 1933 1092 contra
1961 1049 2170 1090 fascinum

1295 1121 1498 1156 contenta
1533 1121 1656 1156 erant
1688 1115 1891 1166 remedia,
1927 1126 2062 1167 eaque
2098 1113 2170 1153 de-

1294 1179 1540 1230 pendebant
1563 1179 1630 1223 „de
1659 1180 1771 1219 collo
1800 1190 2043 1231 puerorum,
2062 1188 2171 1228 prae·

1292 1243 1439 1281 sertim
1458 1242 1676 1293 nobilium,
1695 1248 1744 1283 ut
1769 1243 1813 1281 in
1841 1241 2037 1282 cordatos
2058 1240 2171 1280 viros

1292 1305 1494 1356 evadant,
1525 1305 1732 1345 fascinum
1762 1306 1950 1354 vincant,
1971 1309 2017 1344 et
2035 1316 2061 1343 a
2081 1309 2167 1342 tnr-

1291 1370 1416 1421 pibus
1431 1369 1551 1421 locis,
1562 1369 1707 1421 sociis,
1721 1376 1766 1409 et
1777 1367 1901 1410 factis
1915 1379 1961 1408 se
1978 1373 2169 1408 arceant.

1295 1434 1398 1475 Bud.

1347 1497 1414 1536 De
1460 1497 1586 1537 Bulla
1631 1497 1691 1537 ita
1728 1495 1965 1537 Asconius:
2013 1495 2025 1517 ‘
2041 1489 2170 1534 Bulla

1289 1560 1491 1612 suspendi
1509 1561 1552 1600 in
1573 1562 1683 1601 collo
1712 1559 1946 1601 infantibus
1975 1557 2170 1608 ingenuis

1290 1626 1399 1664 solet
1432 1637 1573 1676 aurea,
1608 1623 1817 1664 libertinis
1847 1626 2030 1674 scortea,
2048 1619 2170 1673 quasi

1291 1689 1574 1728 communiens
1590 1694 1740 1740 pectus
1757 1683 1952 1739 puerile!

1344 1752 1569 1803 Proetextu]
1587 1753 1720 1792 Veste
1736 1761 1966 1803 purpurea,
1980 1759 2063 1801 qua
2074 1754 2168 1788 ute·

1290 1816 1446 1856 bantur
1463 1816 1629 1856 nobiles
1658 1814 1780 1867 pueri
1813 1824 1944 1864 usque
1972 1810 2026 1851 ad
2043 1822 2167 1862 qnar-

1290 1885 1380 1919 tum
1395 1879 1607 1919 decimum
1620 1889 1790 1927 annum,
1802 1887 1886 1929 qua
1900 1873 2167 1927 postmodum

1287 1942 1487 1994 deposita
1521 1943 1564 1982 in
1589 1940 1807 1993 Capitolio.
1827 1939 1992 1979 virilem
2023 1944 2167 1987 togam

1290 2005 1525 2046 sumebant.
1600 2004 1667 2043 Ex
1708 2015 1792 2056 quo
1829 2000 2166 2054 deprehenditur

1289 2082 1465 2121 puerum
1501 2068 1630 2108 fuisse
1674 2067 1904 2116 AEmilium,
1940 2077 2022 2118 quo
2057 2070 2164 2104 tern-

1288 2144 1391 2185 pore
1423 2132 1590 2173 hostem
1616 2132 1657 2171 in
1688 2131 1781 2171 acie
1812 2130 2046 2171 interemit.
2078 2130 2166 2170 Oli-

1286 2208 1365 2236 ver.

1346 2260 1426 2302 Vix
1440 2258 1711 2312 spectatorem]
1733 2259 1844 2299 Nam
1859 2258 2028 2298 decimo
2040 2261 2164 2298 sexto

1285 2322 1454 2362 demum
1505 2334 1615 2362 anno
1666 2322 1927 2371 militabant,
1957 2325 2006 2361 ut
2041 2326 2165 2361 notat

1286 2386 1459 2425 Servius
1491 2386 1544 2426 ad
1572 2384 1675 2425 illud
1702 2385 1870 2426 AEneid.
1901 2396 1984 2424 vn.
2012 2385 2026 2406 ‘
2048 2384 2163 2424 Ante

1285 2449 1432 2489 urbem
1459 2450 1582 2501 pueri
1602 2454 1648 2490 et
1668 2450 1870 2502 primaevo
1889 2447 1994 2489 flore
2005 2450 2164 2501 juven·

1287 2520 1354 2554 tus
1368 2515 1641 2555 Exercentur
1659 2515 1796 2567 equis,
1813 2513 2104 2566 domitantque
2117 2514 2162 2553 in

1283 2579 1462 2630 pulvere
1480 2577 1661 2619 currus.'
1694 2578 1823 2633 Celer.
1877 2577 1962 2618 Qui
1981 2576 2035 2616 de
2053 2576 2164 2615 mili-

1287 2642 1368 2682 tari
1405 2641 1632 2693 disciplina
1666 2641 1795 2681 libros
1845 2641 2028 2692 posteris
2063 2639 2171 2687 reli--

1283 2717 1430 2758 quere,
1456 2704 1566 2752 hand
1585 2703 1676 2744 fere
1697 2715 1936 2756 quenquam
1955 2702 2161 2742 minorem

1284 2773 1448 2820 septem
1459 2773 1505 2808 et
1519 2768 1669 2808 decem
1683 2767 1818 2817 annis,
1827 2772 1901 2806 ant
1913 2778 1990 2806 sex
2001 2772 2046 2805 et
2059 2777 2159 2818 qua-

1282 2832 1480 2884 draginta
1497 2832 1702 2883 majorem
1729 2830 1908 2883 militiae,
1927 2835 1972 2871 et
2001 2830 2163 2883 tyroci2

1282 2897 1352 2937 nio
1372 2896 1525 2936 ascribi
1540 2896 1677 2935 solere
1696 2894 1948 2935 docuerunt.
1975 2893 2113 2946 quue
2135 2906 2161 2933 a

1281 2960 1429 3000 Servio
1447 2960 1589 2999 Tullio
1603 2963 1751 2998 vetere
1765 2957 1964 2998 censione
1977 2957 2158 3009 primum

1281 3028 1452 3063 cautum
1490 3022 1588 3063 fuit.
1644 3022 1809 3063 Gellius
1846 3021 1976 3068 testis¹
2006 3020 2080 3060 lib.
2107 3029 2157 3059 x.

1279 3099 1375 3139 cap.
1395 3090 1461 3127 28.
1481 3093 1527 3128 et
1559 3098 1651 3127 aevo
1683 3086 1968 3138 subsequente
1998 3097 2025 3124 a
2053 3083 2158 3124 Caio

1280 3149 1477 3190 Graccho
1505 3150 1601 3202 lege
1620 3155 1792 3190 sacrata
1809 3148 2034 3188 sancitum.
2087 3146 2158 3187 Li-

1279 3214 1373 3253 vius
1401 3213 1476 3253 lib.
1508 3223 1616 3254 xxv.
1671 3211 1925 3252 Plutarchus
1956 3209 2000 3249 in
2020 3208 2156 3250 Grac·

1278 3278 1379 3319 eliis.
1402 3279 1569 3319 Seneca
1587 3278 1639 3317 de
1662 3276 1885 3317 Brevitate
1907 3275 2037 3325 Vitae,
2056 3286 2154 3325 cap.

1277 3342 1357 3381 ult.
1379 3341 1587 3381 Antonius
1606 3339 1867 3391 Augustinus
1885 3337 1991 3378 libro
2011 3339 2155 3390 singu-

1276 3404 1355 3443 lari
1376 3403 1430 3443 ad
1460 3402 1749 3443 Modestinum
1774 3402 1817 3440 in
1849 3402 1876 3442 l.
1906 3408 2154 3454 paupertaS.

1278 3467 1301 3517 ξ
1326 3466 1418 3517 jam
1449 3477 1549 3505 vero
1573 3464 1714 3504 militi.
1732 3462 1777 3504 ff.
1796 3463 1851 3503 de
1870 3465 2153 3504 excusationi-

1278 3528 1368 3569 bus.
1423 3528 1516 3569 Imo
1535 3527 1674 3580 legem
1690 3525 1820 3567 fuisse
1834 3526 1987 3579 probat
2004 3527 2031 3570 J
2037 3532 2154 3567 ustus
