2346 3996
643 316 1078 359 FRAGMENTUM
1122 317 1199 356 DE
1240 285 1608 359 NoouNIBUS.

195 440 308 481 inter
327 442 473 492 patres
492 439 621 481 etlam
640 438 759 488 lecti,
777 437 890 478 sicut
909 436 1072 487 leius,

195 502 446 554 Dionysius,
463 507 510 542 et
529 501 600 541 alii
619 501 846 553 scripsere.

245 565 477 618 Pompeium
503 563 760 616 Pompilium]
789 564 842 606 V.
868 563 917 604 C.
950 563 1070 604 Pom-

193 640 292 680 μιν·
310 627 559 679 Pompilium.
602 627 654 667 In
685 627 821 676 Livio,
851 626 1074 679 Dionysio,

194 690 366 732 Valerio
381 691 588 742 Maximo,
603 697 770 743 patrem
785 691 939 731 Numae
959 689 1072 741 regis

194 755 428 808 Pomponem
449 756 685 808 Pompilium
716 756 980 807 appellatum
1012 754 1074 793 le·

193 820 354 874 gimn83
393 822 436 861 in
471 820 702 862 Plutarcho
736 826 877 860 autem
909 819 1074 869 Pompo-

192 884 301 924 nium
318 885 568 937 Pompilium.
610 883 756 937 Atque
774 884 867 923 haec
889 881 1072 921 varietas

193 948 468 989 librariorum
514 947 787 1000 negligentiae
822 943 1076 998 imputanda

192 1018 274 1054 est.
333 1013 552 1053 Caeternm
588 1011 863 1063 praenominis
906 1007 1074 1061 antiqui

196 1073 374 1116 formam
401 1075 535 1126 magis
565 1073 755 1113 retinent
783 1073 870 1123 illa,
888 1072 1076 1123 Pompus,

195 1139 263 1179 vel
277 1138 448 1190 Pompo:
469 1137 660 1186 tertium,
677 1136 924 1188 Pomponius,
940 1134 1076 1187 genti-

191 1200 332 1242 litium
352 1211 506 1241 nomen
538 1199 679 1252 potius
711 1206 779 1239 est
806 1211 934 1252 quam
964 1210 1074 1252 prae-

194 1274 365 1305 nomen.

247 1325 492 1367 Putilionum
504 1325 742 1377 Lavianum]
759 1325 810 1365 In
823 1323 1077 1378 quibusdam

193 1390 303 1432 Mss.
317 1390 576 1431 Pirlilianum
587 1390 847 1430 Lavinianum
858 1403 871 1429 .-
901 1389 943 1428 in
958 1388 1076 1429 Sam·

194 1453 296 1495 buci
315 1453 441 1505 libro,
459 1454 718 1494 Postulanum
735 1453 973 1504 Meuianum,
1003 1452 1076 1491 ha-

195 1516 360 1558 bemus.
421 1516 508 1557 Sed
557 1528 682 1568 aeque
728 1516 910 1556 obscura
954 1516 1076 1564 haec;

195 1580 340 1633 immo,
369 1587 418 1620 ut
437 1580 580 1620 Verrii
599 1580 739 1620 Flacci
758 1578 898 1619 verbis
920 1578 1078 1630 dicam,

194 1644 480 1685 intermortua
500 1650 545 1684 et
566 1644 735 1697 sepulta
757 1643 847 1695 jam
882 1650 982 1684 sunt
1005 1655 1075 1683 vo-

195 1706 365 1747 cabula.

254 1769 429 1811 Volsium
463 1769 704 1822 Valentium]
738 1770 793 1812 V.
814 1769 865 1811 C.
901 1770 1078 1811 Volesum

201 1834 412 1876 Valesium.
458 1833 717 1879 Praenomen
749 1833 827 1873 hoc
855 1839 980 1875 extat
1016 1834 1078 1873 ita

194 1908 380 1950 quoque,
402 1896 572 1938 Volesus.
615 1897 666 1936 In
687 1897 970 1950 antiquissimi
990 1903 1076 1938 ter-

193 1961 296 2019 mini
313 1961 540 2002 marmorei
551 1959 788 2013 fragmento
805 1961 947 2001 Romae
961 1960 1076 2013 apud

194 2023 426 2066 Maffeios:
472 2036 516 2065 P.
554 2034 778 2064 vanesrvS.
823 2035 996 2064 vomsr.
1035 2034 1076 2064 F.

197 2099 467 2130 Pornrcom.
508 2089 672 2128 Verum
715 2088 757 2127 in
795 2087 1077 2128 marmoribus

196 2151 455 2204 Capitolinis
478 2152 654 2203 Volusus,
681 2163 766 2191 non
787 2151 962 2202 Volesus,
976 2151 1078 2190 scri-

195 2215 329 2257 bitur.
370 2215 569 2256 Priscum
587 2216 712 2255 valde
734 2215 776 2254 in
797 2214 966 2254 Sabinis
981 2213 1081 2264 fuit,

196 2285 243 2320 et
261 2279 380 2331 genti
397 2278 600 2329 valesia»,
617 2290 712 2331 quae
729 2276 887 2318 deinde
905 2276 1082 2317 Valeria

194 2342 318 2383 dicta
344 2346 429 2394 est,
449 2342 517 2382 vel
534 2347 635 2382 ante
656 2341 836 2382 Romam
862 2341 1080 2382 conditam

197 2403 432 2455 familiare;
461 2417 546 2458 quo
582 2404 686 2445 item
723 2417 823 2445 usus
855 2411 924 2445 est
954 2404 1082 2456 primi

198 2468 436 2520 Poplicolae
456 2475 595 2521 pater.
648 2468 762 2508 Hinc
790 2474 973 2520 apparet
998 2467 1083 2520 pri-

200 2543 316 2570 mum
342 2531 514 2582 Volesos,
546 2537 698 2583 postea
732 2531 922 2582 Volusius,
943 2532 1082 2571 dictos

199 2606 292 2635 esse
312 2594 511 2636 Valesius.-
540 2599 585 2634 et
596 2595 674 2634 hoc
690 2595 784 2635 loco
806 2595 983 2635 Volesum
1006 2595 1083 2636 Va-

200 2658 338 2699 lesium
354 2658 582 2711 legendum
611 2670 718 2698 esse.
765 2659 851 2699 Hic
877 2660 989 2698 enim
1010 2658 1083 2697 ille

202 2721 373 2761 videtur
387 2732 483 2761 esse
498 2721 700 2773 princeps
719 2721 861 2773 gentis
880 2722 1085 2772 Valeriae,

200 2795 326 2837 quem
367 2796 463 2824 cum
503 2784 554 2824 Τ.
595 2784 721 2824 Tatio
765 2796 867 2836 rege
907 2785 1085 2824 Romam

201 2849 472 2888 transtulisse
493 2847 771 2898 domicilium,
784 2847 960 2887 tradunt
979 2848 1085 2888 Dio·

202 2911 351 2964 nysius
397 2907 772 2952 Halicarnassaeus
819 2917 865 2951 et
913 2911 1086 2951 Plutar-

205 2975 329 3015 chus.

254 3038 407 3078 Auium
426 3037 785 3088 Sumusileaticum]
817 3037 934 3078 Nihil
954 3038 1087 3078 habet

203 3103 309 3143 sani.
355 3102 409 3142 In
441 3103 495 3142 V.
516 3102 567 3142 C.
586 3103 720 3142 Allum
745 3102 1085 3144 Funnisilulicum.

201 3164 409 3218 Suspicor
427 3165 534 3215 duos
553 3165 620 3205 hic
637 3164 845 3205 nominari
867 3170 911 3204 ct
929 3165 1087 3204 adduci

206 3241 286 3282 pro
314 3230 530 3281 exemplo,
562 3229 728 3269 scilicet
760 3229 1020 3280 praenomiue
1041 3236 1087 3270 et

206 3292 393 3333 nomine.
438 3292 556 3332 Allus
574 3293 685 3331 enim
716 3303 962 3343 praenomen
980 3292 1086 3343 pris-

207 3365 303 3394 cum
319 3361 404 3404 est,
423 3354 535 3394 unde
565 3368 664 3405 gens
687 3354 797 3393 Allia
830 3359 1087 3406 nuncupata.

209 3416 500 3468 Reperiuntur
532 3418 807 3458 vetustissimi
839 3418 994 3457 nummi
1020 3431 1086 3458 ar-

210 3479 355 3529 geutei
373 3491 470 3519 curn
489 3479 699 3531 Apollinis
721 3482 881 3533 capite,
916 3488 959 3522 et
988 3482 1088 3534 biga

211 3539 383 3591 Dianae,
415 3553 541 3593 quam
572 3543 690 3582 cervi
719 3545 862 3595 juncti
899 3545 1087 3595 trahunt,

317 3607 459 3659 Delpli.
477 3613 514 3647 el
530 3609 627 3650 Var.
651 3611 756 3651 Clas.

1005 3612 1040 3651 V
1039 3614 1090 3652 al.
1113 3613 1230 3652 Mox.

1871 306 2011 361 1377

1133 436 1341 489 inscripto
1374 438 1501 478 titulo
1531 437 1579 478 C.
1609 435 1743 478 Αιιι.
1788 435 1860 478 Slc
1881 438 2014 479 etiam

1132 498 1185 538 ab
1218 498 1331 539 Aulo
1365 500 1625 551 praenomine
1654 512 1759 552 gens
1785 499 1915 540 Aulia
1942 513 2016 541 no·

1132 573 1230 600 men
1267 564 1455 615 accepit,
1492 569 1623 616 atque
1657 564 1751 604 aliae
1779 565 1925 604 multae
1960 564 2013 605 ab

1133 624 1241 665 aliis.
1292 626 1386 666 Nisi
1403 626 1586 668 fortasse
1601 627 1812 680 quispiam
1832 627 1899 668 hic
1918 628 2017 667 Tal-

1134 688 1220 727 lum
1253 689 1481 729 Turanium
1512 691 1672 731 adferri
1701 691 1806 732 velit
1833 691 2016 742 opinari,

1135 764 1260 805 quem
1282 752 1411 792 etiam
1440 766 1536 794 cum
1569 756 1620 795 T.
1649 754 1775 795 Tatio
1805 767 1905 807 rege
1932 756 2014 794 Ro-

1134 826 1244 854 mam
1266 827 1290 855 e
1307 815 1474 856 Sabinis
1494 816 1728 857 habitatum
1745 817 1893 858 scribit
1913 817 2016 857 Dio·

1136 889 1230 929 nys.
1265 877 1339 917 lib.
1371 889 1422 918 11.
1464 879 1546 919 Sed
1570 880 1612 919 in
1640 886 1727 920 tam
1759 881 1942 921 obscuro
1970 885 2015 920 et

1137 942 1303 983 lubrico
1337 943 1431 983 loco
1477 945 1631 996 pedem
1674 944 1806 998 figere
1840 943 2016 986 difficile

1137 1011 1219 1047 est.

1192 1070 1417 1122 Hetruscis,
1436 1071 1606 1111 recitant
1625 1071 1786 1111 Lartem
1808 1071 2017 1111 Porsennam

1136 1133 1185 1174 ab
1204 1134 1422 1185 Equicolis;
1442 1134 1676 1186 Septimium
1693 1133 1889 1184 Medium]
1912 1134 2018 1173 Cor-

1138 1198 1296 1239 rectius
1315 1203 1361 1238 et
1381 1198 1607 1238 dilucidius
1624 1198 1714 1238 lure
1728 1198 1786 1237 ita
1806 1196 2017 1236 habentur

1138 1262 1182 1302 in
1211 1262 1266 1302 V.
1299 1262 1349 1304 C.
1381 1262 1608 1314 Campensi
1634 1267 1678 1302 et
1703 1260 2015 1302 Sambuciano:

1138 1326 1206 1364 Ex
1229 1325 1368 1365 Tuscis
1385 1325 1552 1366 recitant
1571 1326 1734 1365 Lartem
1749 1326 1990 1365 Porsennam
2002 1338 2018 1371 ‚-

1137 1389 1185 1428 ab
1197 1388 1429 1440 AEquicolis,
1437 1389 1653 1441 Septimum
1666 1390 1843 1429 Medium
1847 1390 2018 1441 primum

1137 1464 1268 1503 regem
1303 1465 1446 1492 eorum.
1499 1453 1731 1505 Septimus,
1770 1459 1837 1493 est
1874 1465 2018 1492 rarum

1139 1517 1309 1570 quidem
1339 1529 1612 1569 praenomen3
1642 1517 1717 1558 secl
1744 1518 1934 1570 ejusdem
1956 1523 2020 1558 ta·

1137 1592 1236 1620 men
1275 1581 1452 1621 rationis
1488 1594 1538 1622 ac
1577 1581 1808 1632 Quinctus,
1845 1582 2020 1631 Sextus,

1140 1643 1353 1695 Octavus,
1385 1644 1618 1694 Decimus;
1651 1657 1746 1697 quae
1781 1643 1834 1684 ab
1868 1644 2019 1684 ordine

1139 1707 1340 1748 nascendi
1362 1707 1560 1759 imposita
1579 1706 1712 1747 fuisse
1742 1705 1926 1748 affirmat
1954 1708 2019 1747 M.

1138 1770 1292 1810 Varro.
1322 1769 1427 1822 Ejus
1446 1770 1704 1810 mentionem
1720 1770 1888 1822 reperio
1905 1769 2021 1822 apud

1138 1834 1306 1874 Livium
1323 1834 1397 1875 lib.
1417 1845 1529 1874 xxv.
1549 1834 1590 1873 in
1611 1833 1710 1884 fine,
1728 1834 1801 1873 ubi
1814 1833 2022 1885 juvenem

1138 1898 1259 1938 illum
1278 1900 1469 1952 equitem
1504 1900 1629 1939 Rom.
1659 1900 1730 1953 qui
1750 1898 2021 1952 Scipionibus

1139 1962 1292 2002 occisis
1320 1962 1363 2002 in
1393 1963 1605 2015 Hispania
1628 1963 1829 2015 reliquias
1857 1963 2021 2002 exerci-

1140 2030 1209 2066 tus
1230 2027 1435 2076 servavit,
1463 2027 1698 2080 appellavit
1730 2028 1777 2067 L.
1808 2026 2021 2066 Marcium

1141 2090 1322 2142 Septimi
1357 2090 1506 2130 filium.
1563 2091 1633 2131 Ita
1668 2101 1849 2142 namque
1877 2089 2022 2141 legen-

1141 2152 1258 2204 dum,
1278 2153 1448 2206 quando
1479 2159 1650 2194 constet
1670 2153 1798 2192 moris
1827 2164 1921 2192 esse
1942 2153 2024 2192 Ro-

1141 2216 1270 2267 mani,
1302 2216 1633 2268 praenominibus
1665 2216 1763 2256 solis
1795 2221 1941 2267 patres
1972 2227 2021 2254 ac

1142 2290 1244 2318 avos
1271 2285 1438 2319 notare.
1495 2280 1553 2318 Et
1591 2278 1644 2318 ab
1676 2278 1826 2318 eodem
1853 2278 2023 2329 gentili-

1142 2342 1247 2382 tium
1273 2354 1444 2395 quoque
1476 2354 1628 2382 nomen
1663 2341 1858 2393 provenit
1883 2341 2027 2392 Septi-

1143 2407 1336 2457 miorum,
1352 2407 1464 2446 sicut
1484 2406 1537 2445 ab
1552 2406 1643 2445 aliis
1663 2406 1794 2445 etiam
1813 2404 2035 2454 Quinctii,

1142 2469 1296 2519 Sextii,
1319 2469 1510 2519 Octavii,
1540 2468 1726 2508 Decimii
1757 2473 1854 2507 sunt
1875 2467 2022 2518 appel-

1143 2533 1237 2573 lati.
1294 2532 1456 2572 Modiae
1485 2543 1650 2584 quoque
1671 2531 1813 2583 gentis
1833 2530 2025 2569 meminit

1145 2595 1276 2636 etiam
1309 2596 1478 2646 Cicero,
1505 2595 1569 2634 M.
1603 2593 1798 2634 Modium
1832 2593 2023 2645 equitem

1146 2661 1382 2700 Romanum
1406 2658 1625 2698 nominans
1658 2656 1827 2696 actione
1854 2656 1898 2694 in
1916 2655 2023 2694 Ver-

1146 2734 1235 2763 rem
1256 2734 1319 2762 iv.

1202 2787 1316 2832 Quod
1343 2788 1395 2825 od
1413 2787 1592 2826 ultimum
1620 2784 1784 2834 dicitur,
1809 2795 2025 2834 agnomen:

1145 2862 1320 2902 quorum,
1349 2849 1438 2900 ἐξα]
1476 2849 1531 2888 V.
1551 2848 1600 2888 C.
1622 2847 1807 2887 Adicitur
1837 2859 2028 2897 agnomen

1146 2917 1218 2954 est.
1277 2913 1405 2952 Unde
1442 2911 1679 2962 colligimus
1715 2910 1800 2961 legi
1838 2909 2025 2949 debere:

1146 2978 1248 3028 quod
1263 2978 1313 3015 ud
1332 2975 1513 3015 ultimum
1529 2972 1732 3024 adjicitur,
1750 2985 1938 3023 agnomen
1953 2976 2025 3012 est.

1147 3040 1255 3080 Quae
1284 3038 1427 3079 brevis
1461 3042 1506 3076 et
1539 3043 1641 3088 apta
1670 3035 1865 3076 definitio
1899 3046 2026 3085 agno-

1147 3102 1289 3141 minis.

1202 3164 1468 3204 Posthumum
1485 3163 1703 3204 Cominium
1729 3162 1958 3210 Arunlium,
1987 3165 2026 3198 et

1150 3228 1404 3267 Postliumum
1441 3226 1629 3266 Ebutium
1658 3225 1842 3273 Helvam,
1873 3226 1910 3260 et
1950 3222 2025 3262 Vo-

1143 3290 1295 3341 piscum
1321 3290 1489 3339 Julium,
1518 3294 1557 3327 et
1591 3288 1769 3338 Opitrem
1796 3284 2028 3334 Virgineum

1153 3356 1389 3404 Tricoscum‚
1417 3360 1455 3394 et
1485 3354 1654 3393 Paulum
1684 3350 1851 3390 Fabium
1889 3349 2023 3388 Maxi-

1148 3418 1271 3469 mum]
1301 3419 1411 3458 Haec
1442 3416 1610 3456 nomina
1644 3413 1758 3452 varie
1797 3411 2025 3451 admodum

1149 3481 1445 3532 exprimuntur
1474 3478 1517 3516 in
1543 3473 1883 3526 exemplaribus:
1913 3479 1957 3512 at
1981 3474 2024 3511 in

1149 3545 1205 3584 V.
1238 3545 1288 3585 C.
1320 3555 1402 3584 non
1434 3542 1544 3583 male
1577 3539 1834 3579 omittuntur
1864 3537 2023 3588 aspira-

1836 3608 1860 3644 4
1888 3604 1915 3644 S
