2346 3996
528 310 788 352 VALERH
834 307 1077 347 MAXIMI

177 433 360 485 insidiis,
372 432 559 474 ducenta
575 431 706 472 millia
719 431 946 471 Persarum
963 441 1062 469 cum

178 499 275 551 ipso
295 507 396 550 rege
416 494 660 536 trucidavit.
707 493 759 534 In
779 505 864 546 qua
885 491 1063 533 victoria

177 560 309 602 etiam
346 557 451 599 illud
487 556 767 597 memorabile
804 554 902 607 fuit,
945 552 1061 607 quod

177 634 317 676 neque
349 620 525 661 nuntius
557 625 691 661 tantae
720 618 856 660 cladis
890 618 1061 671 quidem

177 683 409 740 superfuit.
475 685 618 735 Caput
654 683 756 736 Cyri
794 687 1062 735 amputatum

177 749 223 790 in
243 754 381 789 utrem
399 746 584 786 humano
615 746 823 798 sanguine
846 744 1063 796 repletum

178 811 340 864 conjici
358 811 502 863 regina
515 809 664 863 jubet,
693 821 791 850 cum
810 809 889 849 hac
909 818 1063 859 expro-

175 875 377 917 bratione
413 873 711 915 crudelitatis:
739 872 862 913 Satia
893 877 938 911 te
970 881 1064 910 san·

178 940 323 993 guine,
348 939 503 993 inquit,
529 950 656 991 quem
679 936 829 985 sitisti,
857 935 1063 987 cujusque

178 1002 432 1043 insatiabilis
451 998 622 1053 semper
641 999 789 1041 fuisti?
821 998 972 1037 Oliver.

236 1064 460 1119 flamyris]
487 1065 598 1105 Haec
619 1064 767 1116 regina
784 1061 868 1102 fuit
885 1061 1063 1113 Scytha·

176 1140 268 1168 rum
281 1135 327 1168 et
340 1128 716 1180 Massagetharum
731 1139 743 1177 3
760 1125 812 1166 de
829 1137 915 1178 qua
929 1125 1064 1164 multa

177 1191 311 1232 tradit
330 1190 598 1231 Herodotus.
627 1189 752 1230 Idem.

231 1255 291 1295 Et
307 1253 522 1305 Ber-onice]
548 1253 780 1302 Beronice,
799 1251 868 1291 cui
889 1257 935 1291 et
955 1252 1063 1290 Lao-

177 1316 276 1358 dice
295 1329 450 1358 nomen
467 1316 568 1368 fuit,
581 1315 850 1356 Mithridatis
870 1315 1063 1366 superio-

175 1381 235 1421 ris
254 1381 368 1433 regis
388 1380 537 1431 Ponti,
566 1380 658 1432 ejus
687 1379 761 1432 qui
790 1390 886 1419 cum
906 1379 1061 1418 Roma·

176 1443 244 1484 nis
266 1443 473 1485 adversus
497 1443 791 1484 Aristonicum
811 1443 941 1495 paulo
958 1448 1061 1484 ante

177 1507 339 1549 bellum
358 1513 570 1560 gesserat,
590 1507 902 1562 repentinaque
922 1515 1062 1548 morte

175 1571 425 1613 subtractus
462 1570 624 1622 fuerat,
649 1570 767 1621 filia;
797 1572 1063 1612 Mithridatis

176 1646 280 1676 vero
315 1635 430 1687 regis
460 1635 655 1687 secundi,
675 1639 721 1675 et
749 1636 882 1676 hostis
914 1637 1061 1688 populi

175 1698 502 1750 Romani,soror
512 1711 526 1749 ς
538 1697 757 1739 Ariarathi
769 1699 1061 1751 Cappadociae

175 1761 270 1814 regi
288 1761 453 1814 nupsit,
479 1774 607 1815 quem
626 1774 706 1815 per
724 1762 935 1803 Gordium
963 1763 1063 1804 insi-

176 1825 263 1867 diis
279 1826 559 1872 Mithridates
577 1828 710 1880 ipsius
723 1828 959 1868 Beronices
979 1827 1065 1869 fra-

175 1894 245 1930 ter
254 1889 442 1933 interfici
454 1891 599 1944 jussit.
628 1892 805 1932 Mortuo
815 1889 1062 1944 Ariarathe,

173 1951 253 1994 filii
288 1953 374 1994 duo
411 1954 667 2007 superstites
702 1954 894 1997 fuerunt.
952 1958 1061 1998 Cum

172 2015 304 2070 igitur
321 2018 583 2060 Nicomedes
600 2019 819 2073 Bithyniae
850 2033 928 2060 rex
947 2021 1061 2073 Cap-

172 2082 404 2135 padociam
430 2083 555 2125 caede
586 2084 701 2136 regis
729 2085 851 2138 quasi
881 2098 1062 2126 vacuam

174 2152 447 2199 occupasset,
460 2147 738 2190 Mithridates
756 2150 880 2202 regni
898 2150 1064 2201 avidus,

174 2208 281 2250 ficta
296 2209 479 2262 pietate,
497 2217 549 2252 ut
565 2218 748 2264 nepotes
766 2213 809 2254 iu
831 2218 1059 2265 paternum

175 2283 358 2325 regnum
391 2275 663 2328 restitueret,
701 2289 820 2317 arma
856 2277 1061 2318 adversus

176 2336 462 2378 Nicomedem
474 2339 639 2380 sumsit.
660 2340 744 2381 Sed
758 2339 832 2381 ubi
845 2342 1061 2393 comperit

177 2399 416 2453 Laodicen,
446 2402 537 2443 sive
569 2404 840 2454 Beronicem,
870 2415 1059 2444 sororem

175 2463 407 2506 Nicomedi
444 2466 654 2519 nupsisse,
682 2468 884 2508 simulata
921 2468 1060 2519 pietas

175 2527 222 2569 in
241 2539 388 2569 veram
420 2532 704 2571 convertitur.
760 2532 906 2573 Quare
935 2532 1060 2583 pulso

175 2603 232 2632 ex
259 2592 541 2646 Cappadocia
552 2595 807 2645 Nicomede,
826 2595 1062 2647 Ariarathi‚

177 2657 252 2710 qui
278 2658 418 2711 major
446 2664 552 2699 natu
581 2665 690 2710 erat,
716 2665 945 2711 paternum
966 2671 1063 2712 reg-

175 2733 279 2762 num
305 2721 514 2773 reddidit,
542 2735 669 2776 quem
688 2722 847 2764 deinde
867 2723 978 2763 haud
999 2723 1063 2763 ita

175 2785 314 2826 multo
347 2791 466 2838 post,
493 2784 598 2827 facti
624 2787 858 2839 poenitens,
885 2786 1064 2829 occidit.

177 2849 287 2890 Cum
318 2861 424 2890 vero
455 2850 597 2892 minor
628 2852 755 2903 alter,
783 2851 856 2905 qui
887 2855 935 2891 et
969 2851 1064 2903 ipse

175 2912 432 2955 Ariarathes
462 2915 606 2956 dictus
634 2921 717 2967 est,
745 2915 799 2956 ab
833 2915 982 2955 amicis
1009 2927 1065 2954 ex

177 2976 286 3017 Asia
319 2984 566 3031 revocatus,
608 2991 792 3030 regnare
826 2979 1066 3031 videretur,

175 3039 273 3092 ipse
289 3052 461 3094 quoqne
478 3042 694 3095 ejusdem,
721 3048 770 3082 ut
781 3044 911 3094 vulgo
926 3042 1064 3083 credi-

175 3105 532 3157 tus-,Mithridatis
547 3119 679 3160 opera
691 3119 769 3160 per
784 3106 962 3147 insidias
977 3113 1067 3148 tru-

177 3168 365 3211 cidatur.
421 3171 557 3223 Cujus
577 3170 708 3212 caedis
728 3171 873 3211 dolore
894 3172 1065 3223 percita

177 3238 333 3286 mater,
351 3233 518 3286 junctis
530 3234 752 3288 jugalibus
773 3235 910 3288 equis,
928 3235 1066 3276 oblita

178 3305 324 3348 sexus,
366 3309 486 3338 arma
522 3298 763 3350 corripuit3
808 3310 890 3338 nec
944 3299 1064 3351 prius

180 3358 451 3410 precipitem
471 3361 677 3402 Caeneum
698 3361 813 3414 regis
833 3362 1065 3402 satellitem

178 3423 383 3474 persequi
427 3423 616 3474 destitit,
658 3437 787 3478 quam
822 3437 935 3476 eum,
966 3437 1062 3464 cum

180 3483 303 3524 hasta
320 3486 558 3539 nequisset,
584 3500 687 3528 saxo
721 3491 969 3541 prostravit,
996 3501 1063 3529 su-

181 3558 347 3602 perque
361 3548 549 3602 jacentis
569 3551 755 3592 cadaver
777 3552 1063 3605 indignabun-

1123 307 1239 346 mu.
1267 307 1358 347 lx.
1399 309 1533 347 cAP.
1562 295 1647 348 11.
1860 295 1999 348 1357

1124 428 1179 468 da
1196 440 1363 470 currum
1384 430 1491 482 egit,
1518 433 1564 469 et
1583 429 1696 468 inter
1710 427 1882 468 hostilia
1900 430 2004 480 tela,

1123 492 1240 531 nullo
1276 491 1441 543 fratris,
1476 492 1548 545 qui
1583 496 1688 532 tunc
1719 491 1854 530 hostis
1891 497 2002 541 erat,

1122 554 1276 594 timore
1298 557 1510 607 perculsa,
1531 555 1719 606 domum,
1736 555 1779 595 in
1798 567 1884 607 qua
1900 555 2005 594 caesi

1124 618 1248 669 pueri
1266 630 1421 669 corpus
1441 620 1600 660 servari
1620 618 1818 671 putabat,
1829 617 2004 669 irrupit,

1122 681 1248 733 eique
1268 688 1482 723 maternas
1503 683 1743 735 lachrymas
1770 689 1818 722 et
1844 680 2004 722 funeris

1123 743 1310 785 officium
1334 748 1552 797 praestitit.
1585 748 1735 787 Oliver.

1177 810 1200 861 ξ
1221 813 1246 848 2
1275 810 1461 850 Jasouem
1484 810 1726 862 Thessalum]
1752 809 1840 850 Hic
1869 810 2004 852 Jason

1121 872 1420 913 Thessalorum
1439 886 1516 913 rex
1541 874 1652 926 apud
1672 886 1816 914 omnes
1833 872 2007 913 maximi

1123 937 1306 976 nominis
1326 943 1372 977 et
1390 937 1682 978 aestimationis
1700 936 1800 988 fuit,
1829 937 1938 977 adeo
1957 942 2007 976 nt

1123 1011 1248 1040 nemo
1279 1000 1515 1049 dubitaret,
1543 1001 1646 1053 quin
1676 1001 1910 1040 Persarum
1939 1011 2006 1039 re-

1124 1076 1220 1114 gem
1259 1064 1414 1104 fuisset
1450 1064 1722 1115 subacturus,
1760 1063 1841 1103 nisi
1879 1069 2007 1103 antea

1122 1126 1279 1168 fuisset
1323 1128 1608 1180 interceptus,
1663 1140 1791 1181 quam
1842 1127 2007 1175 Persis,

1123 1192 1236 1244 quod
1251 1192 1498 1232 institutum
1514 1196 1625 1243 erat,
1636 1191 1796 1231 bellum
1811 1189 2008 1231 inferret.

1126 1254 1281 1295 Oliver.

1177 1319 1288 1358 CAP.
1309 1330 1374 1359 xl.
1407 1320 1522 1359 Nunc
1538 1323 1728 1371 quatenus
1758 1319 1851 1358 vitoe
1874 1318 2009 1359 humu-

1122 1393 1201 1431 πω,
1229 1385 1310 1421 tum
1329 1381 1443 1431 bona,
1464 1386 1547 1421 tum
1564 1382 1685 1422 etium
1701 1383 1807 1421 mala
1819 1381 2007 1421 substitu-

1123 1447 1176 1485 tis
1211 1447 1475 1498 exemplorum
1509 1446 1753 1496 imaginibus
1800 1458 2006 1497 prosequa-
2032 1457 2034 1459 ’

1122 1509 1230 1560 mur]
1259 1509 1330 1549 Ita
1350 1511 1492 1561 vulgo.
1526 1511 1579 1550 In
1593 1510 1701 1549 Mss.
1719 1509 1904 1560 quatinus
1921 1520 2007 1559 per-

1122 1573 1336 1625 sequimur.
1393 1575 1548 1624 Recte,
1568 1585 1620 1614 ac
1652 1572 1881 1625 praesentis
1901 1577 2006 1612 tem·

1124 1637 1241 1688 poris
1262 1637 1408 1687 verbo,
1427 1650 1524 1677 uam
1556 1636 1804 1677 adverbium
1836 1636 2008 1676 causale

1125 1706 1207 1752 est,
1234 1707 1364 1754 atque
1383 1713 1464 1753 per
1492 1701 1664 1741 tertiam
1683 1701 1875 1741 vocalem
1906 1699 2012 1740 scri·

1124 1764 1242 1806 bitur
1255 1765 1299 1804 in
1317 1766 1538 1806 veteribus
1558 1765 1678 1806 libris
1697 1765 1907 1806 omnibus.
1947 1765 2011 1804 Ut

1125 1829 1241 1870 enim
1264 1837 1416 1870 auctor
1435 1835 1502 1871 est
1520 1830 1691 1880 Festus,
1718 1834 1908 1881 quatenus
1925 1829 2010 1880 sig-

1126 1891 1387 1946 nificat,qua
1405 1891 1509 1946 fine,
1537 1905 1621 1933 non
1652 1905 1775 1933 secus
1796 1905 1847 1933 ac
1880 1893 1892 1916 ⁴
1909 1893 2009 1933 bac-

1127 1950 1286 2006 tenus,'
1316 1956 1398 1996 hac
1415 1955 1501 1997 fine
1518 1971 1528 1997 :
1560 1969 1709 1996 verum
1727 1956 1912 2009 quatinus
1931 1957 2012 2008 sig-

1126 2018 1277 2059 nificat
1293 2019 1507 2072 quoniam,
1528 2019 1640 2059 sicut
1654 2020 1734 2059 hoc
1754 2019 1865 2069 loco,
1881 2024 2011 2072 atque

1126 2082 1241 2134 apud
1261 2083 1289 2125 J
1296 2084 1518 2123 uvenalem
1537 2096 1549 2125 ε
1576 2084 1589 2106 ‘
1604 2083 1821 2126 Quatinus
1838 2083 1908 2124 hic
1926 2095 2013 2124 non

1124 2150 1225 2186 sunt
1243 2158 1324 2187 nec
1342 2147 1532 2187 vaenales
1551 2145 1802 2198 elephanti?
1831 2147 1957 2197 Pigh.

1182 2211 1243 2262 §l
1278 2210 1390 2250 Unde
1420 2214 1565 2260 autem,
1581 2211 1672 2262 Sym]
1703 2209 1822 2250 Nota
1841 2215 1910 2250 est
1929 2209 2011 2249 his·

1126 2273 1252 2315 toria.
1306 2273 1452 2313 Livius
1490 2279 1641 2314 auctor
1670 2273 1746 2314 lib.
1766 2285 1817 2314 >1.
1888 2271 2013 2313 Caeso

1128 2348 1207 2388 per
1234 2337 1410 2377 insidias
1442 2336 1677 2389 Tarquinio
1706 2337 1878 2389 Prisco,
1895 2342 1941 2377 et
1968 2336 2012 2376 in

1126 2401 1218 2453 ejus
1249 2402 1388 2442 locum
1424 2401 1575 2441 Servio
1600 2401 1739 2441 Tullio
1765 2399 2014 2454 Tanaquilis

1128 2474 1222 2508 arte
1243 2468 1493 2517 substituto,
1515 2467 1600 2506 duo
1627 2470 1884 2518 supererant
1908 2466 2012 2505 Tar-

1127 2532 1261 2586 quinii
1275 2532 1372 2583 tilii;
1390 2544 1571 2586 quorum
1583 2532 1764 2582 Tullius,
1777 2529 1938 2570 veritus
1957 2540 2011 2569 ne

1127 2598 1241 2637 idem
1280 2597 1377 2648 sibi,
1399 2597 1511 2650 quod
1545 2602 1592 2636 et
1619 2607 1768 2636 socero
1793 2598 2013 2644 evenerat,

1128 2661 1244 2703 forte
1263 2665 1555 2716 contingeret,
1572 2667 1802 2714 utrumque
1829 2659 1908 2700 sibi
1941 2670 2014 2711 ge·

1129 2738 1276 2767 nerum
1292 2728 1461 2769 ascivit.
1514 2727 1652 2767 Erant
1671 2729 1816 2765 autem
1834 2723 1898 2763 illi
1909 2721 2012 2762 filiae

1130 2790 1243 2842 duae,
1283 2796 1440 2831 natura
1483 2791 1614 2843 longe
1663 2788 1875 2841 dispares.
1928 2783 2014 2826 Sed

1128 2852 1243 2895 forte
1280 2855 1343 2894 ita
1381 2853 1558 2905 accidit,
1593 2865 1648 2894 ne
1690 2850 1778 2891 duo
1820 2848 2014 2890 violenta

1129 2918 1302 2970 ingenia
1315 2918 1585 2959 matrimonio
1594 2917 1901 2969 Jungerentur3
1916 2923 2014 2952 nam

1131 2993 1186 3021 ex
1201 2980 1413 3022 fratribus
1433 2981 1546 3021 alter
1568 2973 1764 3027 mitioris,
1790 2974 2015 3017 ferocioris

1130 3043 1244 3083 alter
1273 3049 1369 3084 erat
1399 3043 1574 3096 ingenii.
1632 3043 1840 3091 Fortuna,
1866 3038 2014 3087 credo,

1129 3105 1217 3147 fuit
1237 3119 1337 3159 pop.
1359 3107 1485 3148 Rom.
1507 3119 1592 3159 quo
1609 3103 1856 3146 diuturnius
1875 3101 2011 3142 Servii

1130 3182 1307 3222 regnum
1337 3178 1468 3223 esset,
1499 3169 1790 3222 constituique
1823 3165 2010 3206 civitatis

1129 3246 1270 3275 mores
1288 3242 1480 3286 possent.
1509 3233 1765 3285 Augebatur
1777 3229 1900 3270 ferox
1915 3228 2014 3268 Tul·

1129 3297 1204 3348 lia,
1248 3298 1352 3337 nibil
1404 3297 1647 3337 acrimoniae
1687 3294 1732 3334 in
1768 3293 1857 3333 viro
1900 3302 2011 3340 esse,

1129 3372 1267 3413 neque
1280 3361 1335 3401 ad
1347 3361 1646 3414 cupiditatem,
1662 3368 1800 3410 neque
1813 3355 1867 3396 ad
1882 3354 2011 3394 auda·

1130 3424 1265 3474 ciam3
1305 3430 1397 3465 tota
1433 3423 1476 3462 in
1516 3423 1695 3462 alterum
1736 3418 2011 3470 Tarquinium

1134 3498 1274 3537 versa,
1306 3499 1405 3526 eum
1443 3484 1605 3535 mirari,
1643 3496 1738 3523 cum
1777 3482 1913 3522 virum
1943 3479 2006 3518 di-

1131 3562 1233 3592 cere
1254 3551 1374 3603 regio
1390 3548 1594 3602 sanguine
1615 3552 1754 3607 orgum
1771 3558 1782 3594 ;
1802 3553 2006 3596 spernere
