2288 3990
562 266 824 307 vassen
867 253 1627 309 MAXJM11AB.H.0AP.2

175 401 275 432 nam
294 392 454 442 quanto
470 385 637 440 dignior
655 397 837 439 persona
850 390 946 426 erat
963 397 1059 438 quae

172 452 438 503 immolabat,
482 456 604 493 tanto
649 451 819 503 dignior
865 451 1059 491 Deorum

172 518 334 559 cultus.
372 516 521 557 Oliver.

228 580 468 622 Hostiarum
484 581 597 634 exta]
612 579 784 621 Servius
805 583 956 620 censet
972 577 1060 619 dici

170 647 187 670 ⁴
201 647 375 688 hostias’
406 647 636 695 sacrificia,
665 660 760 700 quae
779 646 834 687 ab
853 646 917 686 his
935 645 1061 696 fiunt,

170 712 246 765 qui
282 711 327 752 iu
361 713 529 753 hostem
564 717 779 765 pergunt;
815 712 828 733 ‘
850 707 1059 750 victimas’

173 788 273 829 qnae
304 780 403 829 post
423 776 662 817 victoriam.
719 776 883 816 Contra
897 774 1062 826 legitur

172 840 292 892 apud
328 841 534 889 Gellium,
566 840 751 881 hostiam
787 838 1000 879 immolari
1034 849 1061 879 a

171 903 325 958 quovis
359 905 588 946 sacerdote
619 909 718 957 post
746 915 878 945 caesos
896 904 1060 954 hostes,

171 968 392 1010 victimam
439 969 596 1010 cadere
636 968 746 1020 ejus,
785 967 858 1020 qui
892 967 1060 1010 vicerit.

86 1020 88 1022 ’
166 1033 479 1087 Adstipulatur
493 1032 676 1075 Ovidius
689 1034 730 1073 in
745 1034 912 1074 Fastis:
934 1033 946 1057 ‘
958 1033 1059 1074 Vic-

173 1098 281 1138 tima
298 1110 394 1151 quae
424 1097 586 1138 cecidit
616 1098 770 1138 dextra
795 1098 967 1138 cervice
988 1111 1058 1139 vo-

166 1169 323 1204 catur:
359 1161 574 1204 Hostibus
601 1175 626 1202 a
655 1161 782 1202 victis
818 1162 959 1203 hostia
982 1175 1057 1204 no-

166 1238 269 1267 men
282 1225 443 1267 habet.’
499 1225 652 1266 Festus
667 1230 793 1278 putat
808 1226 984 1267 hostiam
1002 1239 1057 1267 ex

164 1291 223 1332 'eo
242 1289 420 1341 dictam,
441 1289 556 1343 quod
576 1290 589 1312 ‘
605 1289 780 1330 hostire’
798 1291 1056 1332 tantundem

167 1353 391 1404 >veteribus
409 1353 543 1395 fuerit
560 1359 691 1408 atque
706 1353 850 1394 ferire.
877 1355 1056 1397 Hostia-

167 1430 265 1459 rum
295 1419 425 1459 variae
464 1423 590 1459 erant
621 1418 788 1471 species
807 1430 818 1457 τ
857 1419 1057 1472 quaedam

166 1485 284 1525 enim
303 1485 472 1526 eximiae
493 1484 775 1535 vocabantur,
788 1485 905 1537 quod
925 1485 1057 1525 sacri-

167 1547 277 1589 ficiis
297 1548 526 1589 destinatae
541 1549 835 1589 eximerentur
844 1561 896 1589 ex
911 1562 1056 1601 grege.

168 1612 380 1656 Quaedam
417 1612 720 1666 praecidaneae,
752 1625 849 1666 quae
892 1618 1056 1655 macta-

164 1677 328 1719 bantur
347 1682 447 1719 ante
467 1676 681 1719 sacrificia
702 1679 910 1731 solennia,
941 1679 1054 1733 quod

164 1743 439 1784 caedereutur
454 1755 546 1796 prae
561 1742 671 1783 aliis.
701 1744 839 1784 Erant
855 1748 901 1784 et
915 1744 1053 1784 succi-

166 1806 334 1859 daneae,
352 1821 464 1861 quse,
482 1808 519 1848 si
538 1807 690 1861 primis
709 1808 863 1848 hostiis
883 1809 1053 1850 litatum

161 1884 252 1914 non
298 1879 413 1926 erat,
459 1873 742 1914 caedebantur
795 1875 895 1926 post
944 1875 1054 1916 illas.

162 1935 450 1979 ·Amburva³les
468 1938 572 1978 item
592 1943 640 1979 et
654 1939 936 1991 ambarvale8‚
954 1952 1052 1992 quae

159 2000 326 2042 circum
346 2002 553 2043 terminos
571 2002 708 2054 urbis,
723 2003 795 2045 vel
811 2003 929 2044 circa
949 2017 1054 2045 arva

159 2064 267 2106 duci
287 2066 500 2107 solebant.
567 2067 763 2120 Injuges,
801 2068 917 2121 quod
944 2081 1051 2109 nnu-

158 2141 292 2183 quum
307 2129 493 2172 fuissent
517 2132 719 2174 domitae:
753 2139 830 2174 aut
862 2134 1050 2175 subditae

157 2193 284 2247 jugo,
306 2207 361 2236 ex
377 2195 572 2236 Trebatii
586 2202 735 2237 mente
752 2198 868 2250 apud
880 2199 1053 2240 Macro-

159 2257 280 2298 bium
308 2259 403 2300 Sat.
431 2270 507 2300 ιιι.
535 2273 638 2313 cap.
665 2265 706 2301 5.
763 2262 903 2304 Erant
920 2269 968 2305 et
984 2277 1054 2304 ca·

163 2321 306 2362 viares
333 2323 502 2376 hostiae,
529 2324 645 2376 quod
674 2326 878 2379 caviaria‚
902 2328 947 2367 id
970 2335 1053 2381 est,

159 2380 312 2426 hostiae
346 2398 447 2438 pars
484 2387 717 2429 duceretur
745 2391 882 2432 cauda
912 2397 1052 2445 tenus,

162 2454 294 2503 atque
313 2450 422 2491 adeo
446 2451 492 2491 in
519 2451 731 2494 sacrificio
759 2455 1051 2496 collocaretur

161 2513 208 2554 in
223 2513 484 2555 Pontificum
502 2517 686 2569 collegio
707 2518 858 2570 quinto
880 2516 1049 2574 quoique

160 2589 289 2619 anno.
311 2579 450 2620 Erant
469 2580 678 2633 prodigiae
697 2582 869 2636 hostiae,
886 2598 982 2638 quae
1003 2586 1047 2626 in

156 2648 302 2683 totum
322 2643 679 2697 prodigebantur‚
711 2646 757 2686 id
786 2654 866 2699 est,
895 2661 1047 2690 consu-

151 2706 404 2748 mebantur.
462 2709 665 2762 Denique
685 2709 895 2763 Aringam
908 2713 1045 2754 hosti-

156 2781 231 2812 am
260 2769 469 2824 intelligit
507 2773 718 2827 Scaliger,
746 2776 869 2829 cujus
900 2778 1044 2820 adhae-

156 2833 304 2874 -reutia
322 2834 660 2887 inspiciebantur
677 2844 798 2879 exta.
829 2840 1008 2892 Funger.

154 2919 156 2921 v
202 2899 286 2939 -De
314 2898 471 2939 ritibus
504 2900 548 2940 in
574 2901 726 2942 hostiis
748 2903 1044 2947 sacrificandis

154 2973 244 3002 *non
263 2975 374 3015 opus
395 2968 462 3003 est
479 2965 655 3006 multum
669 2965 894 3010 disserere.
929 2970 1044 3012 Vide

154 3026 320 3079 passim
340 3027 621 3080 antiquarios.

214 3089 346 3135 Quum
363 3094 522 3131 sanetus
539 3093 696 3146 manns]
722 3093 879 3148 Vulgo,
899 3108 1046 3140 sacras.

154 3150 212 3192 {a
232 3153 339 3195 Mss.
358 3154 569 3208 omnibus,
590 3170 704 3208 quam
721 3164 875 3200 sauctus
892 3175 1044 3203 manus.

159 3216 310 3258 Recte.
364 3218 531 3259 Sanctus
549 3221 662 3261 enim
681 3222 796 3264 inter
810 3225 896 3265 alia
913 3227 1042 3279 signi-

154 3277 258 3322 ficat
276 3281 446 3335 integer
462 3287 510 3324 et
528 3283 819 3339 incorruptus.
849 3290 974 3341 Pigh.

154 3372 156 3375 «
213 3346 291 3397 §9
328 3347 414 3388 Dt‘e
446 3348 740 3403 Lupercalium]
782 3353 833 3392 Id
863 3360 947 3406 est,
972 3356 1042 3397 die

153 3414 242 3459 quo
275 3409 529 3462 Lupercalia
563 3416 857 3467 celebrabant,
885 3419 930 3459 id
960 3426 1042 3471 est,

159 3469 232 3510 die
244 3469 376 3526 festo,
388 3475 430 3514 in
441 3476 643 3518 honorem
661 3479 817 3522 Panos.
875 3483 1041 3535 Luper-

158 3533 271 3575 calia
299 3535 388 3578 ludi
421 3546 545 3581 eraut
579 3542 777 3584 solennes
808 3545 1042 3587 institutis.

1867 253 2012 309 1011

1125 386 1308 428 Romulo
1327 392 1374 429 et
1395 387 1535 428 Remo
1561 386 1645 426 sub
1669 391 1815 427 monte
1845 387 2011 430 Palati-

1124 461 1198 500 no,
1227 451 1300 491 ubi
1332 452 1519 504 expositi
1549 450 1742 492 fuerunt.
1798 453 1917 493 Nota
1946 461 2014 495 est

1122 515 1319 567 historia,
1347 529 1432 569 quo
1466 522 1594 570 pacto
1624 516 1829 557 Romulus
1860 522 1906 557 et
1927 519 2011 558 Re-

1122 590 1216 619 mus
1235 579 1391 621 fratres
1410 581 1600 634 expositi
1615 580 1791 623 fuerunt
1810 582 1864 622 ab
1881 582 2012 624 Amu-

1123 642 1196 694 lio,
1215 655 1311 684 cnm
1343 644 1387 684 in
1423 645 1538 686 sicco
1569 645 1685 686 unda
1712 646 1809 687 illos
1832 646 2015 688 destitu-

1123 706 1232 748 isset
1252 720 1306 748 ex
1326 709 1530 761 proximis
1560 710 1779 750 montibus
1810 711 1913 764 lupa
1938 712 2015 753 de-

1122 771 1338 812 scendens
1358 772 1401 812 in
1424 786 1578 825 pueros
1597 774 1764 824 incidit,
1791 780 1839 817 et
1873 776 2014 817 infan-

1123 835 1239 877 tibus
1258 849 1462 877 mammas
1482 837 1590 878 adeo
1609 839 1726 880 mitis
1745 841 1949 893 praebuit,
1966 848 2016 883 nt

1122 900 1353 942 humanum
1380 914 1553 943 sensnm
1586 903 1746 944 babere
1777 904 2012 947 videretur.

1120 964 1386 1017 Supervenit
1423 965 1591 1006 interea
1629 967 1858 1009 Faustulus
1898 971 2013 1023 regis

1120 1034 1287 1081 pastor,
1324 1030 1398 1083 qui
1434 1042 1588 1082 pueros
1617 1031 1861 1073 Laurentiae
1890 1036 2015 1074 uxori

1119 1105 1209 1134 suae
1229 1094 1478 1136 educandos
1499 1094 1696 1135 tradidit.
1724 1147 1728 1152 η
1754 1097 1918 1138 Scimus
1941 1098 2017 1138 de-

1121 1157 1223 1199 inde
1237 1159 1451 1211 quomodo
1466 1158 1602 1199 adulti
1614 1157 1721 1199 facti
1738 1159 2014 1202 Numitorem

1122 1233 1250 1264 avum
1289 1235 1429 1274 snum,
1457 1223 1603 1264 occiso
1631 1221 1822 1278 Amulio,
1851 1226 1896 1266 in
1916 1239 2014 1280 reg-

1120 1299 1223 1327 num
1250 1289 1553 1340 restituerunt,
1585 1294 1632 1329 et
1657 1288 1824 1330 factum
1854 1297 1940 1344 est,
1964 1298 2014 1333 ut

1121 1351 1165 1391 in
1194 1352 1299 1403 ipsis
1338 1353 1461 1406 loeis,
1496 1354 1570 1394 ubi
1603 1355 1793 1407 expositi
1824 1354 2014 1407 fuerant,

1122 1416 1382 1468 Lupercalia
1400 1425 1741 1470 exercerentur3
1761 1420 1877 1472 quod
1902 1421 2015 1461 ludi-

1121 1493 1244 1520 crum
1275 1482 1330 1522 ab
1357 1483 1562 1524 Evandro
1593 1489 1725 1524 antea
1762 1484 2012 1525 institutum

1116 1543 1277 1586 fuerat.
1331 1547 1415 1587 His
1453 1547 1565 1588 ludis
1599 1554 1798 1600 pastores
1831 1561 2013 1602 congre-

1118 1609 1349 1661 gabantur,
1387 1617 1433 1651 et
1470 1612 1656 1664 pellibus
1695 1613 2010 1655 immolatarum

1118 1674 1263 1714 ovium
1295 1674 1457 1727 induti,
1488 1675 1588 1718 cibo
1624 1683 1815 1731 potuque
1852 1680 2013 1731 repleti

1116 1741 1391 1782 lascivientes
1407 1742 1592 1783 invicem
1614 1743 1945 1795 concurrebant,
1966 1752 2017 1785 et·

1118 1817 1165 1846 se
1208 1806 1369 1846 mutuis
1415 1807 1577 1848 ictibus
1626 1821 1775 1849 earum
1834 1809 2010 1862 pellium

1116 1870 1398 1922 pulsitabant,
1430 1872 1623 1925 Lyceum
1653 1873 1777 1914 Pana
1800 1887 2013 1915 veneran—

1116 1939 1199 1974 tes.
1258 1935 1388 1976 Hanc.
1408 1940 1553 1977 autem
1579 1937 1829 1990 opinionem
1860 1940 2012 1980 indux-

1114 2004 1257 2050 erant,
1277 2004 1327 2039 ut
1345 2000 1419 2052 qui
1440 2001 1595 2041 mulier
1613 2002 1776 2042 sterilis
1796 2014 1842 2042 se
1863 2004 2012 2044 luden-

1116 2062 1233 2104 tibus
1271 2063 1518 2118 obtulisset,
1555 2072 1601 2106 et
1651 2079 1799 2107 eorum
1845 2067 2009 2109 ictibus

1113 2127 1262 2167 collisa
1302 2127 1474 2181 fuisset,
1507 2130 1715 2171 foecunda
1743 2130 2007 2174 efficeretur.

1112 2190 1241 2232 ,Unde
1260 2192 1514 2235 Juvenalis:
1554 2195 1566 2217 ‘
1589 2195 1683 2236 Nec
1705 2196 1885 2247 prodest
1906 2197 2009 2249 agili

1115 2256 1280 2307 palmas
1299 2258 1498 2309 praebere
1514 2258 1727 2311 luperco!
1742 2259 1872 2300 ovid.
1889 2261 2006 2302 Fast.

1115 2329 1167 2358 11.
1205 2319 1391 2372 ‘Nupta
1424 2321 1527 2373 quid
1561 2324 1799 2374 expectas?
1832 2335 1916 2364 non
1959 2332 2005 2365 tn

1115 2383 1378 2434 pollentibus
1415 2385 1578 2438 herbis,
1616 2387 1712 2427 Nec
1749 2400 1898 2440 prece,
1927 2401 2006 2430 nec

1113 2447 1281 2499 magico
1301 2450 1493 2491 carmine
1519 2456 1659 2492 mater
1678 2451 1779 2493 eris.
1837 2454 2005 2506 Excipe

1112 2510 1324 2554 faecundae
1355 2515 1578 2566 patienter
1604 2519 1789 2559 verbera
1821 2519 2007 2572 dextrae,

1110 2577 1211 2618 Jam
1249 2589 1375 2619 socer
1412 2585 1611 2632 optatum
1646 2594 1800 2622 nomen
1825 2583 2005 2625 habebit

1111 2641 1196 2683 avi.
1254 2643 1367 2683 Nam
1401 2642 1487 2685 fuit
1523 2645 1595 2685 illa
1629 2645 1723 2687 dies
1756 2647 1868 2687 dura
1902 2661 2002 2689 cum

1110 2713 1229 2748 sorte
1260 2709 1427 2750 marita»,
1461 2710 1724 2752 Reddebant
1761 2713 1875 2754 uteri
1909 2713 2004 2766 pig·

1109 2786 1216 2814 nora
1257 2787 1357 2815 rara
1403 2775 1496 2817 sui!
1552 2778 1817 2829 Lupercales
1857 2785 2002 2819 autem

1108 2839 1217 2881 dicti
1237 2829 1339 2880 sunt'
1365 2853 1389 2880 a
1408 2841 1521 2894 lupis
1540 2842 1737 2882 arcendis
1753 2857 1766 2894 ;
1785 2844 1865 2883 boc
1885 2844 2001 2884 enim

1109 2905 1320 2946 sacrificio
1347 2906 1656 2964 existimabant
1682 2908 1807 2959 lupos
1837 2908 1891 2948 ab
1909 2909 2000 2948 ovi-

1106 2969 1188 3009 bus
1204 2971 1359 3012 arceri.
1416 2971 1485 3010 De
1504 2972 1815 3024 Lupercalibus
1832 2972 1902 3012 alii
1916 2973 2000 3012 alia

1106 3033 1288 3083 dicunt;
1310 3040 1412 3075 sunt
1425 3035 1540 3075 enim
1559 3035 1631 3089 qui
1653 3035 1834 3076 tradunt
1854 3042 1999 3087 pasto-

1104 3109 1177 3138 res
1214 3098 1368 3150 nudos,
1414 3100 1541 3140 modo
1585 3100 1772 3152 pellibus
1814 3100 1998 3150 cinctos,

1106 3162 1318 3214 ejusmodi
1331 3163 1454 3204 ludos
1469 3164 1696 3204 celebrare
1710 3163 2000 3215 consuevisse,

1106 3227 1200 3268 lora
1234 3241 1313 3280 pro
1349 3228 1544 3269 manibus
1585 3232 1803 3280 gerentes,
1844 3226 1996 3278 quibus

1103 3303 1297 3345 quosque
1332 3291 1567 3344 caederent,
1602 3292 1816 3343 larvisque
1854 3296 1997 3332 tectas

1105 3355 1238 3396 facies
1272 3355 1499 3398 habentes.
1558 3355 1821 3394 Plutarchus
1841 3354 1884 3394 in
1906 3354 1992 3395 An-

1106 3419 1214 3459 tonii
1235 3419 1322 3459 vita
1347 3419 1408 3459 sic
1436 3418 1629 3458 breviter
1655 3417 1820 3470 inquit:
1855 3422 1867 3441 ‘
1883 3419 1994 3459 Erat

1099 3483 1291 3523 solennis
1330 3481 1636 3535 Lupercalium
1683 3481 1807 3533 dies;
1845 3483 1993 3523 caesar

1103 3552 1248 3588 aute-m
1282 3545 1533 3598 triumphali
1569 3550 1686 3586 veste
1729 3546 1912 3587 amictus
1946 3548 1989 3587 in
