2320 4004
364 275 505 330 1210

937 288 1116 326 NOTAE
1159 284 1489 326 VARIORUM
1535 285 1599 325 IN

1056 551 1332 615 LIBER
1382 551 1468 611 VI
1475 588 1498 613 0

423 735 564 776 Prisca
591 734 796 786 religione]
828 734 940 779 Quia
976 735 1028 775 ab
1061 733 1246 775 Ascanio

367 811 527 839 morem
543 801 738 839 servandi
751 800 858 851 ignis
874 799 1021 840 aeterni
1039 809 1248 849 accepere

370 861 574 912 Romani;
624 875 721 909 nam
763 864 956 903 Vestales
995 870 1247 914 perpetuam

370 926 659 976 virginitatem
680 927 923 967 servabant.

426 989 484 1028 Tu
501 990 753 1042 Capitolinoe]
773 990 1091 1031 Matrimonium
1107 1001 1251 1030 servas

369 1051 598 1092 incolume.
629 1054 738 1093 Nam
766 1053 880 1094 Juno
900 1053 1124 1094 dicebatur
1145 1065 1252 1104 prae·

371 1127 466 1155 esse
491 1115 727 1168 conjugiis·
769 1118 999 1169 Virgilius:
1049 1118 1061 1139 ⁴
1091 1117 1252 1158 Junoni

372 1185 473 1219 ante
489 1192 634 1219 omnes
650 1181 718 1221 cui
735 1181 874 1221 vincla
887 1181 1056 1233 jugalia
1077 1180 1222 1221 curae!

427 1243 486 1282 Tu
516 1244 657 1294 palatii
687 1245 876 1296 columen]
906 1246 993 1285 Hic
1022 1252 1171 1297 aperta
1191 1246 1251 1285 ni-

372 1305 453 1345 mis
491 1306 627 1346 utitur
659 1306 921 1358 adulatione,
960 1321 1055 1347 cum
1092 1309 1252 1350 Juliam

373 1368 491 1410 dicat
508 1368 640 1409 fuisse
673 1371 890 1421 pudicam,
919 1383 1043 1423 quam
1072 1371 1254 1422 impudi-

373 1432 584 1473 cissimam
603 1431 734 1473 fuisse
751 1439 938 1484 constat,
968 1433 1073 1473 adeo
1094 1439 1143 1474 ut
1159 1446 1254 1474 cum

375 1494 533 1534 similes
566 1501 720 1547 patruo
748 1496 857 1536 filios
889 1505 1148 1549 procrearet,
1169 1510 1255 1538 om-

374 1570 537 1611 nesque
553 1559 876 1610 admirarentur,
896 1562 1185 1613 quaerentibus
1202 1573 1257 1602 ex

376 1634 429 1662 ea
465 1623 623 1674 multis,
650 1623 752 1676 quid
787 1624 848 1664 ita
875 1623 986 1664 filios
1020 1631 1173 1677 patruo
1204 1625 1257 1664 si-

376 1686 496 1727 miles
518 1687 796 1739 produceret,
818 1700 913 1728 cum
934 1701 980 1728 se
1003 1689 1144 1729 multis
1162 1689 1258 1729 sub-

368 1751 545 1802 jiceret,
583 1751 847 1803 respondere
890 1752 1056 1792 solitam
1094 1752 1258 1800 dicunt,

381 1813 517 1854 Navis
538 1826 644 1866 sum,
672 1814 751 1854 nisi
770 1816 915 1867 plena,
934 1821 1155 1856 vectorem
1175 1828 1259 1856 non

379 1878 573 1919 admitto.
622 1880 694 1919 De
727 1879 804 1919 hac
831 1879 1079 1921 Juvenalis:
1118 1879 1130 1902 ‘
1153 1878 1260 1919 Cum

381 1947 450 1983 tot
469 1942 671 1984 abortivis
694 1942 930 1983 foecundam
950 1942 1065 1983 Julia
1091 1941 1260 1981 vulvam

380 2006 592 2056 Solveret,
611 2011 657 2046 et
675 2012 831 2058 patruo
850 2006 1004 2045 similes
1024 2003 1264 2045 effunderet

381 2067 517 2110 offas?
548 2070 648 2110 Fuit
668 2075 813 2110 autem
830 2069 859 2110 J
863 2069 947 2108 ulia
965 2067 1151 2120 Augusti
1167 2068 1260 2109 Cae-

382 2134 489 2173 saris
508 2132 610 2184 filia,
630 2139 674 2173 et
694 2145 800 2172 uxor
818 2132 994 2173 Tiberii.
1026 2132 1176 2172 Oliver.

437 2199 812 2250 Sanctissimumque
828 2198 950 2237 Julioe
967 2197 1159 2247 genialem
1175 2197 1263 2236 tho·

381 2261 489 2313 rum]
515 2262 566 2302 In
594 2261 840 2313 Campensi,
871 2261 1069 2311 Susiano,
1089 2273 1139 2300 ac
1158 2261 1262 2301 Pul-

383 2327 626 2376 manniano,
652 2326 775 2365 Julia>
804 2325 936 2375 gentis
959 2325 1155 2375 genialem
1180 2325 1264 2364 tho-

383 2402 469 2429 rum
485 2390 661 2442 legitur.
702 2389 828 2431 Quod
850 2390 1004 2440 placet.
1034 2388 1266 2440 Impuden-

383 2454 547 2494 tissime
566 2454 675 2494 enim
693 2452 943 2493 adularetur
957 2452 1116 2505 alioqui
1134 2453 1266 2492 Vale-

384 2519 488 2569 rius,
518 2531 612 2559 cum
637 2518 753 2560 Julia
782 2517 967 2569 Augusti
995 2516 1098 2568 filia,
1127 2521 1174 2557 et
1198 2517 1266 2556 Ti-

386 2582 497 2623 berii
527 2594 636 2622 uxor
669 2581 847 2621 libidine
881 2586 1010 2633 atque
1044 2580 1267 2621 adulteriis

388 2652 482 2686 toto
519 2646 622 2686 orbe
661 2651 870 2686 terrarum
913 2644 1045 2684 fuerit
1081 2643 1267 2686 infamis.

388 2710 576 2760 Pighius.
617 2708 983 2759 ‚sanctissimumque
1000 2708 1123 2747 Juliae
1133 2707 1272 2758 genia·

391 2774 467 2813 lem
501 2771 656 2811 thorum
691 2773 848 2811 assidua
883 2772 1050 2811 statione
1085 2770 1270 2821 celebras]

388 2835 575 2887 Insignis
595 2835 721 2886 plane
736 2834 967 2884 restitutio,
987 2846 1111 2887 quam
1128 2839 1272 2874 tamen

391 2898 510 2938 libris
529 2897 749 2947 debemus,
767 2897 920 2950 quibus
937 2896 1031 2937 fere
1061 2909 1158 2948 vox,
1175 2909 1271 2947 gen-

392 2963 462 3015 tis,
495 2961 630 3002 abest.
678 2963 736 3001 Et
765 2961 838 3014 qui
871 2959 1078 3012 expedias
1111 2960 1273 3013 alioqui

391 3026 503 3068 hanc
521 3024 807 3066 sententiam?
849 3025 1005 3066 Quaeso
1026 3029 1086 3074 te,
1105 3035 1156 3063 an
1174 3037 1275 3076 gen·

393 3091 450 3132 tis
469 3089 597 3132 Juliae
618 3088 794 3141 genialis
816 3087 964 3140 aliquis
986 3088 1157 3128 thorus?
1187 3088 1274 3128 imo

397 3153 657 3206 singulorum
675 3151 709 3191 is
739 3157 823 3201 est,
847 3163 926 3191 nec
958 3150 1037 3191 nisi
1064 3157 1276 3192 matrona-

396 3230 506 3258 rum.
533 3217 689 3268 Itaque
707 3214 761 3255 de
775 3214 805 3256 J
809 3215 893 3254 ulia
909 3214 991 3255 hoc
1005 3215 1277 3267 capiendum,

399 3282 488 3322 sive
516 3280 640 3321 Livia
660 3278 869 3331 Augusta,
890 3278 959 3318 cui
975 3278 1205 3329 serviliter,
1230 3284 1279 3319 ut

400 3352 445 3386 et
463 3343 634 3385 Tiberio
655 3342 776 3394 alias,
800 3340 1012 3392 adulatur,
1030 3345 1280 3394 tantamque

401 3408 652 3461 pudicitiam
684 3405 773 3458 ejus
803 3403 928 3456 facit,
956 3410 1005 3444 ut
1031 3416 1187 3444 numen
1215 3405 1279 3457 ip-

402 3482 495 3513 sum
526 3470 767 3511 inhabitare
802 3467 909 3510 velit
947 3467 1158 3519 genialem
1190 3467 1281 3519 ejus

404 3536 584 3576 thorum.
638 3534 774 3575 Porro
807 3530 969 3574 Julium
999 3541 1153 3571 nornen
1186 3536 1283 3583 post

1309 735 1581 788 adoptionem
1608 735 1737 787 vulgo
1765 735 1913 776 datum
1934 736 2086 787 Liviae,
2112 735 2186 776 do·

1310 799 1379 839 cui
1399 799 1441 838 in
1464 799 1778 840 Commentario
1796 799 1849 838 ad
1866 799 2072 840 Tacitum.
2101 798 2185 838 Cu·

1301 862 1373 914 jus
1393 864 1456 902 rei
1475 863 1794 903 inobservantia
1819 863 1931 905 hunc
1952 864 2092 903 locum
2109 860 2187 915 foe-

1312 926 1445 966 davit.
1473 926 1583 978 Lips.

1365 989 1495 1041 Stola]
1522 991 1628 1030 Erat
1647 988 1894 1030 matronalis
1921 988 2067 1039 vestis,
2093 999 2188 1039 quae

1312 1066 1445 1106 usque
1463 1053 1506 1093 id
1526 1054 1630 1094 imos
1651 1054 1783 1106 pedes
1814 1051 1997 1092 demissa
2018 1055 2127 1102 erat,
2145 1054 2192 1090 et

1313 1118 1431 1170 cujus
1451 1121 1683 1157 extremam
1717 1121 1884 1168 partem
1914 1114 2104 1155 ambibat
2132 1113 2192 1152 in·

1313 1182 1415 1220 stita
1441 1185 1600 1230 assuta,
1631 1192 1727 1232 quae
1759 1184 1852 1219 erat
1882 1177 2059 1218 fasciola
2077 1187 2191 1229 quae-

1314 1244 1409 1282 dam
1430 1243 1520 1283 sive
1534 1243 1703 1283 limbus.
1731 1241 1906 1294 Ulpian.
1927 1241 1977 1282 L.
1995 1241 2125 1281 vestis
2144 1237 2190 1279 ff.

1313 1306 1368 1346 de
1387 1305 1493 1346 Aur.
1508 1311 1555 1345 et
1574 1305 1680 1357 Arg.
1697 1305 1831 1356 legat.

1369 1371 1391 1422 ξ
1409 1373 1428 1409 l
1449 1371 1550 1410 Dux
1570 1370 1757 1409 Romame
1770 1367 1992 1420 pudicitiae]
2020 1367 2133 1409 Orta
2150 1367 2193 1407 iu

1315 1434 1466 1474 castris
1503 1433 1616 1473 inter
1660 1438 1863 1484 potentes
1901 1431 2196 1472 adolescentes

1316 1497 1589 1537 contentione
1609 1495 1791 1549 quadam
1807 1496 1859 1535 de
1879 1507 2056 1535 uxorum
2073 1494 2196 1546 pudi-

1317 1559 1438 1609 citia,
1474 1572 1571 1599 cum
1611 1570 1728 1598 suam
1766 1558 1942 1611 quisque
1983 1556 2197 1606 laudaret,

1318 1623 1656 1676 Collatinus,qui
1676 1635 1772 1663 cum
1792 1622 1854 1661 his
1873 1626 1982 1672 erat,
2001 1633 2084 1662 non
2103 1633 2199 1662 ver-

1317 1687 1383 1728 bis
1420 1699 1528 1740 opus
1566 1698 1658 1726 esse
1693 1685 1819 1735 dixit,
1857 1684 1902 1724 id
1938 1684 2060 1725 brevi
2096 1684 2199 1740 sciri

1319 1763 1462 1803 posse,
1496 1750 1632 1803 qualis
1674 1760 1944 1801 unaquaeque
1986 1747 2117 1800 foret,
2163 1748 2199 1788 si

1320 1814 1503 1866 sumptis
1530 1813 1654 1867 equis
1686 1813 1920 1853 inviserent
1949 1823 2038 1863 eas,
2066 1811 2108 1851 id
2130 1811 2202 1851 de-

1319 1891 1435 1920 mum
1454 1877 1814 1930 spectatissimum
1845 1874 2072 1928 unicuique
2091 1872 2202 1924 fore,

1322 1942 1435 1996 quod
1452 1942 1672 1994 inopinato
1691 1940 1772 1981 viri
1795 1939 1982 1980 adventu
1999 1938 2201 1978 occurrit.

1321 2006 1514 2046 Probato
1535 2004 1726 2056 consilio,
1745 2003 1890 2044 citatis
1919 2002 2038 2055 equis
2055 2013 2200 2041 omnes

1313 2071 1525 2126 *advolant
1542 2070 1737 2120 Romam,
1753 2067 1853 2108 iude
1868 2067 2111 2116 Collatiam,
2128 2065 2204 2106 ubi

1323 2133 1568 2174 Lucretiam
1603 2133 1714 2172 haud
1746 2144 1957 2184 quaquam
1986 2137 2035 2171 ut
2062 2131 2203 2182 regias

1324 2210 1472 2247 nurus,
1492 2209 1596 2249 quas
1613 2196 1656 2235 in
1676 2195 1874 2236 convivio
1895 2195 2084 2247 luxuque
2109 2206 2204 2234 cum

1326 2262 1560 2315 aequalibus
1580 2261 1773 2300 viderant
1797 2265 1967 2312 tempus
1996 2265 2207 2311 terentes,

1327 2325 1403 2365 sed
1423 2324 1614 2365 deditam
1645 2325 1754 2364 lanae
1785 2324 1901 2364 inter
1930 2323 2206 2363 lucubrantes

1328 2388 1501 2429 ancillas
1517 2388 1560 2428 in
1578 2387 1721 2428 medio
1735 2386 1891 2427 aedium
1908 2385 2129 2427 sedentem
2146 2386 2209 2425 in-

1327 2453 1519 2494 veniunt.
1574 2451 1800 2493 Muliebris
1836 2449 2084 2491 certaminis
2113 2450 2206 2489 laus

1330 2529 1462 2569 penes
1493 2516 1738 2556 Lucretiam
1765 2514 1859 2555 fuit.
1905 2511 2108 2555 Invitatis
2138 2524 2210 2553 co-

1331 2579 1506 2619 mitibus
1523 2592 1548 2618 a
1560 2578 1727 2629 marito,
1746 2578 1922 2617 Sextum
1935 2575 2208 2629 Tarquinium

1331 2643 1445 2682 mala
1474 2642 1607 2682 libido
1638 2640 1855 2681 Lucretiae
1873 2639 2121 2691 stuprandae
2139 2649 2211 2680 ca·

1335 2705 1414 2758 pit,
1432 2711 1521 2745 tum
1541 2704 1693 2755 forma,
1709 2708 1801 2744 tum
1820 2707 2016 2755 spectata
2031 2701 2211 2742 castitas

1333 2770 1501 2810 incitat.
1559 2767 1719 2808 Paucis
1765 2766 1915 2807 diebus
1956 2763 2213 2818 interjectis,

1335 2838 1565 2885 postquam
1583 2831 1800 2871 redierunt
1820 2831 1862 2870 in
1884 2833 2037 2878 castra,
2053 2829 2212 2870 Sextus

1334 2896 1605 2949 Tarquinius,
1631 2894 1766 2935 inscio
1784 2894 2012 2944 Collatino,
2036 2905 2132 2934 cum
2147 2903 2218 2934 co-

1335 2961 1440 3000 mite
1451 2972 1535 3000 uno
1552 2959 1781 3000 Collatiam
1794 2957 1927 2999 venit.
1956 2956 2043 2997 Ubi
2057 2967 2215 3008 excep-

1337 3029 1406 3064 tus
1425 3022 1608 3074 benigne
1637 3020 1689 3061 ab
1722 3020 1884 3072 ignaris
1910 3018 2090 3070 consilii,
2119 3029 2216 3059 cum

1338 3093 1438 3140 post
1456 3098 1620 3127 coenam
1653 3086 1696 3125 in
1725 3083 1941 3135 hospitale
1973 3081 2215 3123 cubiculum

1337 3150 1492 3190 ductus
1507 3153 1643 3198 esset,
1654 3159 1797 3187 amore
1808 3145 1980 3196 ardens,
1992 3149 2218 3198 postquam

1339 3213 1442 3254 satis
1457 3218 1550 3253 tuta
1570 3210 1711 3251 omnia
1737 3209 1866 3260 circa,
1895 3207 2110 3260 sopitique
2129 3218 2232 3264 οτη-Δ

1339 3289 1414 3317 nes
1428 3275 1699 3325 videbantur,
1713 3274 1865 3313 stricto
1875 3271 2037 3324 gladio,
2054 3270 2108 3311 ad
2123 3270 2222 3311 dor·

1340 3339 1541 3381 mientem
1555 3337 1801 3378 Lucretiam
1817 3335 1947 3389 venit,
1963 3334 2219 3387 sInistraque

1341 3414 1469 3443 manu
1480 3400 1668 3441 mulieris
1681 3403 1859 3452 pectore
1869 3410 2092 3451 oppresso,
2103 3397 2222 3439 Tace

1343 3466 1564 3515 Lucretia,
1593 3463 1748 3516 inquit,
1781 3462 1935 3503 Sextus
1966 3459 2220 3513 Tarquinius

1344 3541 1451 3583 sum,
1469 3528 1629 3570 ferrum
1644 3527 1688 3567 iu
1707 3537 1834 3572 manu
1849 3523 2004 3579 habeo,
2017 3522 2224 3575 morieris,
