2332 4036
391 315 499 368 934

392 441 512 481 sidiis
529 454 698 483 suorum
719 443 993 484 interficitur.
1030 444 1116 484 Sed
1137 445 1268 496 magis

393 505 591 545 Ciceroni
611 506 871 546 credendum
891 514 971 547 est.
1029 506 1090 549 At
1111 508 1270 548 Corne·

389 566 474 606 lius
491 568 639 620 Nepos
654 569 759 609 dicit
779 570 890 610 hunc
905 582 1031 610 manu
1052 570 1156 611 forti
1181 572 1268 612 bel·

385 629 509 681 ‚lique
539 632 722 682 peritum
752 630 898 683 fuisse,
936 638 981 673 et
1007 635 1119 686 quod
1139 635 1182 674 in
1203 641 1268 687 ty-

389 705 525 742 ranno
554 707 638 734 non
671 695 798 735 facile
833 697 1063 749 reperitur,
1096 699 1268 739 minime

389 756 680 811 libidinosum,
724 771 807 799 non
863 761 1141 809 luxuriosum,
1185 775 1269 803 non

380 833 567 861 avarum
584 820 974 876 suisse,nulliusque
993 825 1050 864 rei
1066 825 1268 876 cupidum

389 887 468 926 nisi
497 889 733 940 sanguinis,
761 891 1046 944 perpetuique
1077 891 1271 942 Imperii,

389 950 443 990 ob
463 963 639 1004 eamque
660 965 748 993 rem
775 954 1007 996 crudelem.
1041 956 1188 996 Oliver.

443 1014 902 1070 Dedecoretamenfilii]
930 1019 1000 1058 De
1028 1031 1109 1070 quo
1131 1018 1267 1058 multa.

386 1075 582 1124 ,Iustinus
619 1077 730 1120 libro
767 1080 966 1131 vigesimo
1001 1082 1151 1133 primo,
1193 1082 1268 1122 sed

381 1139 501 1191 ⁸quod
515 1141 569 1181 ad
581 1141 688 1182 hanc
700 1154 787 1183 rem
808 1146 1010 1195 pertinet,
1029 1146 1136 1185 dicit
1150 1146 1267 1185 illum

386 1202 430 1242 in
444 1204 668 1255 segnitiem
683 1207 862 1258 lapsum,
876 1208 1060 1259 saginam
1075 1208 1266 1260 corporis

388 1277 442 1304 ex
462 1268 594 1307 nimia
613 1269 800 1322 luxuria,
819 1272 1124 1323 oculorumque
1153 1273 1265 1311 vale-

387 1331 579 1372 tudinem
615 1336 905 1375 contraxisse:
951 1336 1057 1374 adeo
1098 1341 1143 1375 ut
1182 1348 1264 1374 non

380 1395 544 1446 Solem,
574 1407 655 1438 non
692 1398 928 1447 pulverem,
960 1410 1044 1437 non
1079 1398 1264 1449 denique

385 1458 656 1508 splendorem
678 1459 810 1511 ipsius
827 1461 934 1500 lucis
954 1461 1069 1501 ferre
1089 1467 1236 1513 posset
1253 1475 1263 1511 ;

384 1522 553 1572 pulsum
571 1522 726 1562 deinde
751 1525 993 1577 Syracusis,
1011 1527 1263 1567 Corinthum

386 1597 429 1623 se
445 1585 672 1637 recepisse,
686 1587 830 1640 ibique
839 1588 1072 1629 humillima
1086 1603 1264 1642 quaeque

384 1647 597 1687 tutissima
616 1650 946 1702 existimantem,
965 1653 1006 1692 in
1028 1653 1264 1692 sordidissi-

376 1723 497 1750 mum
514 1712 614 1751 vitae
630 1725 760 1764 genus
777 1714 1045 1764 discessisse;
1066 1728 1148 1755 non
1165 1728 1262 1755 con-

376 1767 551 1817 tentum
569 1775 611 1822 in
627 1777 797 1827 publico
814 1778 976 1828 vagari,
993 1779 1066 1817 sed
1085 1783 1234 1829 potare
1250 1792 1261 1828 ;

381 1850 465 1878 nec
494 1839 682 1890 conspici
716 1840 757 1879 in
779 1841 946 1892 popinis
966 1841 1261 1892 lupanaribus-

378 1913 481 1953 que,
511 1901 586 1941 sed
606 1902 710 1943 totis
734 1902 883 1942 diebus
919 1903 1135 1952 residere;
1163 1916 1259 1942 cum

382 1966 674 2017 perditissimo
686 1979 853 2020 quoque
867 1966 921 2006 de
938 1967 1117 2006 minimis
1135 1967 1259 2011 rebus

378 2030 640 2082 disceptare,
675 2042 912 2081 pannosum
945 2036 989 2069 et
1020 2030 1257 2082 squalidum

382 2092 517 2133 videri
540 2105 552 2141 ;
609 2093 739 2132 risum
798 2091 1000 2132 libentius
1048 2092 1258 2143 pra’bere,

382 2168 509 2208 quam
537 2161 742 2207 captare;
773 2157 815 2195 in
838 2156 1015 2195 macello
1050 2160 1260 2206 prostare,

382 2225 427 2259 et
464 2219 578 2271 quod
609 2232 752 2259 emere
787 2231 871 2259 non
907 2224 1095 2270 poterat,
1127 2220 1258 2259 oculis

380 2282 617 2332 devorare3
663 2283 892 2322 novissime
933 2295 978 2321 se
1014 2282 1258 2333 ludimagis-

381 2353 492 2386 trum
532 2346 788 2398 professum,
846 2358 1000 2398 pueros
1039 2347 1080 2385 in
1121 2346 1258 2385 triviis

381 2409 553 2450 docere.
607 2410 734 2450 Unde
756 2410 936 2449 Ovidius
966 2422 1018 2448 ex
1036 2410 1177 2449 Ponto
1195 2420 1256 2447 1v.

380 2476 422 2513 3.
443 2477 511 2513 39.
541 2474 553 2495 ‘
570 2473 650 2513 Ille
671 2472 895 2524 Syracusia
912 2473 1037 2512 modo
1059 2472 1257 2512 formida·

382 2540 448 2574 tus
459 2535 502 2574 in
523 2535 645 2584 urbe,
665 2536 750 2574 Vix
769 2535 915 2573 humili
934 2535 1083 2574 duram
1102 2547 1259 2586 reppu-

379 2599 432 2637 lit
453 2604 546 2639 arte
569 2597 753 2638 famem?
785 2597 934 2636 Oliver.

431 2662 499 2712 §4
528 2662 579 2700 In
610 2674 724 2712 quam
757 2674 805 2700 ne
836 2661 1025 2699 incideret
1062 2661 1257 2713 leymasi·

379 2725 509 2776 theus]
552 2725 894 2777 Thyinasithetis,
915 2726 1256 2776 Liparitanorum

377 2790 597 2841 princepS‚
633 2789 757 2829 valde
791 2789 1006 2828 dissimilis
1036 2788 1119 2828 fuit
1153 2789 1257 2828 Dio·

379 2853 503 2903 nysio
526 2866 539 2903 ;
594 2865 691 2892 nam
740 2853 811 2892 ille
858 2853 991 2891 multa
1036 2852 1258 2902 sacrilegia

380 2915 699 2966 committebat,
727 2917 795 2956 hic
825 2917 1045 2956 commissa
1071 2916 1258 2967 corrige-

381 2980 485 3028 bat;
513 2979 617 3019 licet
637 2980 747 3018 enim
769 2979 995 3030 piraticam
1017 2984 1258 3030 exerceret,

381 3050 524 3083 tamen
546 3048 594 3083 ut
614 3044 746 3082 sensit
767 3043 958 3094 praedam
976 3054 1029 3081 ex
1058 3041 1258 3080 Romanis

379 3114 551 3159 captam
592 3106 783 3158 Apollini
825 3111 1116 3146 consecratam
1152 3117 1259 3151 esse,

378 3170 640 3210 reddendam
661 3170 842 3210 curavit.
873 3170 1072 3209 Camillus
1094 3181 1188 3208 cum
1217 3168 1259 3207 in

378 3234 605 3274 obsidione
624 3234 828 3273 Veiorum
858 3233 1069 3274 decimam
1097 3231 1258 3283 praedae

379 3304 548 3350 partem
568 3298 754 3338 vovisset
771 3296 977 3349 Apollini,
997 3297 1030 3335 si
1046 3297 1259 3347 potiretur

380 3362 501 3407 urbe,
524 3374 600 3413 per
620 3361 784 3413 aliquot
813 3372 944 3400 annos
977 3358 1083 3399 urbe
1117 3364 1259 3410 capta,

379 3425 514 3464 edixit
549 3438 647 3477 pop.
684 3427 803 3465 Rom.
824 3425 1072 3476 religionem
1111 3424 1256 3472 tueri3

379 3501 513 3543 quare
546 3497 720 3529 coactus
757 3502 858 3541 pop.
892 3490 1014 3529 Rom.
1045 3488 1256 3527 decimam

380 3553 539 3605 praedae
573 3558 738 3605 partem
787 3553 1002 3603 exolvere,
1046 3555 1167 3591 tanta
1213 3550 1256 3590 in

976 330 1151 369 NOTAE
1191 329 1526 374 vARtoRUM
1570 334 1635 372 IN

1329 448 1552 490 Camillum
1569 453 1727 494 exarsit
1745 452 1919 504 invidia,
1941 458 1989 494 ut
2003 454 2118 494 illum
2134 454 2203 495 die

1330 510 1448 551 dicta
1476 514 1642 554 miserit
1673 516 1717 554 in
1750 516 1951 566 exilium;
1983 530 2127 557 verum
2157 523 2206 558 ut

1329 575 1533 627 religione
1554 578 1807 629 solveretur,
1840 592 1894 619 ex
1927 581 2007 620 hac
2040 581 2206 620 decima

1330 645 1541 680 crateram
1568 641 1663 681 fieri
1691 642 1824 693 jussit
1839 642 2030 695 Apollini
2049 644 2205 696 depor-

1330 704 1519 754 tandam,
1532 717 1626 757 quae
1641 717 1736 745 cum
1750 706 2206 759 deportaretur,atque

1329 766 1475 805 classis
1491 767 1773 806 Romanorum
1796 768 1850 807 ad
1870 768 2069 819 Liparem
2089 765 2205 808 insu-

1329 830 1410 868 lam
1426 831 1708 883 pervenisset,
1719 832 1889 882 capitur
1907 844 1931 872 a
1947 832 2204 884 Liparitanis

1330 892 1556 942 piraticam
1591 894 1909 935 exercentibus.
1975 896 2082 936 Erat
2114 901 2205 936 tum

1329 955 1372 994 in
1401 968 1560 996 summo
1593 958 1845 1008 magistratu
1863 957 2206 1010 Thymasitheus,

1330 1020 1530 1060 Romanis
1552 1021 1615 1060 vir
1642 1021 1816 1060 similior
1840 1033 1966 1073 quam
1999 1022 2101 1071 suis,
2131 1021 2203 1074 qui

1330 1082 1528 1134 Legatos,
1571 1084 1826 1136 donumque,
1871 1088 1918 1123 et
1961 1084 2103 1124 Deum
2136 1084 2205 1124 cui

1328 1146 1588 1196 mitteretur,
1618 1152 1663 1187 et
1692 1146 1792 1186 doni
1823 1159 1996 1187 causam
2030 1148 2206 1198 veritus,

1326 1208 1419 1258 ipse
1442 1209 1755 1249 multitudinem
1774 1222 1906 1260 snam,
1939 1222 2032 1262 quae
2062 1215 2112 1248 nt
2143 1209 2204 1248 di-

1327 1271 1546 1312 videretur
1584 1273 1745 1324 praeda,
1777 1271 2058 1324 efflagitabat,
2085 1271 2205 1323 justa

1327 1335 1531 1385 religione
1566 1335 1778 1387 implevit,
1819 1335 2114 1388 adductosque
2159 1334 2203 1373 in

1328 1397 1542 1448 publicum
1590 1397 1819 1448 hospitium
1866 1399 2069 1449 Legatos,
2106 1409 2202 1437 cum

1326 1460 1527 1511 praesidio
1548 1461 1675 1499 etiam
1697 1461 1867 1501 navium
1896 1462 2088 1513 Delphos
2108 1473 2204 1513 pro·

1329 1529 1501 1563 secutus
1538 1528 1632 1572 est;
1667 1525 1842 1564 Romani
1880 1524 1980 1564 inde
2016 1523 2202 1576 sospites

1327 1585 1568 1635 redierunt,
1594 1586 1825 1638 hospitium
1842 1591 1888 1626 et
1902 1586 2088 1626 amicitia
2104 1598 2202 1627 cum

1325 1649 1630 1700 Thymasitheo
1643 1661 1696 1688 ex
1706 1649 2084 1690 Senatusconsulto
2096 1649 2202 1701 pub-

1325 1711 1405 1750 lice
1422 1710 1599 1762 factum,
1614 1711 1807 1764 donaque
1826 1712 1886 1751 illi
1901 1712 2071 1767 publice
2083 1713 2202 1752 data.

1324 1774 1390 1813 De
1407 1775 1483 1814 hac
1504 1774 1672 1814 decima
1692 1782 1735 1814 et
1757 1780 1856 1816 voto
1886 1776 2059 1828 legitur,
2088 1777 2201 1830 quod

1324 1848 1418 1875 cum
1441 1842 1619 1888 propter
1634 1838 1727 1889 ejus
1742 1839 1957 1879 solvendae
1976 1835 2203 1880 maximam

1323 1899 1623 1941 difficultatem
1659 1907 1836 1953 gravata
1863 1902 2000 1954 longis
2032 1903 2203 1944 tributis

1324 1963 1467 2014 plebe,
1514 1965 1807 2017 exhaustoque
1854 1957 2032 2006 diutinis
2077 1963 2201 2007 bellis

1323 2027 1491 2077 aerario,
1534 2026 1690 2067 seditio
1731 2035 1962 2080 appareret
2000 2030 2043 2070 in
2081 2031 2201 2082 urbe,

1322 2095 1531 2129 matronae
1549 2090 1733 2130 coetibus
1750 2092 1803 2130 ad
1819 2104 1913 2131 eam
1933 2104 2022 2132 rem
2037 2094 2204 2134 consul-

1322 2151 1496 2197 tandam
1515 2152 1686 2204 habitis,
1700 2156 1909 2194 communi
1922 2155 2098 2196 decreto
2109 2158 2200 2208 pol-

1322 2215 1470 2267 licitae,
1517 2217 1695 2256 tribunis
1742 2217 1925 2257 militum
1963 2230 2111 2258 aurum
2155 2225 2201 2259 et

1324 2280 1464 2319 omnia
1511 2286 1766 2321 ornamenta
1803 2282 1954 2321 suain
2000 2283 2199 2324 aerarium

1324 2345 1604 2395 detulerunt3
1651 2351 1771 2396 grata
1809 2357 1861 2386 ea
1898 2359 1981 2398 res,
2020 2353 2068 2387 ut
2104 2360 2199 2400 quae

1323 2407 1504 2447 maxime
1525 2408 1701 2448 Senatui
1733 2421 1916 2461 unquam
1949 2408 2047 2459 fuit,
2075 2410 2203 2450 hono-

1325 2483 1496 2522 remque
1517 2472 1570 2511 ob
1591 2483 1683 2510 eam
1703 2472 2036 2512 munificentiam
2054 2471 2201 2514 ferunt

1323 2534 1524 2573 matronis
1536 2534 1743 2583 habitum,
1759 2540 1806 2574 ut
1819 2535 1992 2587 pilentis
2007 2535 2060 2574 ad
2079 2547 2201 2575 sacra

1321 2597 1545 2647 ludosque,
1562 2597 1778 2647 carpentis
1793 2595 1905 2637 festo
1922 2596 2198 2650 profestoque

1322 2664 1559 2699 uterentur.
1593 2660 1743 2700 (niver.
2015 2661 2017 2663 ’

1373 2721 1708 2774 Liparitanorum]
1735 2723 2009 2774 Populorum.
2026 2724 2200 2776 Lipare,

1320 2787 1458 2827 insula
1475 2798 1557 2824 una
1577 2797 1629 2824 ex
1650 2786 1810 2827 AEoliis.

1378 2848 1546 2888 Consilio
1560 2848 1815 2899 sibipariter]
1842 2849 1915 2890 Sic
1933 2851 1978 2889 in
1997 2851 2101 2890 Mss.
2145 2851 2197 2891 In

1322 2911 1588 2964 quibusdam,
1619 2912 1747 2951 aliter.
1803 2912 1855 2951 In
1892 2912 1976 2952 fine
2002 2913 2196 2965 ejusdem

1322 2975 1510 3026 exempli
1550 2974 1679 3014 verba
1710 2976 1819 3026 haec,
1846 2975 2021 3015 manibus
2051 2988 2198 3016 venun-

1320 3039 1499 3078 dantium
1542 3042 1730 3089 ereptam,
1777 3038 1820 3077 in
1859 3039 2039 3090 vulgatis
2075 3040 2196 3079 libris

1321 3104 1636 3154 desiderantur,
1667 3117 1761 3155 quae
1792 3117 1868 3143 suo
1900 3105 1994 3145 loco
2012 3105 2198 3145 restitui-

1320 3180 1429 3219 mus,
1457 3180 1510 3206 ex
1548 3168 1857 3206 Pulmanniano
1884 3167 1993 3207 libro
2021 3172 2068 3208 et
2087 3168 2196 3208 aliis.

1319 3231 1444 3280 Pigh.

1373 3293 1522 3345 Pythio
1568 3291 1764 3343 Apollini]
1811 3291 1994 3344 Pythius
2037 3291 2194 3344 Apollo

1322 3357 1460 3396 dictus
1503 3369 1528 3395 a
1574 3356 1771 3406 Pythone
1817 3359 2031 3405 serpente,
2068 3365 2192 3406 quem

1322 3420 1555 3459 interfecit.
1612 3417 1742 3459 Ovid.
1778 3417 1887 3456 Met.
1904 3428 1935 3455 1.
1967 3415 2193 3457 ‘Instituit

1318 3495 1460 3524 sacros
1483 3482 1641 3523 celebri
1673 3479 1907 3519 certamine
1939 3478 2077 3529 ludos,
2107 3479 2195 3531 Py-

1319 3546 1407 3587 thia
1427 3544 1679 3598 perdomitae
1696 3542 1907 3594 serpentis
1920 3542 2089 3582 nomine
2104 3542 2194 3583 dic-
