2288 3990
359 289 499 342 1020

355 417 578 458 mendatus
608 419 674 456 est
695 415 746 454 ab
764 413 942 465 antiquis
964 410 1220 452 Grammati-

355 483 415 522 cis
450 481 594 520 Livius
631 481 671 518 in
702 478 907 528 Odyssea,
941 475 982 513 in
1018 474 1220 513 Romanis

355 544 600 585 Annalibus.
627 543 680 580 P.
705 539 892 579 Crinitus.
929 537 1052 576 Petita
1068 535 1222 587 Livius]

354 605 714 649 Quemadmodum
748 602 859 652 apud
896 601 1071 641 Graecos
1103 612 1219 639 usur-

353 671 567 722 pationem
598 668 667 713 τῆς
696 664 871 713 ἰαμβικῆς
904 661 1019 712 ἰδέας,
1048 669 1094 701 ut
1123 675 1219 701 cum

351 731 604 781 Philosopho
625 730 860 780 loquamur,
876 726 1051 776 excepit
1071 726 1111 764 in
1133 737 1220 764 sce-

351 810 405 836 na
434 794 680 838 dramatice,
699 797 792 844 post
810 792 1023 830 inventam
1044 803 1069 830 a
1089 792 1218 830 Thes-

352 858 451 910 pide
490 856 754 907 tragoediam,
787 855 837 895 ab
880 856 1132 906 Epicharmo
1175 861 1219 896 et

349 922 524 960 Cratete
552 919 822 959 comoediam:
853 919 913 958 sic
933 919 1126 970 Satyram
1149 931 1217 957 ve-

346 990 479 1024 terem
500 988 650 1022 secuta
670 987 733 1022 est
751 981 989 1021 fabularum
1011 982 1219 1033 composi-

348 1047 432 1086 tio:
464 1058 638 1098 quarum
659 1052 806 1084 auctor
822 1044 978 1095 primus
997 1044 1110 1095 apud
1131 1044 1218 1084 Ro-

347 1125 488 1152 manos
509 1111 797 1160 Andronicus,
817 1111 939 1149 homo
960 1113 1003 1149 et
1023 1108 1220 1161 Graecus,

345 1182 390 1215 et
405 1175 567 1220 Graecis
583 1175 715 1214 literis
734 1174 928 1213 excultus
947 1185 957 1212 :
981 1172 1049 1225 qui
1067 1179 1219 1223 postea

345 1239 398 1278 ab
427 1240 530 1278 hero
567 1239 629 1278 M.
660 1238 777 1276 Livio
805 1236 1061 1286 Salinatore,
1098 1236 1216 1287 quus

346 1302 498 1342 liberos
535 1301 774 1348 erudiebat,
811 1299 1103 1350 manumissus,
1147 1300 1216 1339 Li-

344 1366 434 1405 vius
455 1364 722 1405 Andronicus
741 1372 807 1404 est
837 1364 988 1404 dictuS.
1045 1365 1111 1404 De
1136 1365 1216 1404 hoc

342 1430 455 1469 idem
469 1430 665 1481 princeps
678 1428 861 1469 historiae
879 1430 1103 1469 Romanae:
1125 1429 1137 1451 ‘
1149 1428 1217 1469 Li-

346 1493 436 1533 vius
474 1499 570 1545 post
604 1493 766 1546 aliquot
799 1505 929 1533 annos
967 1493 1020 1533 ab
1051 1492 1215 1544 Satyris

343 1566 468 1596 ausus
489 1561 556 1596 est
575 1557 732 1608 primus
761 1563 1012 1608 argumento
1031 1555 1216 1597 fabulam

343 1619 512 1660 serere!
560 1620 703 1672 Atque
739 1620 801 1660 ita
832 1621 992 1660 nullum
1025 1620 1216 1670 dubium,

344 1685 445 1738 quin
479 1683 716 1723 universam
748 1683 1010 1723 dramaticen
1053 1684 1216 1724 Graecis

343 1754 564 1800 acceptam
593 1746 705 1787 ferre
741 1747 968 1787 debuerint
1007 1748 1213 1789 Romani:

344 1812 458 1866 quod
493 1812 603 1852 enim
651 1813 694 1851 in
740 1812 886 1852 Sicilia
923 1812 1217 1864 Epicharmus,

343 1875 522 1916 Athenis
542 1876 721 1928 Thespis
748 1881 793 1916 et
815 1876 985 1927 Crates,
1005 1876 1048 1915 id
1070 1877 1214 1916 Romae

341 1939 422 1980 fuit
439 1952 544 1980 unus
566 1939 851 1991 Andronicus,
867 1940 938 1992 qui
958 1940 1115 1992 primus
1135 1940 1214 1980 La-

344 2003 440 2043 tinis
461 2010 507 2044 et
539 2003 760 2056 tragoediae
790 2010 835 2044 et
863 2004 1083 2044 comoediae
1103 2017 1215 2045 com·

340 2069 550 2120 ponendae
581 2069 767 2121 praebuit
787 2071 1044 2121 exemplum.
1099 2070 1214 2111 Satis

339 2138 520 2179 constat,
553 2133 730 2185 primam
750 2133 917 2173 Livium
936 2134 1133 2175 docuisse
1153 2133 1213 2175 fa-

341 2196 480 2237 bulam
502 2198 552 2238 C.
569 2197 716 2237 Clodio
738 2198 852 2238 Caeci
874 2199 923 2239 F.
942 2204 986 2239 et
1006 2199 1068 2238 Μ.
1086 2199 1215 2240 Tudi-

338 2269 440 2302 tano
461 2262 577 2302 Coss.
597 2275 707 2302 anno
739 2268 836 2314 post
865 2263 1042 2303 Romam
1069 2264 1215 2305 condi·

339 2333 442 2377 tam,
462 2331 509 2366 ut
528 2339 581 2366 ex
600 2325 751 2367 Attico
769 2339 844 2366 suo
862 2328 1013 2368 scribit
1028 2329 1093 2370 Μ.
1114 2330 1212 2369 Tul-

337 2391 430 2440 lius,
451 2391 769 2443 quartodecimo
793 2395 838 2431 et
857 2392 1211 2445 quingentesimo·

338 2456 463 2496 Unde
483 2461 627 2508 potest
646 2456 825 2509 intelligi
845 2469 970 2510 quam
992 2459 1109 2499 lente
1130 2460 1213 2499 Ro-

338 2531 556 2558 manorum
589 2520 728 2559 studia
760 2520 814 2560 ad
851 2521 1053 2573 poeticen
1087 2535 1212 2564 exco-

338 2582 506 2623 lendam
526 2583 609 2622 sint
629 2583 843 2624 traducta.
875 2586 1040 2627 Casaub.

395 2645 631 2696 Revocatus]
661 2646 767 2686 Cum
795 2645 980 2696 finierat,
1012 2648 1118 2689 adeo
1139 2661 1214 2701 po-

341 2709 442 2761 pulo
475 2710 689 2761 placebat,
721 2716 767 2750 ut
799 2711 954 2763 saepius
982 2713 1035 2752 ad
1058 2713 1215 2764 princi-

341 2774 459 2825 pium
488 2778 761 2813 revocaretur
778 2774 950 2825 agendi.
1003 2776 1090 2816 Sed
1118 2789 1215 2816 cum

344 2849 517 2876 raucam
548 2849 693 2877 vocem
723 2836 912 2889 fecisset,
940 2851 1115 2891 puerum
1145 2853 1213 2880 ac-

343 2900 448 2940 civit
465 2901 535 2951 qui
555 2906 731 2940 caneret
750 2913 872 2952 voce,
888 2908 933 2943 et
952 2903 1129 2943 alterum
1143 2905 1216 2957 qui

344 2964 473 3014 tibia3
518 2965 609 3016 ipse
653 2977 754 3005 vero
797 2972 933 3006 motus
973 2972 1018 3008 et
1064 2973 1215 3008 cantus

342 3040 472 3081 agere
492 3028 628 3079 coepit
647 3034 763 3068 motu
783 3030 989 3081 corporis.

394 3091 591 3132 Attellani
609 3091 759 3142 autem]
784 3091 990 3133 Attellani
1011 3101 1133 3134 erant
1152 3096 1215 3135 lu-

341 3156 506 3207 diones,
530 3155 603 3207 qui
624 3154 722 3194 ideo
742 3160 840 3195 sunt
858 3156 984 3196 acciti
1005 3157 1057 3197 ab
1075 3157 1217 3198 Attel-

341 3221 407 3271 lis,
443 3220 538 3272 quia
568 3217 795 3270 peritiores
831 3225 954 3260 erant
980 3233 1104 3273 quam
1134 3223 1217 3262 Ro-

340 3285 467 3324 mani.
514 3282 695 3323 Attellae
715 3282 869 3322 civitas
889 3289 955 3323 est
981 3279 1217 3336 'Campano-

343 3359 452 3397 rum,
485 3357 662 3399 quorum
678 3345 846 3386 luxuria
865 3346 908 3385 in
928 3346 1134 3398 ejusmodi
1155 3349 1217 3388 lu-

343 3411 408 3450 dis
430 3410 555 3449 nimia
573 3415 681 3461 erat,
696 3414 742 3450 et
769 3409 866 3450 ideo
895 3410 1009 3462 apud
1036 3411 1215 3464 Campa-

343 3485 419 3514 nos
451 3471 782 3513 inhonestissimi
817 3478 958 3523 crant,
977 3473 1053 3513 sed
1082 3486 1106 3514 a
1135 3475 1217 3514 Ro-

339 3535 473 3577 manis
493 3535 646 3577 deinde
679 3547 833 3590 magna
861 3538 1097 3579 severitate.
1122 3549 1216 3580 cor·

923 298 1097 337 NOTAE
1141 294 1466 335 VARIORUM
1513 295 1575 332 IN

1285 411 1406 451 recti.
1440 412 1588 451 Oliver.
1631 412 1843 466 Attellam’]
1867 414 2007 455 Livius
2026 415 2156 458 docet

1283 475 1412 524 clare,
1449 475 1518 513 ubi
1553 481 1775 528 postquam
1808 479 1863 518 de
1892 478 2046 519 fabulis
2066 479 2154 520 An·

1282 537 1448 577 ‹ironici
1469 537 1661 588 dixisset,
1681 545 1726 579 et
1745 542 1906 590 partito
1925 541 2067 582 officio
2093 545 2155 583 in·

1283 607 1350 640 ter
1368 612 1543 652 puerum
1561 614 1610 641 ac
1623 602 1841 644 tibicinem
1856 611 2094 656 cantantes,
2111 612 2158 647 et
2204 631 2206 633 -

1280 663 1543 711 histrionem,
1559 665 1630 716 qui
1651 665 1800 706 Poetae
1818 670 2041 722 successit,
2058 681 2157 710 can·

1283 727 1414 765 ticum
1434 733 1649 780 agentem,
1674 729 1757 770 hoc
1790 735 1867 781 est,
1899 738 1948 771 ut
1980 733 2158 785 exponit

1279 791 1478 830 Valerius
1518 792 1746 845 Maximus,
1786 796 2157 846 gesticulationem

1281 860 1572 906 peragentem,
1614 856 1788 908 subjicit
1832 859 1951 900 haec:
1997 865 2010 883 ‘
2029 859 2157 901 Post·

1281 929 1405 969 quam
1426 918 1522 970 lege
1541 920 1619 959 hac
1639 919 1879 961 fabularum
1912 921 1967 963 ab
1995 923 2082 964 risu
2102 935 2156 965 ac

1281 981 1421 1021 soluto
1445 982 1546 1033 joco
1569 995 1635 1022 res
1670 985 1950 1033 avocabatur,
1968 992 2016 1028 et
2033 986 2158 1031 ludus

1280 1046 1486 1096 paulatim
1506 1046 1549 1085 in
1570 1053 1706 1087 artem
1727 1054 1931 1100 verterat,
1953 1049 2158 1102 juventus

1280 1109 1556 1150 histrionibus
1582 1110 1833 1153 fabellarum
1864 1121 1966 1154 actu
1984 1114 2156 1167 relicto,

1278 1173 1371 1225 ipsa
1399 1175 1513 1215 inter
1544 1189 1590 1216 se
1620 1189 1738 1217 more
1766 1178 1942 1231 antiquo
1978 1178 2158 1220 ridicula

1278 1238 1447 1279 intexta
1465 1241 1652 1280 versibus
1659 1241 1866 1293 jactitare
1879 1241 2034 1293 coepitt
2059 1254 2156 1296 quae

1278 1302 1378 1342 inde
1410 1303 1577 1343 Exodia
1609 1311 1760 1355 postea
1791 1307 2026 1358 appellata,
2053 1318 2156 1347 con·

1278 1364 1478 1418 sertaque
1505 1364 1674 1406 fabellis
1703 1369 1970 1420 potissimum
1990 1368 2157 1423 Atellaq-

1278 1430 1345 1470 nis
1365 1429 1496 1470 sunt!
1537 1430 1843 1483 Appellatione
1862 1445 2058 1473 versuum
2078 1433 2155 1474 Sa·

1279 1499 1434 1546 tyram,
1452 1494 1571 1547 cujus
1592 1495 1736 1547 paullo
1756 1501 1856 1536 ante
1888 1496 2159 1547 meminerat,

1277 1556 1540 1597 intellexisse
1568 1557 1662 1598 heic
1683 1557 1863 1610 Livium,
1890 1559 2040 1611 nequit
2069 1570 2156 1600 am-

1277 1621 1391 1672 bigi:
1421 1621 1694 1674 quamobrem
1715 1621 1769 1661 ad
1801 1623 2066 1663 honestatem
2085 1633 2156 1663 ve·

1277 1685 1381 1724 teris
1409 1684 1579 1736 Satyrae
1616 1684 1768 1725 referri
1802 1685 1947 1737 debet,
1966 1685 2079 1740 quod
2099 1685 2154 1726 de

1276 1747 1499 1800 privilegio
1519 1749 1733 1789 actoribus
1748 1748 2040 1790 Atellanarum
2055 1760 2157 1791 con-

1277 1823 1397 1852 cesso
1425 1811 1610 1864 subjicit.
1666 1813 1879 1865 Satyram,
1910 1826 2006 1867 quae
2032 1811 2155 1854 Atel·

1275 1874 1382 1914 lanis
1419 1875 1665 1927 conjuncta,
1699 1881 1923 1928 nuncupat
1957 1875 2156 1917 Valerius

1276 1939 1472 1979 Italicam
1506 1940 1805 1981 severitatem:
1836 1953 1892 1981 ex
1919 1953 2005 1994 quo
2023 1951 2155 1993 appa—

1277 2010 1360 2055 ret,
1380 2007 1517 2044 totum
1537 2004 1651 2045 istud
1672 2004 1883 2056 poematis
1898 2016 2031 2056 genus
2039 2003 2154 2057 jocis

1276 2074 1322 2109 et
1354 2068 1545 2108 ridiculis
1564 2069 1691 2110 dictis
1724 2067 1964 2109 abundasse
1998 2068 2157 2122 potius,

1276 2145 1400 2186 quam
1421 2133 1598 2184 impuris
1619 2137 1747 2185 atque
1762 2131 1990 2174 obscoenis.
2030 2131 2154 2172 Idem

1276 2195 1376 2236 alibi
1396 2195 1452 2236 de
1471 2196 1673 2247 Satyrica
1685 2195 1936 2236 Graecorum
1953 2194 2154 2236 observa-

1276 2259 1423 2299 bamus
1439 2266 1462 2308 ;·
1481 2271 1532 2299 ac
1552 2258 1722 2299 videtur
1750 2271 1803 2299 ea
1828 2271 1913 2299 non
1940 2264 2155 2312 postrema

1276 2322 1408 2363 fuisse
1429 2335 1592 2375 caussa,
1622 2335 1699 2363 cur
1728 2323 1917 2363 nonnulli
1944 2335 1969 2364 e
1998 2323 2156 2364 veteri-

1277 2387 1357 2427 bus
1376 2387 1540 2428 criticis
1559 2399 1653 2428 cum
1674 2385 1885 2427 Atellanis
1904 2385 2062 2426 fabulis
2079 2386 2154 2427 Sa·

1277 2453 1438 2504 tyricas
1464 2450 1777 2503 compararint:
1822 2450 1876 2490 de
1911 2461 1997 2502 quo
2030 2449 2155 2502 plura

1277 2517 1391 2557 alibi.
1446 2516 1547 2556 Fuit
1577 2521 1624 2556 et
1643 2517 1728 2556 alia
1746 2527 1912 2566 caussa,
1931 2527 2060 2567 quam
2080 2525 2154 2566 po-

1278 2581 1485 2621 tissimum
1507 2580 1640 2620 (lubio
1669 2579 1818 2631 procul
1837 2578 1966 2618 iidem
1985 2583 2154 2630 specta-

1277 2651 1403 2696 runt3
1429 2656 1527 2685 nam
1547 2648 1595 2684 ut
1611 2642 1824 2695 Satyricae
1857 2642 2030 2695 tragicis
2058 2641 2156 2682 dra-

1276 2709 1405 2749 matis
1425 2703 1609 2761 adjecta}
1629 2711 1730 2747 sunt
1747 2719 1772 2747 a
1792 2705 1960 2747 Graecis
1975 2705 2030 2746 ad
2049 2710 2155 2748 tem·-

1278 2771 1509 2827 perandam
1542 2770 1766 2822 tragoediae
1790 2769 2060 2810 moestitiam:
2091 2769 2156 2811 sic

1278 2836 1472 2887 Satyras‚
1500 2833 1591 2873 sive
1623 2833 1791 2884 exodia,
1822 2831 2080 2872 simillimam
2098 2831 2155 2872 ob

1278 2910 1474 2940 caussam
1494 2901 1593 2949 post
1606 2895 1839 2948 tragoedias
1856 2893 2040 2947 produci
2056 2894 2157 2936 soli-

1279 2967 1361 3014 tas,
1398 2960 1614 3002 memoriae
1651 2959 1820 3013 quidam
1857 2957 2156 3011 prodiderunt.

1277 3026 1539 3068 Scholiastes
1552 3024 1750 3077 antiquus
1761 3023 1790 3066 J
1794 3022 2002 3064 uvenalis:
2021 3022 2035 3044 ‘
2049 3022 2158 3062 Exo-

1278 3091 1437 3132 diarius
1457 3089 1572 3143 apud
1600 3095 1771 3130 veteres
1795 3089 1840 3128 in
1858 3087 1941 3128 fine
1960 3086 2156 3127 ludorum

1279 3154 1487 3206 intrabat,
1528 3152 1640 3206 quod
1677 3151 1879 3192 ridiculus
1919 3150 2059 3191 foret:
2105 3154 2156 3190 ut

1279 3218 1484 3272 quicquid
1502 3218 1785 3270 lacrymarum
1804 3220 1933 3266 atque
1964 3211 2155 3257 tristitia!

1279 3281 1521 3335 coegissent
1539 3292 1593 3322 ex
1618 3278 1791 3331 tragicis
1818 3275 2060 3328 affectibus,
2082 3276 2158 3315 hu-

1269 3346 1344 3397 jus
1365 3345 1603 3398 spectaculi
1622 3344 1729 3384 risus
1748 3337 2026 3392 detergeret?
2070 3339 2158 3378 Ex·

1279 3410 1488 3451 odiarium
1504 3417 1629 3449 vocat
1647 3404 1815 3459 poetam
1831 3403 2150 3445 Atellanarum:

1280 3486 1376 3514 nam
1397 3473 1477 3514 etsi
1496 3471 1721 3512 Atellanas
1747 3468 1816 3508 hic
1836 3462 2156 3508 Grammaticus

1278 3549 1364 3580 non
1380 3536 1594 3580 nominat:
1624 3533 1678 3576 de
1707 3532 1788 3573 illis
1816 3537 1959 3574 tamen
1985 3529 2156 3583 potissi·
