2320 4004
635 325 897 365 VAnuRn
941 325 1183 364 MAXmi
1233 328 1347 365 [ΑΒ.
1390 329 1444 366 v.
1487 327 1620 365 cAP.
1648 313 1699 364 2.

251 444 544 497 summumjus
561 449 607 484 et
635 443 859 496 imperium
887 441 1128 494 esse‚quod

249 522 513 564 nequaquam
553 521 578 548 e
611 509 835 560 republica
865 520 958 547 esse
989 507 1134 546 existi-

250 575 384 615 mavit
406 573 575 622 Fabius,
596 579 644 612 ut
673 572 831 612 milites
862 572 924 611 sui
954 572 996 610 iu
1028 571 1133 610 alte-

248 638 336 678 rius
375 641 604 688 potestate,
641 641 686 675 et
719 647 883 675 summa
916 647 1056 674 rernm
1089 634 1132 672 in

246 699 428 740 hominis
450 699 665 739 temerarii
696 699 886 739 manibus
919 698 1053 750 posita
1073 696 1133 737 fo·

249 769 333 803 ret.
398 762 552 816 Itaque
599 762 772 814 partitis
815 763 949 814 copiis
992 765 1135 801 castra

248 827 509 878 diviserunt3
525 829 634 881 quod
654 827 850 868 Annibali
862 827 1022 878 duplex
1031 838 1132 878 gau-

251 891 367 932 dium
387 890 543 943 fuerat,
558 892 631 945 qui
650 893 827 932 Minucii
845 892 1132 932 temeritatem

248 954 429 995 liberam
448 955 606 996 factam
627 968 720 995 esse
742 955 931 1006 videbat,
946 960 991 995 et
1011 954 1134 994 Fabii

250 1021 524 1073 prudentiam
537 1021 695 1061 viribus
708 1021 978 1062 diminutam.
1009 1021 1134 1061 Misit

252 1083 384 1136 igitur
417 1085 573 1125 milites
605 1085 808 1137 quosdam
844 1086 896 1125 ad
927 1086 1132 1125 tumulum

250 1149 523 1200 capiendum,
561 1151 636 1203 qui
674 1152 837 1191 medius
878 1159 975 1194 erat
1020 1154 1135 1193 inter

249 1217 434 1265 utraque
482 1220 643 1266 castra,
689 1217 824 1268 magis
871 1217 1134 1258 lacessendae

249 1287 422 1329 pugnae,
441 1290 565 1330 quarn
585 1280 736 1319 tumuli
755 1281 954 1332 capiendi
975 1283 1133 1333 gratia3

247 1352 348 1380 nam
363 1341 583 1383 locaverat
598 1343 702 1383 alios
718 1343 762 1383 in
777 1344 956 1396 insidiis,
971 1352 1017 1386 et
1034 1358 1133 1386 con-

247 1409 364 1444 serto
384 1406 549 1456 praelio,
570 1419 698 1458 quum
725 1408 925 1461 utrinque
955 1410 1059 1450 totis
1079 1411 1135 1450 vi-

249 1465 367 1507 ribus
395 1474 650 1522 certaretur,
670 1483 725 1511 ex
753 1471 918 1513 insidiis
948 1475 1030 1514 orti
1059 1475 1135 1514 mi-

249 1530 347 1571 lites
367 1544 461 1573 cum
482 1533 650 1586 ingenti
664 1536 849 1577 clamore
864 1542 1032 1578 tantum
1049 1544 1134 1579 ter-

248 1608 388 1638 rorem
409 1599 593 1640 intnlere
623 1601 842 1652 Romanis,
861 1608 910 1643 ut
935 1615 1017 1643 nec
1046 1605 1135 1644 ani-

247 1671 341 1700 mus
364 1661 424 1700 ad
454 1674 654 1715 pugnam,
670 1677 751 1706 nec
779 1665 832 1705 ad
858 1665 1004 1718 fugam
1036 1680 1135 1720 spes

239 1726 448 1778 >cuiquam
493 1736 754 1780 superesset.
811 1732 920 1771 Tum
962 1733 1135 1783 Fabius,

248 1790 395 1830 audito
412 1793 658 1847 paventium
672 1795 871 1846 clamore,
886 1797 898 1818 ‘
913 1796 1009 1836 Non
1023 1799 1132 1838 cele-

242 1855 353 1906 tius,
367 1868 492 1908 quam
509 1857 645 1910 timui,
657 1859 948 1911 deprehendit
961 1859 1134 1903 fortuna

244 1921 555 1972 temeritatem,
575 1923 651 1963 sed
680 1924 935 1976 objurgandi
963 1938 1047 1966 non
1066 1933 1134 1967 est

244 1986 508 2036 tempus,sed
519 1986 813 2028 laborantibus
826 1990 1134 2030 succurrendi)

245 2045 318 2086 Ita
347 2048 557 2089 instructa
584 2051 676 2091 acie
708 2052 763 2091 de
785 2053 946 2092 vertice
975 2054 1132 2094 montis

243 2109 288 2149 in
304 2111 444 2151 hostes
458 2112 664 2165 impetum
681 2113 802 2166 fecit,
814 2129 912 2156 suos
927 2117 980 2157 ab
996 2115 1134 2158 effusa

242 2173 345 2228 fuga
365 2181 601 2231 revocavit,
613 2181 748 2221 aciem
766 2182 973 2233 restituit,
989 2184 1132 2223 hostes

243 2239 508 2292 profligavit,
536 2249 582 2282 et
614 2244 839 2284 victoriam
873 2257 1008 2298 prope
1036 2259 1131 2297 par-

246 2308 333 2356 tam
354 2317 407 2344 ex
427 2318 574 2346 eornm
591 2309 783 2348 manibus
799 2309 999 2361 extorsit,
1018 2310 1133 2350 cives

243 2379 341 2407 suos
369 2374 415 2409 et
434 2370 747 2422 Imperatorem
777 2373 933 2423 partim
955 2386 980 2412 a
997 2374 1133 2425 caede,

245 2432 402 2483 partim
431 2447 455 2474 a
484 2434 739 2485 captivitate
769 2436 986 2478 liberavit.
1047 2440 1132 2478 Pro

243 2496 368 2548 cnjus
394 2497 593 2538 beneficii
619 2497 843 2540 referenda
875 2502 1015 2552 gratia
1046 2503 1131 2542 Mi-

242 2561 386 2600 nutius
407 2562 583 2602 Fabium
606 2569 828 2615 parentem
861 2578 1033 2617 semper
1057 2579 1130 2618 ap-

241 2624 445 2675 pellavit3
463 2626 678 2665 exercitus
690 2628 1129 2682 commilitones,quo-

241 2699 336 2727 rum
366 2700 500 2740 opera
527 2691 684 2730 servati
718 2689 903 2742 fuerant,
925 2698 1128 2744 patronos

239 2758 520 2792 vocaverunt.
570 2752 828 2794 Annibalem
863 2769 1033 2808 quoque
1073 2770 1128 2797 ex

244 2814 336 2854 acie
393 2815 691 2857 discedentem
745 2819 901 2860 dixisse
950 2819 1124 2861 ferunt:

241 2878 417 2919 tandem
446 2892 540 2920 eam
571 2881 741 2933 nubem,
759 2895 854 2936 quae
884 2884 1059 2924 sederet
1087 2886 1129 2924 in

235 2941 352 2993 jugis
382 2945 607 2995 montium,
624 2947 900 2988 sollicitatam
928 2949 1130 3000 procellae

237 3009 423 3049 imbrem
470 3010 656 3054 dedisse.
714 3013 867 3056 Oliver.
937 3015 1132 3068 Contigit

241 3071 295 3112 A.
317 3074 372 3113 U.
393 3084 628 3114 ccccnxw.

294 3139 317 3189 ἕ
337 3142 362 3178 4
392 3138 517 3178 Fabio
530 3141 648 3180 alteri
664 3140 782 3181 etiam
800 3142 1000 3195 incolumi]
1029 3145 1129 3185 Non

236 3203 390 3254 solum,
435 3202 592 3255 inquit,
638 3211 807 3245 mortuo
856 3206 1006 3256 Fabio,
1052 3208 1129 3247 sed

237 3266 369 3305 etiam
389 3266 501 3314 vivo,
521 3267 699 3308 secundi
719 3269 874 3309 Punici
897 3271 999 3317 belli
1022 3277 1128 3311 tem-

242 3339 360 3378 pore,
395 3330 576 3381 populus
622 3343 668 3371 se
711 3339 879 3383 gratum
919 3335 1128 3376 exhibuit·

243 3390 350 3430 enm
387 3393 499 3434 enim
527 3393 731 3436 Dictator
763 3397 835 3436 ille
870 3398 914 3437 in
950 3399 1128 3439 Samnio

242 3460 389 3494 contra
407 3453 663 3499 Annibalem
698 3460 868 3512 missus,
887 3474 1005 3502 more
1033 3475 1127 3513 suo,

246 3515 402 3556 bellum
438 3522 726 3574 protraheret,
757 3537 811 3565 ne
839 3526 948 3578 reip.
969 3531 1129 3567 statum

242 3581 287 3622 in
321 3581 549 3626 discrimen
579 3586 771 3642 sisteret,
802 3591 1012 3632 Minatius
1039 3604 1126 3632 ma-

1935 315 2078 367 1173

1197 443 1330 493 gister
1374 445 1581 498 equitum,
1617 443 1883 495 adolescens,
1910 442 2079 486 fervore

1197 507 1381 557 quodam
1409 510 1564 548 mentis
1594 513 1839 560 provectus,
1857 507 1983 560 dixit,
2002 510 2079 549 Fa-

1198 570 1312 610 bium
1353 573 1587 622 producere
1621 573 1793 619 bellum,
1824 584 1906 625 quo
1945 573 1988 611 in
2025 586 2077 613 eo

1199 636 1449 686 magistratu
1470 637 1630 676 diutius
1663 641 1963 688 permaneret3
1993 637 2082 688 qui,

1197 697 1231 736 .κί
1251 698 1330 737 sibi
1352 699 1527 739 daretur
1547 706 1738 752 potestas
1764 699 2014 749 dimicandi,
2034 712 2080 739 se

1197 763 1324 813 paulo
1357 769 1450 814 post
1485 762 1738 803 Annibalem
1768 763 2081 803 debellaturum

1197 829 1487 876 asseveravit3
1509 834 1551 865 et
1572 828 1685 879 quod
1707 827 1858 867 virtuti
1877 826 1998 867 Fabii
2018 833 2081 866 at-

1197 890 1331 930 tribui
1348 891 1571 942 debuerat,
1589 892 1681 943 ipse
1708 892 1919 931 Minutius
1948 891 2081 931 ambi-

1197 954 1304 995 tioni
1324 955 1583 1007 assignabat.
1638 955 1784 995 Verba
1812 955 1884 994 illa
1915 956 2082 994 exerci-

1199 1026 1267 1059 tus
1301 1021 1439 1071 primo
1471 1019 1661 1071 excepit,
1682 1019 1838 1058 deinde
1867 1018 1920 1058 ad
1952 1021 2082 1058 Sena-

1198 1089 1286 1122 tum
1307 1083 1450 1123 delata
1469 1089 1585 1122 sunt.
1639 1082 1934 1134 Populusjam
1949 1082 2083 1122 taedio

1185 1146 1395 1199 affectus,
1433 1147 1546 1200 quod
1582 1147 1769 1187 Annibal
1801 1152 1890 1187 tam
1927 1146 1999 1186 diu
2038 1146 2083 1186 iu

1197 1212 1328 1252 Italia
1364 1218 1629 1264 versaretur,
1678 1211 1929 1264 magistrum
1965 1211 2084 1264 equi-

1200 1281 1287 1316 tum
1335 1276 1552 1316 Dictatori
1597 1275 1857 1328 adaequavit.
1932 1275 2085 1317 Oliver.

1198 1342 1322 1383 Fabio
1366 1346 1497 1382 autem
1535 1342 1656 1381 etiam
1690 1341 1895 1394 incolumi]
1922 1342 2088 1393 Legen-

1199 1410 1313 1456 dum,
1335 1409 1455 1449 Fabio
1468 1409 1585 1449 alteri
1604 1408 1725 1448 etiam
1737 1407 1935 1448 incolumi.
1964 1407 2086 1448 Alio-

1198 1475 1298 1527 quin
1319 1474 1450 1515 etiam
1483 1472 1700 1518 Rulliano,
1718 1473 1838 1526 cujus
1867 1477 1968 1512 ante
1997 1483 2084 1512 me>-

1197 1536 1339 1588 minit,
1401 1537 1493 1577 haec
1567 1535 1752 1576 adscribi
1808 1535 2085 1576 videbuntur.

1197 1603 1387 1653 Pighius.

1252 1666 1302 1706 In
1338 1664 1520 1717 Samnio]
1558 1664 1612 1704 In
1643 1677 1746 1717 agro
1781 1663 1991 1716 Larinati,
2014 1664 2087 1704 -in·

1199 1730 1292 1783 quit
1309 1731 1469 1771 Livius.
1530 1731 1696 1770 carrad.

1250 1794 1376 1846 Jugo]
1423 1793 1690 1846 AEquilibrio.
1743 1794 1871 1846 Jugo]
1934 1793 2083 1834 Onere

1197 1859 1317 1911 gravi
1337 1859 1523 1911 imperii.

1254 1923 1365 1974 Tam,
1379 1923 1468 1974 ξω]
1498 1924 1694 1975 Contigit
1716 1921 1768 1963 A.
1787 1923 1842 1962 U.
1864 1932 1975 1979 nm.

1250 1988 1440 2033 Quintius
1466 1988 1672 2028 Terentius
1694 1987 1830 2039 Culeo]
1870 1985 2013 2025 Livius
2042 1984 2085 2024 iu

1189 2051 1281 2092 -fine
1314 2052 1492 2092 secundi
1521 2051 1677 2092 Punici
1706 2050 1841 2090 belli:
1870 2050 1882 2070 ⁴
1904 2049 2086 2089 Cartha-

1197 2116 1442 2169 ginienses,’
1460 2116 1616 2169 inquit,
1634 2116 1811 2166 ‘longas
1835 2126 1980 2164 naves,
2001 2114 2084 2154 ele-

1197 2182 1381 2233 phantos
1402 2180 1620 2233 perfugaS,
1637 2178 1841 2232 fugitivos
1869 2178 2084 2230 captivos,

1195 2247 1466 2297 captivorum
1505 2250 1690 2296 quatuor
1722 2243 1854 2283 millia
1896 2242 2086 2283 tradide-

1196 2314 1310 2360 runt,
1325 2306 1442 2349 inter
1474 2321 1578 2361 quos
1598 2309 1653 2350 Q.
1675 2307 1909 2347 Terentius
1944 2307 2078 2347 Culeo

1193 2373 1378 2412 Senator
1396 2372 1510 2412 fuit.’
1569 2371 1719 2411 Oliver.

1249 2438 1405 2478 Pileum
1423 2436 1550 2488 capite
1562 2435 1721 2486 gerens]
1751 2434 1907 2474 Pileum
1928 2445 2084 2484 gerere,

1193 2501 1360 2553 signum
1371 2508 1482 2552 erat,
1494 2500 1624 2539 fuisse
1638 2499 1841 2539 libertate
1852 2498 2055 2539 donatum
2068 2512 2080 2547 ς

1192 2566 1462 2618 significabat
1483 2565 1596 2605 enim
1623 2576 1669 2603 se
1689 2563 1848 2603 virtute
1867 2562 2081 2615 Scipionis

1191 2636 1496 2683 tempestatem
1525 2627 1746 2668 servitutis
1768 2627 1968 2668 evasisse.
1999 2625 2085 2666 Oli-

1188 2707 1271 2735 ver.

1245 2760 1266 2811 §
1286 2762 1313 2798 6
1345 2758 1403 2798 At
1424 2756 1644 2798 Flaminini
1671 2757 1718 2796 de
1737 2755 1944 2808 Philippo]
1981 2755 2083 2794 Phi-

1189 2825 1333 2874 lippus
1358 2834 1434 2861 rex
1467 2821 1739 2861 Macedoniae
1774 2820 1965 2860 secundo
1994 2820 2080 2859 Pu-

1189 2889 1287 2928 nico
1335 2887 1447 2927 bello
1494 2898 1590 2926 cum
1651 2884 2079 2942 Carthaginiensibus

1189 2952 1421 3003 consensit,
1443 2957 1488 2991 et
1506 2951 1664 2991 bellum
1685 2950 1888 2990 Romanis
1919 2948 2080 2996 intulit,

1189 3017 1262 3056 ubi
1291 3028 1369 3069 per
1388 3016 1526 3056 varios
1545 3027 1668 3054 casus
1698 3014 1835 3053 multa
1864 3013 2079 3053 Romano-

1191 3093 1283 3120 rum
1305 3081 1459 3121 civium
1482 3080 1626 3130 capita
1645 3078 1776 3130 cepit,
1797 3089 1892 3129 quae
1923 3075 2081 3115 deinde

1192 3146 1248 3187 Q.
1273 3144 1500 3184 Flaminini
1520 3143 1681 3182 virtute
1706 3148 1749 3182 et
1776 3140 1992 3180 felicitate
2015 3151 2079 3177 re-

1190 3213 1400 3260 cuperata
1437 3208 1530 3259 ejus
1569 3204 1873 3256 triumphantis
1906 3214 2075 3242 currum

1189 3273 1353 3324 pileata
1379 3271 1499 3323 sequi
1532 3270 1770 3317 voluerunt,
1799 3266 1871 3318 qui
1906 3264 2076 3316 quidem

1190 3335 1432 3386 triumphus
1475 3345 1560 3372 non
1598 3331 1737 3370 minus
1777 3327 1984 3379 gloriosus
2021 3326 2076 3366 ob

1189 3405 1414 3452 superatos
1441 3397 1601 3445 hostes,
1620 3405 1745 3445 quam
1773 3392 1932 3431 liberos
1959 3389 2075 3430 cives

1191 3462 1429 3504 Flaminino
1448 3460 1581 3499 fuisse
1602 3456 1785 3496 videtur.
1841 3455 1966 3494 Idem.

1242 3527 1308 3566 De
1340 3523 1525 3573 Philippo
1559 3517 1672 3569 rege]
1720 3515 1983 3556 Plutarchus
2017 3515 2072 3556 de

1191 3586 1392 3636 Nabide;
1438 3583 1513 3623 sed
1559 3581 1687 3621 male.
1743 3579 1850 3620 Cum
1901 3578 2074 3619 Valerio
