2320 4004
378 284 520 340 1208

378 422 511 470 atque
537 415 800 457 Coloniensis
827 415 1137 458 demonstrant.
1167 416 1256 458 No·

376 493 442 521 vae
454 481 566 521 enim
579 480 783 520 orationis
801 479 968 520 initium
987 479 1150 532 adjicit,
1164 479 1252 520 ita:

375 547 440 587 Ne
454 546 584 598 patris
610 545 736 596 magis
762 557 875 596 quam
899 540 1099 596 pontificis
1123 548 1256 596 partes

374 609 501 660 egisse
518 611 730 659 videretur,
755 609 875 660 Tolle,
901 608 1046 660 inquit,
1073 610 1251 648 cadaver.

374 671 481 712 Quae
503 671 635 717 verba
653 671 823 711 Horatii
844 672 1028 711 consulis
1044 679 1155 722 sunt,
1174 672 1250 712 sed

371 735 541 788 reliqua
560 735 716 775 desunt
741 735 830 787 ejus
860 735 1039 787 periodi,
1066 736 1248 789 ideoque

372 799 621 839 asteriscum
643 798 835 850 adjunxi,
849 804 898 839 ut
909 798 1123 852 intelligas
1137 813 1247 852 quae-

371 862 468 902 dam
488 862 757 902 desiderari:
801 863 934 904 Velut
962 868 1007 903 et
1034 864 1128 915 ipse
1154 877 1247 904 sen-

371 940 440 967 sus
475 927 653 969 indicat.
719 928 919 980 Suppleri
946 928 1120 981 quidem
1152 941 1247 969 sen-

370 993 509 1033 tentia
541 993 601 1034 sic
630 998 791 1045 potest,
824 993 986 1045 ‘Tolle,
1012 994 1248 1047 inquit,ca-

369 1056 520 1105 daver:
553 1057 696 1109 nilque
717 1056 831 1096 aliud
861 1056 1085 1108 adjiciens,
1102 1058 1247 1110 incep-

369 1126 455 1160 tam
478 1121 560 1162 rite
586 1122 878 1173 precationem
908 1121 1106 1173 peregit!
1148 1122 1246 1163 Hoc

368 1183 481 1223 idem
511 1197 563 1225 ex
594 1184 712 1224 Livio
738 1184 1047 1236 cognoscimus,
1073 1197 1127 1225 ex
1161 1198 1245 1238 quo

367 1247 564 1286 Valerius
583 1247 662 1287 hoc
683 1248 924 1298 exemplum
934 1248 1165 1299 'sumpsisse
1184 1250 1245 1289 vi-

367 1309 519 1350 detur:
566 1322 662 1350 nam
701 1310 754 1350 de
788 1311 936 1350 eadem
971 1323 1016 1350 re
1054 1312 1124 1351 ille
1158 1314 1243 1364 sic;

365 1374 377 1397 ‘
400 1375 518 1415 Nihil
540 1376 655 1416 aliud
677 1377 728 1415 ad
750 1388 845 1416 eum
877 1378 1097 1429 nuncium,
1117 1391 1242 1431 quam

365 1445 415 1479 ut
451 1439 634 1479 cadaver
680 1438 827 1480 efferri
862 1440 1055 1492 juberet,
1094 1447 1242 1482 tenens

366 1509 532 1556 postem
553 1505 843 1555 precationem
860 1506 1045 1557 peragit,
1063 1511 1107 1546 et
1128 1506 1244 1546 dedi·

365 1572 436 1607 cat
455 1568 689 1619 templum.'
717 1568 841 1618 Pigh.
931 1570 935 1574 ’

422 1631 546 1683 Tolle,
564 1630 713 1683 inquit]
745 1631 918 1671 Desunt
947 1631 1039 1672 haec
1072 1632 1113 1672 in
1135 1632 1244 1673 anti·

366 1694 459 1746 quis
488 1695 609 1734 meis.
655 1696 706 1734 In
724 1695 891 1735 Seneca
912 1696 1016 1736 item
1047 1702 1092 1736 et
1120 1698 1242 1738 Cice-

365 1769 483 1798 rone.
538 1758 766 1798 Subscribo
794 1764 937 1798 tamen
968 1759 1119 1799 lubens
1147 1772 1241 1800 sen-

363 1821 514 1862 tentiae
535 1822 808 1862 eruditissimi
830 1822 993 1875 Pighii,
1016 1827 1061 1862 ct
1080 1823 1243 1874 sagaci-

363 1891 498 1925 tatem
518 1885 642 1926 istam
659 1886 807 1926 lubens
827 1898 1024 1937 agnosco.
1066 1886 1239 1928 Servius

364 1951 491 2001 paulo
513 1951 653 1990 aliter.
697 1950 749 1989 In
769 1962 819 1989 eo
841 1957 909 1989 est
929 1950 1123 2001 pollutio,
1145 1963 1239 2002 quae

363 2014 447 2054 ait:
497 2014 510 2036 ‘
540 2014 735 2066 Casuque
782 2013 968 2053 animum
1009 2025 1240 2054 concussus

363 2076 518 2116 amici.’
548 2078 658 2118 Nam
675 2078 768 2128 ipsa
783 2076 962 2128 impiant
980 2090 1073 2129 quae
1091 2090 1242 2130 agnos-

363 2139 510 2179 cimus,
574 2139 700 2179 Unde
721 2139 764 2178 in
784 2138 905 2179 Livio
924 2138 1128 2180 habemus
1149 2141 1240 2180 Ho-

363 2202 513 2242 ratium
553 2203 799 2252 Pulvillum,
841 2213 936 2243 cum
980 2203 1240 2254 Capitolium

361 2265 562 2306 dedicare
597 2267 742 2318 vellet,
771 2266 940 2307 audisse
969 2266 1022 2306 ab
1054 2267 1241 2319 inimico,

360 2335 575 2369 mortuum
593 2328 750 2370 filium:
782 2335 827 2369 et
843 2341 896 2369 ne
915 2330 1101 2382 pollutus
1122 2330 1240 2371 dedi·

362 2405 462 2434 care
483 2406 567 2434 non
596 2399 760 2446 posset,
787 2394 1073 2447 respondisse,
1091 2395 1241 2436 CADA-

363 2469 458 2498 vnn
476 2469 558 2499 srr.
590 2459 716 2500 Coler.

415 2524 485 2574 §2
513 2523 702 2563 AEmilius
734 2523 918 2574 Paullus]
967 2524 1017 2564 L.
1046 2524 1240 2564 AEmilius

360 2585 555 2637 Paullus,
581 2587 676 2638 ejus
709 2587 850 2627 Paulli
881 2585 1009 2639 filius,
1031 2588 1102 2640 qui
1123 2587 1239 2640 apud

336 2649 528 2689 .Cannas
577 2650 754 2701 cecidit,
811 2652 951 2702 primo
1000 2652 1240 2702 consulatu,

361 2725 504 2766 quem,
514 2717 560 2752 ut
573 2713 709 2765 inquit
727 2713 866 2753 Autor
878 2713 932 2753 de
944 2713 1057 2752 Viris
1071 2714 1236 2753 Illustr.

360 2783 460 2830 post
490 2783 576 2818 tres
603 2779 796 2830 repulsas
831 2777 1012 2828 adeptus
1043 2783 1153 2827 erat,
1182 2777 1237 2816 de

358 2842 587 2894 Liguribus
601 2842 895 2893 triumphavit.
918 2841 1082 2881 Iterum
1092 2840 1239 2880 consul

360 2904 525 2945 Persen
540 2905 732 2957 Philippi
746 2904 894 2956 filium,
907 2910 952 2944 et
968 2903 1238 2943 Macedoniae

358 2981 503 3022 regem
531 2969 645 3021 apud
673 2969 971 3008 Samothracas
987 2967 1146 3006 victum
1167 2977 1236 3006 ce-

360 3034 442 3086 pit,
461 3039 507 3074 et
534 3034 694 3074 victum
723 3030 859 3082 flevit,
880 3036 926 3071 et
951 3030 1030 3070 sibi
1049 3029 1237 3070 assidere

352 3097 494 3148 jussit,
513 3109 563 3137 ac
578 3097 749 3137 demum
765 3095 808 3135 in
825 3095 1084 3147 triumphum
1099 3093 1237 3132 duxit.

363 3160 512 3199 Oliver.
655 3201 658 3203 ,

414 3224 464 3263 In
490 3220 732 3272 Corneliam]
766 3220 851 3263 Qui
881 3219 1023 3271 Scipio
1051 3218 1237 3259 AEmilia·

358 3299 438 3327 nus
458 3287 601 3327 dictus
620 3291 702 3326 est.

411 3352 595 3391 Maximo
639 3347 849 3402 proventu]
905 3346 1096 3387 Maximo
1141 3356 1237 3385 suc·

360 3427 511 3456 cessu:
538 3426 635 3454 nam
654 3412 915 3466 provinciam
935 3415 1070 3451 totam
1089 3408 1236 3448 Mace-

360 3477 530 3518 doniam
562 3475 742 3517 consilio
774 3479 821 3514 et
849 3472 974 3513 armis
995 3471 1239 3522 subegerat,

360 3553 504 3594 regem
525 3540 703 3580 Persem
734 3542 928 3592 ceperat,
956 3541 1002 3578 et
1026 3535 1070 3576 in
1094 3534 1238 3575 trium-

958 297 1139 338 No'rAE
1179 296 1513 338 vAmoRUM
1557 299 1622 342 IN

1317 417 1444 469 plnum
1460 417 1657 460 duxerat.
1689 419 1799 459 Oliv.

1371 486 1392 536 ξ
1412 488 1436 524 3
1468 485 1520 530 Q.
1542 486 1718 525 Martius
1740 486 1831 526 Rex
1844 485 2052 538 superioris
2071 487 2190 527 Cato-

1313 548 1375 586 nis
1409 549 1452 587 in
1488 551 1690 589 consulatu
1729 549 1896 600 collega]
1941 549 2012 589 Ita
2048 550 2190 601 vulgo.

1316 610 1414 649 Duo
1429 611 1575 650 Martii
1589 612 1730 663 Reges
1746 612 1799 651 ad
1815 613 2077 652 consulatum
2095 615 2192 664 per'-

1312 679 1536 723 venerunt,
1569 679 1694 725 pater
1726 680 1772 715 et
1799 675 1927 716 filius.
1971 677 2010 715 E
2036 675 2187 729 quibus

1312 742 1435 788 pater
1450 737 1506 778 A.
1522 738 1578 779 U.
1597 749 1806 779 Dcxxxv.
1822 740 1968 780 consul
1986 738 2083 790 fuit,
2103 751 2188 779 non

1310 811 1405 840 cum
1467 801 1630 841 Catone
1689 802 1926 854 superiore,
1980 804 2190 853 censorio,

1310 864 1667 915 quemadmodum
1698 877 1753 906 ex
1780 866 1843 906 his
1870 866 2011 907 verbis
2030 877 2186 918 perpe-

1310 939 1399 966 ram
1421 929 1588 980 seriptis
1621 930 1889 982 intelligitur,
1907 929 1981 970 sed
2006 942 2100 970 cum
2121 930 2186 970 Μ.

1310 991 1475 1031 Catone
1507 993 1691 1033 censorii
1709 999 1885 1045 nepote,
1905 994 1977 1046 qui
1991 991 2188 1035 Africam

1309 1055 1484 1095 sortitus
1523 1057 1670 1096 consul
1701 1057 1743 1096 in
1778 1070 1831 1096 ea
1868 1056 2088 1108 provincia
2120 1062 2186 1097 est

1309 1124 1514 1171 mortuus,
1532 1125 1580 1160 ut
1599 1120 1774 1172 pulchre
1799 1120 1993 1160 declarat
2018 1119 2185 1160 Gellius

1307 1183 1383 1223 lib.
1406 1194 1511 1224 xm.
1531 1197 1627 1237 cap.
1648 1189 1714 1225 18.
1756 1185 1888 1224 Filius
1909 1185 1964 1226 Q.
1990 1183 2182 1224 Marcius

1309 1247 1419 1286 solus
1440 1251 1590 1298 postea
1614 1249 1878 1287 consulatum
1905 1247 2055 1299 gessit,
2073 1258 2185 1286 anno

1307 1308 1424 1349 urbis
1445 1321 1678 1351 ncnxxxv.
1699 1315 1747 1350 ut
1775 1309 1990 1350 docebunt
2008 1308 2183 1349 annales

1306 1371 1459 1412 nostri.
1514 1371 1694 1412 Patrem
1723 1372 1884 1424 itaque,
1919 1371 2184 1423 superiorem

1306 1434 1517 1474 Marcium
1537 1446 1680 1486 regem
1695 1433 1950 1475 differentias
1963 1445 2093 1475 causa
2110 1445 2184 1474 vo-

1306 1503 1380 1537 cat
1407 1499 1619 1550 Valerius,
1648 1510 1778 1552 quare
1807 1499 1869 1539 ita
1905 1498 2185 1549 corrigendus

1305 1566 1373 1601 est
1404 1562 1545 1603 locus:
1587 1564 1640 1608 Q.
1671 1563 1853 1602 Marcius
1879 1562 1970 1602 Rex
1993 1561 2184 1614 superior,

1308 1626 1471 1665 Catonis
1489 1627 1532 1666 in
1550 1628 1751 1666 consulatu
1764 1627 1924 1676 collega.
1951 1624 2076 1677 Pigh.

1358 1688 1571 1729 Strenuum
1588 1689 1794 1741 consulem]
1821 1688 2027 1730 Vocando
2048 1688 2183 1729 Sena-

1306 1756 1394 1792 tum
1416 1752 1456 1791 in
1477 1752 1655 1794 curiam.

1359 1815 1538 1868 Partiri]
1571 1815 1675 1867 Legi
1707 1826 1874 1869 quoque
1903 1819 2069 1867 potest,
2084 1826 2179 1867 pur-

1303 1878 1374 1916 tiri
1388 1878 1592 1929 potuisset,
1613 1878 1656 1918 id
1675 1884 1757 1930 est,
1774 1879 1983 1929 dividere,
2003 1883 2079 1918 aut
2097 1877 2182 1918 dis—

1304 1942 1498 1993 tinguere
1527 1943 1667 1982 lucem
1699 1942 1822 1982 unius
1854 1941 1940 1982 diei
1967 1942 2082 1982 inter
2109 1953 2183 1994 pa-

1304 2011 1413 2045 trem
1437 2007 1746 2057 calamitosum,
1779 2006 1822 2046 id
1854 2012 1938 2056 est,
1962 2005 2074 2045 diem
2097 2018 2180 2058 quo

1302 2069 1428 2109 funus
1462 2078 1707 2122 peregerat,
1743 2076 1789 2110 et
1825 2070 2042 2110 consulem
2071 2074 2181 2110 stre-

1302 2146 1448 2186 nuum,
1493 2134 1538 2173 id
1585 2139 1665 2185 est,
1711 2134 1838 2184 diem,
1877 2146 1960 2186 quo
1995 2133 2183 2173 consulis

1302 2203 1447 2249 partes
1468 2202 1788 2250 exsequeretur,
1821 2195 1962 2236 officio
1985 2201 2183 2236 cessante

1302 2261 1347 2300 in
1368 2267 1521 2301 neutra
1548 2267 1688 2313 parte,
1713 2261 1818 2301 licet
1845 2265 2074 2313 utrumque
2092 2271 2180 2301 non

1300 2325 1477 2367 fecisset
1495 2339 1579 2367 uno
1599 2326 1684 2368 die.
1715 2327 1822 2367 Bad.

1356 2394 1467 2434 ΕΧΤ.
1487 2394 1510 2445 §
1528 2397 1550 2433 l
1580 2393 1774 2445 Princeps
1787 2391 2087 2432 Atheniensium
2098 2391 2178 2431 Pe-

1300 2457 1432 2509 ricles]
1480 2457 1722 2497 Coronatus
1750 2457 1820 2495 hic
1853 2454 2096 2505 incedebat,
2134 2458 2182 2494 et

1299 2521 1473 2573 Jupiter
1493 2520 1720 2572 Olympius
1748 2516 2068 2572 appellabatur,
2087 2521 2179 2556 tan-

1300 2590 1389 2624 tum
1408 2584 1594 2623 licentiae
1616 2582 1764 2623 habuit
1793 2583 1855 2622 vir
1886 2581 1975 2628 ille,
2008 2585 2177 2621 tantum

1299 2646 1414 2698 apud
1448 2646 1651 2697 populum
1687 2645 1866 2696 gratiae:
1895 2655 1979 2683 nec
2007 2642 2176 2681 mirum.

1301 2710 1413 2748 Nam
1432 2708 1746 2749 Lacedaemonii
1776 2718 1972 2759 agrorum
2001 2705 2179 2757 popula-

1302 2773 1488 2813 tionibus
1522 2771 1668 2822 fracti,
1696 2779 1799 2823 quas
1833 2768 2018 2810 Periclis
2038 2773 2082 2808 et
2098 2769 2177 2809 So-

1299 2835 1462 2887 phoclis
1479 2834 1613 2874 ductu
1635 2834 1748 2886 passi
1766 2832 1952 2883 fuerant,
1981 2831 2024 2871 in
2044 2843 2178 2871 annos

1300 2899 1479 2950 triginta
1525 2910 1671 2949 pacem
1714 2896 1999 2948 pepigerunt3
2046 2899 2179 2946 rupto

1297 2961 1454 3001 deinde
1474 2960 1587 3000 intra
1600 2959 1844 3012 quindecim
1864 2969 1994 2997 annos
2012 2956 2178 2998 foedere

1299 3039 1394 3067 cum
1415 3031 1666 3077 contemptu
1683 3025 1875 3064 Deorum
1896 3027 2024 3074 atque
2045 3021 2176 3064 homi-

1297 3103 1415 3141 num,
1438 3089 1544 3129 fines
1564 3089 1736 3129 Atticos
1757 3087 2031 3140 populantur,
2057 3090 2103 3125 et
2119 3094 2175 3124 ne

1299 3153 1490 3206 praedam
1513 3153 1654 3204 potius
1680 3163 1806 3204 quam
1839 3160 2023 3201 pugnam
2043 3158 2174 3199 expe-

1297 3217 1416 3257 tiisse
1445 3216 1707 3266 viderentur,
1735 3216 1880 3254 hostes
1899 3212 1952 3252 ad
1979 3212 2174 3263 proelium

1298 3286 1563 3333 provocant:
1595 3278 1670 3319 sed
1689 3276 1976 3317 Athenienses
1995 3274 2174 3315 consilio

1298 3343 1481 3383 Periclis
1512 3341 1631 3381 ducis
1664 3337 1962 3390 sapientissimi
1995 3337 2174 3390 popula-

1299 3406 1423 3446 tionis
1455 3403 1651 3456 injuriam
1687 3400 1892 3441 differunt
1923 3401 1967 3441 in
2006 3407 2172 3452 tempus

1297 3469 1486 3520 ultionis,
1504 3478 1806 3519 supervacuam
1827 3477 2010 3517 pugnam
2028 3464 2174 3506 existi-

1297 3538 1476 3584 mantes,
1506 3543 1603 3572 cum
1628 3529 1774 3573 ulcisci
1798 3530 1962 3570 hostem
1989 3529 2079 3571 siue
2099 3539 2172 3580 pe·-
