2346 3996
349 302 491 357 1258

345 436 419 475 nia
459 441 658 488 negasset
703 438 875 477 nuntius
917 449 1013 478 esse
1059 437 1218 481 facta:

346 500 533 551 Bellum,
557 501 710 554 inquit,
734 507 820 542 tam
850 502 1060 556 integrum
1091 505 1218 547 habe-

344 577 454 616 mus,
471 577 596 617 quam
615 566 852 618 habuimus,
877 580 960 620 qua
989 568 1059 609 die
1087 568 1220 609 Anni-

345 626 414 667 bal
460 627 629 668 Italiam
672 634 739 668 est
779 629 1006 681 ingressus.
1071 633 1217 675 Quare

342 701 499 730 censeo
519 690 681 742 legatos
700 691 755 730 de
782 705 887 744 pace
906 696 1215 747 quamprimum

341 752 590 803 mittendos,
620 766 717 794 cum
746 768 839 796 eam
872 757 1057 798 habituri
1084 759 1214 800 simus

339 817 653 858 conditionibus
710 820 830 861 nobis
885 822 1214 875 honestioribus,

338 892 465 932 quam
497 880 599 922 illis.
652 884 781 931 ,Quod
818 885 853 924 si
883 885 1102 939 fecissent,
1134 900 1213 928 nec

334 956 391 986 eo
412 944 525 985 bello
551 946 778 988 tributaria
807 961 909 1002 pop.
936 952 1060 992 Rom.
1093 951 1214 993 facta

337 1007 508 1061 fuisset,
545 1022 625 1051 nec
659 1013 790 1053 tertio
821 1014 1012 1055 funditus
1049 1028 1213 1058 eversa.

339 1074 489 1115 Oliver.
542 1074 621 1115 Sed
637 1078 763 1116 nescio
780 1091 830 1118 an
850 1078 1061 1120 Hannonis
1087 1082 1213 1120 excel·

333 1136 562 1178 lentissimae
599 1141 816 1189 prudentiae
861 1143 1083 1195 consilium]
1141 1144 1211 1183 Ita

332 1200 488 1251 vulgo:
533 1203 831 1255 excellentioris,
877 1205 921 1244 in
967 1206 1211 1259 Campensi.

334 1262 498 1304 Recte:
548 1268 870 1318 comparatione
928 1268 1047 1310 facta
1093 1271 1209 1311 inter

332 1325 457 1377 duos,
485 1326 730 1379 Agesilaum
764 1332 933 1372 scilicet
960 1338 1003 1372 et
1032 1333 1208 1373 Hanno·

330 1401 445 1441 nem,
476 1398 525 1433 ut
557 1406 675 1435 more
705 1408 781 1436 suo
810 1398 1006 1450 exempla
1033 1398 1143 1438 iuter
1161 1411 1208 1439 se

329 1454 594 1498 cohaereaut.
626 1459 812 1510 Pighius.

325 1549 329 1555 -
387 1521 522 1562 Trium
549 1524 783 1576 modiorum]
830 1525 927 1566 Liv.
958 1526 1032 1567 lib.
1064 1538 1207 1569 xxur.

328 1583 425 1626 dec.
462 1587 642 1627 secundi
675 1589 830 1630 Punici
867 1589 996 1631 belli:
1027 1591 1125 1631 ‘Ad
1158 1592 1205 1632 fi-

327 1647 457 1701 dem‚’
483 1650 640 1703 inquit,
670 1654 682 1675 ‘
709 1653 867 1694 deinde
903 1654 1097 1695 laetarum
1142 1668 1205 1697 re·

324 1724 420 1754 rum
441 1714 746 1769 effundijussit
764 1719 805 1758 in
833 1719 1046 1760 vestibulo
1073 1721 1203 1761 curiae

327 1778 504 1818 annulos
538 1792 704 1832 aureos,
740 1782 812 1835 qui
846 1787 989 1823 tantus
1028 1796 1203 1824 acervus

325 1839 426 1892 fuit,
456 1846 504 1882 ut
533 1844 810 1886 metientibus
834 1846 1054 1887 dimidium
1073 1861 1204 1901 supra

325 1907 416 1944 tres
459 1906 623 1947 modios
669 1909 866 1960 explesse
902 1910 989 1950 sint
1029 1912 1202 1964 quidam

325 1975 540 2011 auctores.
594 1971 724 2012 Fama
761 1973 915 2024 tenuit,
953 1976 1065 2026 quod
1104 1989 1202 2028 pro-

323 2032 421 2084 pior
449 2038 516 2073 est
549 2047 663 2087 vero,
686 2036 797 2077 haud
829 2038 923 2089 plus
954 2037 1086 2079 fuisse
1113 2052 1197 2080 mo·

318 2097 425 2139 dio.'
463 2100 610 2141 Oliver.

374 2163 396 2214 ς
414 2166 465 2203 17
485 2164 571 2204 Nec
587 2163 803 2217 Samnites]
820 2166 943 2207 Bello
963 2167 1197 2209 Samnitico

317 2225 365 2266 T.
392 2226 599 2268 Veturius
629 2234 675 2269 et
694 2228 748 2269 A.
779 2231 1055 2271 Posthumius
1077 2233 1196 2274 Coss.

318 2300 415 2330 cum
449 2292 686 2332 exercitum
716 2292 941 2334 duxissent
965 2295 1009 2334 in
1035 2296 1197 2337 Samni-

316 2364 402 2401 um,
449 2354 629 2395 Pontius
673 2356 920 2399 Herennius
958 2360 1196 2401 Samnitum

316 2415 562 2468 Imperator
595 2419 751 2461 milites
789 2420 938 2461 decem
976 2430 1196 2475 pastorum

314 2478 463 2520 habitu
509 2482 662 2535 mittit,
719 2496 964 2538 pecoraque
1005 2486 1196 2528 diversos

314 2543 419 2583 alios
436 2544 538 2585 alibi
558 2558 737 2598 pascere
748 2547 892 2600 jubet,
911 2549 1023 2590 haud
1045 2552 1195 2603 procul

314 2606 519 2648 Romanis
539 2611 765 2663 praesidiis,
782 2617 828 2652 et
848 2625 942 2652 cum
963 2614 1194 2656 inciderint

313 2669 357 2709 in
376 2671 657 2724 praedatores,
681 2680 728 2716 nt
755 2675 868 2716 idem
888 2678 1084 2719 omnibus
1104 2692 1194 2720 ser-

312 2745 383 2774 mo
424 2742 609 2787 constet,
643 2739 836 2790 legiones
873 2742 1112 2783 Samnitum
1149 2744 1193 2784 in

311 2796 474 2848 Apulia
507 2812 618 2852 esse,
649 2803 872 2844 Luceriam
900 2806 1094 2846 omnibus
1121 2819 1193 2848 co·

310 2861 394 2913 piis
411 2862 741 2916 circumsedere,
761 2878 842 2907 nec
861 2869 1010 2920 procul
1023 2870 1190 2923 abesse,

312 2925 413 2976 quin
440 2926 483 2966 vi
513 2928 704 2980 capiant.
758 2930 857 2972 Jam
885 2931 1017 2972 etiam
1047 2945 1191 2974 rumor

309 2987 393 3028 iste
424 2994 555 3030 antea
586 2990 640 3030 de
662 2991 874 3033 industria
899 2995 1097 3046 vulgatus
1118 3009 1189 3036 ve·

309 3058 436 3094 nerat
462 3054 516 3094 ad
549 3055 794 3108 Romanos;
823 3057 895 3098 sed
930 3058 1057 3100 fidem
1086 3073 1188 3100 aux-

309 3128 384 3156 ere
404 3117 584 3169 captivi‚
611 3131 664 3158 eo
691 3121 890 3171 maxime,
919 3123 1029 3174 quod
1050 3135 1188 3164 sermo

305 3179 423 3219 inter
453 3192 600 3222 omnes
635 3184 926 3236 congruebat:
972 3198 1053 3227 nou
1092 3194 1188 3228 erat

303 3243 499 3296 dubium,
527 3245 628 3298 quin
656 3247 868 3288 Romanus
896 3260 1022 3301 opem
1053 3249 1188 3291 ferret

307 3307 531 3347 Lucerinis
554 3309 675 3349 bonis
689 3316 734 3350 et
745 3308 942 3351 fidelibus
957 3313 1083 3353 sociis
1099 3327 1108 3352 :
1132 3314 1187 3352 si-

303 3370 467 3410 mulne
494 3370 653 3424 Apulia
678 3373 814 3414 omnis
842 3373 897 3414 ad
930 3382 1185 3427 praesentem

305 3439 514 3474 terrorem
559 3434 782 3489 deficeret,
827 3449 881 3478 ea
924 3439 1067 3491 modo,
1103 3452 1186 3492 qua

302 3497 436 3549 irent,
449 3500 709 3540 consultatio
724 3500 828 3542 fuit:
843 3514 939 3542 nam
953 3503 1047 3544 duae
1061 3510 1185 3544 erant

305 3560 404 3614 viae,
426 3563 565 3603 altera
579 3571 739 3616 praeter
754 3579 871 3608 oram
895 3568 1023 3609 maris
1040 3569 1184 3622 superi

927 321 1104 361 No'rAE
1147 323 1476 366 VARIORUM
1518 329 1583 367 IN

1283 443 1465 496 longior,
1484 446 1558 486 sed
1582 447 1727 499 tutior,
1746 450 1882 491 alt’era
1908 464 1984 503 per
2004 454 2161 495 Caudi-

1281 517 1357 545 nas
1379 507 1583 549 Furculas
1614 510 1798 564 brevior,
1831 514 1907 554 sed
1937 518 2158 568 angustior

1283 575 1327 621 et
1356 571 1655 622 periculosior.
1712 577 1929 631 Consules,
1953 588 1999 620 ut
2021 589 2157 624 matu·

1280 634 1367 673 rius
1404 647 1528 686 opem
1561 637 1678 679 ferre
1707 648 1882 692 possent
1910 646 2051 696 sociis,
2077 659 2157 699 per

1281 697 1493 740 Caudinas
1519 701 1726 743 Furculas
1751 705 1838 746 iter
1867 705 2092 760 facientes,
2110 710 2154 750 in

1279 761 1416 801 locum
1452 764 1720 817 periniquum
1753 768 1860 820 lapsi
1890 778 2004 824 sunt,
2041 773 2154 815 unde

1276 834 1357 865 nec
1401 828 1618 878 progredi,
1654 841 1734 870 nec
1773 833 1924 884 egredi
1963 844 2154 887 possent.

1277 885 1492 928 Samnites
1511 890 1658 942 igitur,
1689 905 1783 933 cum
1811 897 2045 939 exercitum
2069 901 2152 942 Ro-

1276 962 1447 991 manum
1467 953 1579 993 inter
1597 962 1762 996 montes
1791 958 1996 1001 inclusum
2025 963 2153 1004 babe-

1275 1021 1388 1066 rent,
1415 1019 1665 1059 nesciebant
1693 1021 1737 1061 in
1771 1027 1858 1062 tam
1887 1024 1996 1064 laetis
2024 1027 2151 1068 rebus

1274 1077 1384 1118 inire
1412 1081 1646 1132 consilium,
1673 1085 1774 1136 qnid
1797 1086 1853 1126 de
1871 1087 2072 1129 Romanis
2092 1091 2154 1130 in-

1274 1141 1401 1182 clusis
1418 1142 1660 1185 faciendum
1685 1154 1816 1190 esset.
1871 1150 2026 1203 Itaque
2059 1154 2152 1194 uni-

1272 1205 1385 1245 versi
1405 1206 1671 1249 Herennium
1693 1211 1896 1252 Pontium
1911 1213 2153 1266 Imperato-

1273 1268 1330 1308 ris
1363 1276 1528 1322 patrem
1558 1285 1636 1324 per
1666 1274 1814 1316 literas
1839 1280 2149 1322 consulendum

1272 1341 1546 1374 censuerant.
1600 1336 1698 1377 Jam
1735 1338 1770 1378 is
1805 1340 1978 1391 gravior
2013 1343 2150 1394 anuis,

1270 1411 1354 1439 non
1386 1400 1817 1454 militaribus'solum‚
1849 1404 1926 1445 sed
1950 1406 2148 1448 civilibus

1272 1476 1441 1517 quoque
1484 1465 1750 1508 abscesserat
1785 1469 2059 1522 muneribns3
2107 1473 2150 1513 iu

1269 1540 1450 1580 corpore
1484 1533 1627 1570 tamen
1672 1529 1816 1572 effoeto
1862 1532 2037 1585 vigebat
2084 1536 2147 1576 vis

1269 1591 1399 1630 animi
1432 1597 1478 1633 et
1505 1593 1684 1634 consilii.
1740 1594 1786 1635 Is
1808 1595 1883 1635 ubi
1903 1598 2075 1650 accepit
2093 1599 2146 1640 ad

1270 1653 1478 1695 Furculas
1502 1657 1717 1697 Caudinas
1737 1657 1854 1699 inter
1879 1659 1986 1700 duos
2012 1663 2149 1703 saltus

1268 1717 1434 1757 clausos
1467 1720 1683 1761 exercitus
1717 1721 1948 1773 Romanos,
1981 1720 2147 1765 consul-

1269 1787 1336 1820 tus
1355 1781 1410 1821 ab
1430 1783 1579 1824 nuntio
1593 1783 1670 1824 filii
1692 1786 1861 1827 censuit
1879 1798 2025 1828 omues
2046 1788 2145 1829 iude

1267 1857 1394 1898 quam
1414 1847 1595 1898 primum
1610 1849 1834 1890 inviolatos
1846 1850 2149 1904 dimittendos3

1265 1923 1359 1964 quae
1379 1911 1447 1952 ubi
1469 1918 1617 1964 spreta
1633 1915 1850 1956 sententia
1869 1922 1951 1967 est,
1966 1918 2145 1958 remisso

1264 1974 1443 2024 nunti03
1473 1975 1630 2016 iterum
1650 1979 1869 2019 consultus
1898 1982 2068 2022 censuit
2087 1982 2140 2022 ad

1264 2049 1393 2077 unum
1414 2050 1559 2079 omues
1575 2039 1918 2094 interficiendos3
1947 2057 2044 2098 quae
2065 2045 2141 2086 ubi

1263 2099 1479 2141 discordia
1510 2102 1623 2143 inter
1651 2116 1697 2144 se
1727 2106 1863 2145 veluti
1887 2119 1941 2147 ex
1960 2107 2142 2161 ancipiti

1263 2165 1435 2205 oraculo
1464 2165 1567 2206 data
1594 2179 1801 2220 responsa
1833 2175 1950 2221 sunt,
1982 2172 2144 2223 placuit

1261 2239 1404 2268 senem
1427 2228 1470 2267 in
1497 2235 1641 2270 castra
1668 2231 1766 2272 duci
1786 2233 1895 2273 etin
1914 2235 2139 2276 consilium

1262 2291 1460 2344 admitti;
1492 2293 1564 2348 qui
1581 2295 1794 2337 adductus
1815 2303 2078 2352 vocatusque
2097 2299 2142 2340 in

1260 2354 1502 2408 consilium,
1527 2358 1588 2398 ita
1620 2356 1757 2399 ferme
1783 2360 1951 2401 locutus
1978 2367 2061 2413 est,
2088 2367 2140 2403 ut

1259 2418 1365 2457 nihil
1384 2418 1439 2459 de
1458 2421 1675 2461 sententia
1702 2434 1779 2462 sua
1810 2429 2013 2476 mutaret,
2039 2437 2140 2465 cau·

1260 2493 1329 2521 sas
1350 2486 1517 2523 tantum
1538 2483 1792 2537 adduceret,
1807 2485 1950 2538 priore
1968 2497 2017 2527 se
2035 2499 2139 2527 con-

1258 2543 1372 2597 silio,
1409 2546 1523 2598 quod
1565 2548 1774 2600 optimum
1807 2548 2005 2602 duceret,
2037 2563 2135 2592 cum

1257 2610 1560 2659 potentissimo
1590 2612 1749 2663 populo
1777 2624 1856 2664 per
1882 2613 2034 2665 ingens
2063 2613 2137 2654 be·

1256 2671 1458 2712 neficium
1493 2680 1748 2726 perpetuam
1781 2674 1950 2716 firmare
1985 2688 2135 2728 pacem

1255 2736 1593 2790 amicitiamque3
1613 2739 1750 2778 altero
1769 2739 1946 2779 consilio
1967 2739 2008 2779 in
2029 2740 2134 2779 mul-

1256 2804 1322 2839 tas
1358 2805 1529 2850 aetates,
1562 2801 1724 2853 quibus·
1765 2802 1929 2842 amissis
1967 2802 2132 2843 duobus

1254 2864 1518 2905 exercitibus
1555 2866 1664 2906 haud
1697 2865 1823 2907 facile
1853 2867 1965 2907 vires
1997 2868 2134 2908 Roma

1253 2933 1490 2981 repararet,
1537 2929 1650 2970 bella
1693 2928 1884 2971 differre.
1937 2931 2130 2970 Tertium

1252 2993 1413 3033 nullum
1427 2994 1650 3034 consilium
1661 3006 1771 3034 esse.
1805 2995 1909 3035 Cum
1919 2994 2030 3034 filius
2043 2994 2134 3034 alii-

1253 3069 1336 3110 que
1362 3059 1580 3109 principes
1617 3057 1911 3110 percontando
1931 3057 2128 3110 exquire-

1252 3124 1364 3171 rent,
1375 3121 1475 3174 quid
1490 3122 1525 3161 si
1541 3121 1682 3161 media
1695 3120 1992 3161 viaconsilium
2002 3131 2129 3171 cape·

1251 3191 1386 3234 retur,
1406 3188 1455 3224 ut
1473 3190 1519 3224 et
1538 3185 1858 3224 dimitterentur
1881 3184 2126 3234 incolumes,

1250 3252 1296 3286 et
1325 3247 1442 3299 leges
1456 3247 1555 3299 jure
1584 3247 1684 3287 belli
1715 3246 1839 3286 victis
1859 3247 2128 3298 imponeren-

1250 3315 1348 3349 tur:
1387 3310 1481 3350 Ista
1509 3310 1680 3363 quidem
1711 3311 1945 3359 sententia,
1972 3311 2126 3364 inquit,

1249 3384 1300 3412 ea
1321 3377 1403 3419 est,
1435 3385 1529 3426 quae
1549 3385 1688 3425 neque
1714 3372 1872 3412 amicos
1891 3379 2032 3424 parat,
2051 3385 2125 3413 ne-

1247 3449 1332 3490 que
1367 3438 1558 3478 inimicos
1587 3438 1713 3478 tollit.
1767 3438 1947 3479 Servate
1982 3437 2124 3490 modo,

1248 3501 1478 3553 ignominia
1505 3501 1794 3542 irritaveritis.
1852 3502 1918 3541 Ea
1945 3506 2011 3542 est
2037 3502 2122 3542 Ro·

1247 3578 1374 3607 mana
1390 3578 1511 3620 gens,
1548 3577 1643 3620 quae
1674 3565 1791 3607 victa
1809 3565 2030 3619 quiescere
2051 3577 2123 3606 ne-
