2346 3996
811 345 1075 396 vAman
1119 346 1383 389 ΜΑΧιΜι.
1870 335 2015 392 1393

176 474 327 527 docet
353 473 591 528 Oliverius
614 470 662 520 in
698 466 909 536 epistola
933 463 1244 515 dedicatoria
1275 465 1337 514 ad
1372 465 1568 516 Petrum
1602 464 1665 515 de
1701 464 1880 527 Brutis,
1911 467 2014 535 epi.

175 573 384 623 scopum
410 555 777 606 catharensem.
848 549 1076 612 Freytag.
1101 546 1133 594 l.
1160 563 1208 595 c.
1233 561 1345 611 pag.
1373 553 1487 598 503.

243 665 313 675 —
345 635 525 687 Aldina
550 645 641 684 111.
667 629 903 681 Venetiis.
931 632 980 678 8.

247 723 379 766 1510
411 712 701 765 Mediolani.
729 711 832 762 1²01.
874 707 1123 760 Convenit
1145 721 1259 755 cum
1285 706 1365 756 ed.
1396 713 1540 759 1508.
1608 709 1787 760 Titulo
1809 709 2009 775 subjec-

173 803 280 847 tum
306 804 382 847 est
402 795 698 863 typographi
722 794 922 860 insigne,
947 790 996 840 in
1021 806 1127 856 quo
1160 787 1370 854 legitur:
1406 790 1647 840 Nicolaus·
1677 791 2010 858 Gorgonzola.

174 878 235 926 In
260 875 356 927 fine
375 875 487 927 libri
510 885 613 927 est:
653 878 666 905 ‘
684 873 900 940 Explicit
924 887 1051 936 opus
1083 868 1266 919 Valerii
1291 869 1496 918 Maximi
1529 886 1644 920 cum
1682 872 1839 922 tribus
1872 890 2011 923 com-

175 957 440 1010 mentariis,
508 960 806 1024 Impressum
837 952 1113 1005 Mediolani
1155 965 1306 1005 Mox.
1341 950 1503 1002 Pridie
1545 952 1659 1005 Kal.
1701 950 2014 1020 Augusti?—

180 1039 328 1090 Extat
351 1041 458 1090 baec
482 1037 635 1088 editio
659 1037 708 1086 iu
736 1035 856 1086 bibl.
883 1036 1070 1101 Gymn.
1102 1033 1212 1098 Bip.

243 1149 313 1158 —
346 1118 551 1169 Parisiis.
577 1118 682 1167 Fol.
705 1117 754 1165 in
780 1116 974 1165 aedibus
999 1112 1327 1164 Ascensianis.

243 1206 374 1251 1512
409 1199 608 1266 Lipsiae.
631 1198 735 1248 Fol.
759 1214 851 1264 per
873 1195 1213 1246 Baccalarium
1239 1194 1508 1244 Martiuum
1534 1193 1962 1261 Herbipolensem.

243 1285 373 1332 1513
409 1280 590 1330 Valerii
626 1278 835 1328 Maximi
868 1293 990 1342 opus
1017 1293 1127 1325 cum
1155 1275 1355 1326 Oliverii
1376 1277 1733 1326 commentariis
1768 1293 1829 1326 ex
1860 1277 2016 1342 prima

172 1359 284 1426 ejus
307 1361 521 1412 editione
545 1361 735 1424 integra
757 1366 807 1408 et
833 1373 1041 1424 syncera
1063 1356 1350 1421 descriptis:
1388 1373 1500 1406 cum
1530 1357 1704 1424 paucis
1739 1357 2014 1408 annotatio·

172 1442 318 1493 nibus
339 1460 352 1493 ε
391 1458 512 1509 quas
537 1441 629 1490 sub
649 1438 915 1503 Theophili
939 1438 1136 1487 nomine
1163 1437 1436 1487 Arcadicus
1459 1437 1539 1487 ille
1563 1438 1674 1487 libri
1710 1439 2010 1504 marginibus

173 1522 423 1590 inspersit.
495 1521 693 1571 Additae
725 1521 907 1570 suntin
932 1518 1028 1568 fine
1051 1523 1214 1584 operis
1238 1518 1453 1568 Ascensii
1485 1519 1762 1570 familiaria:
1815 1528 1872 1570 ut
1905 1520 2016 1586 ipse

171 1603 324 1655 dicit:
350 1603 795 1668 interpretamenta,
819 1604 918 1650 &m
972 1601 1028 1649 In
1044 1598 1152 1650 'fine
1173 1616 1187 1649 ι
1225 1604 1240 1627 ‘
1259 1599 1558 1665 Impressum
1585 1601 1852 1651 Mediolani
1876 1600 2011 1667 apud

171 1685 479 1736 Leonardum
495 1682 717 1749 Vegium.
739 1683 799 1731 A.
822 1683 970 1731 Dom.
994 1695 1060 1731 Μ.
1084 1693 1275 1730 ccccc.
1294 1693 1431 1730 xnI.
1452 1681 1548 1730 Die
1566 1694 1692 1730 ΧΠ.
1729 1682 2016 1734 Februarii!

171 1765 405 1815 roh—ln
431 1779 597 1814 aversa
618 1761 760 1828 primi
784 1761 883 1810 folii
910 1761 1087 1826 pagina
1104 1761 1351 1811 Oliverius
1367 1761 1418 1809 in
1440 1760 1644 1826 epistola
1657 1761 1720 1811 ad
1740 1763 2011 1815 Antonium

170 1847 439 1907 Moretum,
465 1844 581 1894 data
605 1842 840 1892 Vicentiae
874 1859 952 1892 an.
986 1849 1131 1902 1492.
1168 1842 1253 1902 ait,
1278 1859 1329 1891 se
1364 1858 1478 1891 suos
1512 1842 1562 1891 in
1587 1843 1838 1893 Valerium
1874 1859 2013 1894 com-

169 1925 434 1975 mentarios
459 1941 676 1975 seorsum
702 1924 765 1972 ab
800 1923 906 1988 ipso
945 1930 1149 1972 auctore
1181 1921 1416 1982 edidisse,
1453 1922 1614 1972 sobrie
1649 1923 2011 1982 concinnatos;

169 2020 294 2070 quos
328 2016 506 2071 postea
545 2004 707 2054 audax
746 2002 947 2069 quidam
989 2003 1137 2052 homo
1175 2003 1545 2053 verbosissimos
1579 2002 1812 2054 fecisset:
1861 2005 2014 2056 mittit

166 2085 317 2151 igitur
339 2087 546 2152 primam
571 2102 709 2135 suam
732 2085 998 2135 editionem
1023 2092 1274 2151 rogatque,
1302 2093 1356 2135 ut
1379 2085 1463 2135 illa
1492 2085 1701 2135 librariis
1726 2085 2011 2136 describen-

168 2167 235 2217 da
257 2168 492 2218 tradatur.
516 2168 518 2170 ’
560 2167 801 2217 Antonius
826 2182 939 2223 vero
964 2167 1189 2215 Muretus
1212 2165 1264 2215 in
1287 2166 1494 2231 epistola
1516 2165 1579 2215 ad
1606 2166 1748 2216 Alex.
1771 2167 2009 2217 Minutia-

168 2265 286 2299 num
311 2249 556 2314 subjecta,
579 2256 632 2298 et
655 2249 843 2313 scripta
866 2247 1081 2296 Venetiis
1110 2253 1254 2298 1512.
1300 2248 1432 2297 Prid.
1459 2247 1573 2298 Kal.
1599 2249 1717 2299 Oct.
1744 2247 2006 2314 significat,

169 2330 443 2380 Oliverium
464 2337 514 2380 et
537 2329 652 2379 olim
676 2329 739 2378 de
764 2329 1104 2378 nonnullorum
1129 2330 1411 2390 temeritate,
1436 2330 1520 2395 qui
1546 2346 1660 2380 suos
1678 2337 2008 2379 contemeras-

168 2419 282 2462 sent
304 2410 702 2470 commentarios,
730 2426 891 2459 coram
916 2426 1021 2459 esse
1045 2417 1389 2476 conquestum,
1412 2417 1465 2460 et
1487 2409 1599 2459 dein
1623 2427 1713 2476 per
1748 2409 2004 2475 epistolam

168 2509 284 2542 cum
310 2492 416 2558 ipso
441 2492 610 2557 egisse,
638 2498 691 2540 ut
726 2491 1098 2542 commentarios
1122 2508 1223 2548 eos,
1248 2490 1415 2556 quales
1454 2490 1562 2556 ipse
1585 2491 1796 2556 primum
1820 2491 2004 2542 edidis-

167 2580 258 2633 set,
277 2573 458 2624 iterum
483 2572 732 2638 evulgaret
753 2587 766 2620 ε
804 2571 917 2622 hinc
950 2587 978 2620 a
1010 2587 1063 2620 se
1092 2571 1236 2631 mitti,
1262 2570 1451 2632 scribit,
1475 2577 1531 2620 ut
1551 2571 1707 2621 editio
1732 2579 1898 2622 nost-ra
1914 2573 2005 2637 ju·

168 2661 326 2714 vetur,
341 2662 391 2704 et
413 2653 559 2704 amici
583 2652 811 2703 manibus
834 2652 1054 2703 satisfiat.
1097 2653 1295 2703 HarleS.
1320 2652 1497 2719 Suppl.
1519 2652 1581 2702 ad
1608 2653 1748 2704 Brev.
1763 2652 1883 2703 Not.
1902 2652 2002 2703 Lit.

168 2736 313 2785 Rom.
338 2736 471 2786 Part.
499 2748 564 2784 11.
591 2750 706 2800 pag.
732 2742 779 2784 4.
805 2751 907 2800 seq.

232 2843 301 2853 —-
322 2815 541 2865 Valerius
565 2814 808 2864 Maximus
834 2831 947 2864 cum
972 2813 1168 2880 duplici*
1185 2814 1569 2864 commentario:
1605 2812 1838 2864 historico
1870 2810 2002 2865 vide-

163 2895 281 2946 licet
305 2910 366 2946 ac
385 2896 579 2946 literato
602 2895 809 2946 Oliverii
833 2895 1241 2961 Arzignanensis:
1294 2903 1344 2945 et
1379 2895 1606 2946 familiari
1637 2895 1902 2946 admodum
1936 2910 1998 2946 ac

165 2975 414 3029 succincto
436 2975 610 3026 lodoci
637 2977 781 3026 Badii
809 2977 1047 3027 Ascensi‘r.
1117 2977 1221 3036 Qui,
1257 2984 1467 3044 quatuor
1490 2987 1542 3027 et
1569 2976 1745 3043 viginti·
1777 2977 2000 3043 exempla

164 3057 345 3107 Aldino
363 3057 587 3122 auspicio
605 3074 762 3123 nuper
781 3059 977 3109 inventa
1001 3059 1144 3109 simili
1166 3059 1581 3110 commentatione
1604 3058 1889 3109 declaravit.
1934 3058 2001 3107 Et

165 3145 324 3188 totum
363 3154 487 3203 opus
526 3139 718 3203 gemina
750 3140 985 3190 Tabella:
1044 3141 1199 3190 altera
1238 3141 1520 3202 Titulorum
1564 3141 1717 3190 altera
1751 3139 1995 3188 literarum

166 3217 334 3270 ordine
355 3218 626 3270 inustravit.
698 3219 1052 3270 venundantur
1073 3221 1138 3270 ab
1160 3220 1396 3272 Ascensio
1418 3228 1468 3271 et
1489 3223 1519 3272 J
1524 3236 1677 3271 oanne
1702 3221 1874 3270 Parvo.
1932 3218 1992 3267 In

168 3297 299 3348 fine:
337 3304 354 3327 ‘
369 3299 775 3352 consummatum
799 3309 874 3352 est
897 3318 1066 3352 rursus
1084 3303 1180 3353 hoc
1204 3319 1331 3369 opus
1360 3303 1599 3369 optimum
1629 3301 1796 3350 Tertio
1818 3300 1993 3349 Nonas

167 3378 369 3429 Martias
390 3382 502 3431 anni
527 3397 591 3432 M.
619 3397 673 3433 D.
700 3397 837 3433 x111.
856 3401 969 3434 cum
984 3383 1170 3448 duplici
1188 3384 1559 3433 commentario:
1584 3382 1735 3430 altero
1754 3378 1988 3430 historica

167 3458 266 3510 fide
289 3461 682 3524 opulentissimo:
708 3465 860 3516 altero
876 3464 1222 3531 compendiosa
1233 3464 1558 3516 familiaritate
1577 3459 1865 3527 conspicuo,
1884 3474 1986 3509 ma-

274 3553 423 3606 Delph.
441 3559 481 3595 et
501 3556 597 3599 Var.
613 3558 719 3600 Clas.
979 3558 1070 3602 Val.
1090 3559 1207 3600 Max.
1289 3570 1295 3576 ’
1790 3555 1823 3594 ’4
1840 3552 1878 3592 Τ
