2288 3990
394 276 501 328 944

394 408 635 449 Dictatoris
665 406 892 457 discurrit;
925 419 1018 460 quae
1052 418 1145 446 cum
1167 411 1267 446 ante

392 474 538 513 oculos
558 473 651 525 ejus
684 472 897 523 aliquanto
917 483 994 522 spe
1019 475 1145 522 atque
1175 470 1267 520 opi-

394 536 521 576 nione
545 536 685 587 major
702 535 957 586 majorisque
978 533 1103 584 pretii
1125 545 1266 572 rerum

392 599 594 645 ferretur,
628 599 785 638 dicitur
817 609 964 636 manus
1011 596 1066 635 ad
1112 596 1265 635 coelum

393 663 545 702 tollens
565 667 762 713 precatus
782 672 874 700 esse
897 660 1120 710 Dictator,
1150 665 1197 698 ut
1230 659 1266 698 si

392 726 462 765 cui
483 726 694 766 hominum
721 726 1001 775 Deorumque
1027 722 1172 762 nimia-
1191 734 1267 762 sua

390 788 564 828 fortuna
585 787 812 839 populique
832 786 1011 827 Romani
1031 786 1266 834 videretur,

392 859 440 892 ut
454 866 545 893 eam
563 852 763 892 iuvidiam
781 851 914 890 lenire
933 863 1007 890 suo
1024 851 1192 902 privato
1209 850 1267 888 iu-

392 917 628 965 commodo,
649 929 773 969 quam
793 916 968 955 minimo
988 915 1173 966 publico,
1194 926 1266 965 po·

391 981 563 1033 pulique
591 980 766 1020 Romani
797 980 964 1019 liceret.
1007 979 1268 1018 Converten-

391 1050 477 1084 tem
498 1057 542 1084 se
563 1046 675 1085 inter
701 1046 810 1084 hanc
844 1043 1159 1083 venerationem
1181 1049 1268 1082 tra-

389 1107 504 1147 ditur
533 1109 746 1148 memoriae
781 1108 1024 1159 prolapsum
1044 1106 1267 1156 cecidisse,

387 1169 516 1223 idque
537 1183 660 1210 omen
675 1170 934 1221 pertinuisse
950 1174 1098 1220 postea
1109 1174 1267 1208 eventu

388 1244 477 1275 rem
497 1233 840 1285 conjectantibus
860 1232 995 1271 visum
1022 1232 1074 1270 ad
1095 1232 1266 1270 damna·

388 1295 548 1335 tionem
590 1296 724 1347 ipsius
787 1295 970 1343 Camilli,
1015 1294 1265 1345 clademque

388 1365 527 1409 captae
548 1358 702 1398 deinde
716 1357 844 1398 Urbis
862 1359 1024 1407 Romae,
1039 1356 1149 1408 quod
1169 1362 1268 1407 pqst

388 1433 549 1472 paucos
570 1420 730 1460 accidit
751 1418 911 1459 annos!
942 1420 1093 1458 Oliver.

441 1485 636 1523 Praeclarz·
673 1482 818 1535 operis]
865 1482 927 1521 Ut
967 1481 1134 1521 scilicet
1167 1481 1264 1520 Veii

386 1554 661 1599 caperentur,
701 1552 746 1587 et
787 1559 838 1586 eo
873 1558 958 1586 non
994 1546 1266 1596 migraretur,

387 1616 463 1651 aut
481 1611 810 1651 restituerentur
842 1609 992 1649 moenia
1018 1608 1152 1648 urbis.
1181 1609 1264 1647 Ba-

386 1674 488 1714 dius.

441 1737 616 1788 Invidia]
664 1736 734 1777 Ob
763 1740 933 1787 captam
966 1735 1114 1775 urbem
1134 1735 1263 1774 Veio-

387 1812 496 1852 rum,
511 1813 635 1853 quam
656 1800 787 1840 totius
805 1799 1022 1838 Hetruriae
1036 1798 1264 1848 opulentis-

387 1863 534 1902 simam
549 1862 680 1902 fuisse
700 1866 879 1902 constat.
935 1862 992 1900 Et
1007 1861 1106 1912 quia
1125 1858 1263 1899 felici-

385 1931 451 1966 tas
470 1927 540 1966 illa
562 1927 785 1967 videbatur
816 1937 909 1965 esse
936 1925 1079 1975 nimia,
1099 1925 1263 1964 veritus

385 1986 486 2037 est‚'
513 1989 583 2029 cui
622 1990 811 2029 Deorum
849 1988 1014 2029 faceret
1044 1989 1264 2028 invidiam.

391 2052 539 2093 Olicer.

441 2115 554 2159 Quod
589 2114 717 2165 omen]
754 2116 994 2154 Damnatus
1031 2115 1144 2153 enim
1179 2112 1265 2155 fuit

384 2179 455 2218 die
489 2179 604 2219 dicta
636 2179 719 2218 sibi
749 2191 774 2217 a
805 2179 854 2217 L.
875 2177 1059 2229 Apuleio
1091 2177 1264 2216 tribuno

384 2242 550 2293 plebis;
579 2242 634 2282 de
661 2254 744 2294 qua
778 2242 1051 2281 damnatione
1071 2240 1263 2280 dicemus

382 2305 457 2344 lib.
481 2316 521 2344 v.
544 2317 639 2357 cap.
659 2309 700 2344 3.
729 2305 887 2344 Merito
905 2304 1000 2344 hinc
1020 2304 1166 2343 laudat
1185 2303 1263 2343 Ca-

382 2367 557 2407 millum.
616 2365 808 2407 Difficile
841 2367 1069 2406 discrimen
1104 2367 1263 2417 est,in-

384 2430 498 2481 quit,
513 2436 656 2470 utrum
677 2431 808 2481 major
834 2431 927 2470 laus
947 2429 1094 2478 fuerit,
1112 2430 1263 2469 vicisse

383 2491 534 2542 Veios,
554 2504 607 2530 au
627 2503 769 2531 orasse
782 2493 916 2541 Deos,
932 2492 1030 2530 utin
1045 2503 1091 2530 se
1106 2493 1262 2531 malum

383 2565 508 2592 omen
542 2558 859 2593 converterent.
915 2554 1107 2593 Victoria
1133 2554 1264 2604 igitur

389 2621 434 2655 et
454 2616 593 2667 pietas
613 2616 728 2655 inter
747 2628 793 2655 se
814 2622 1047 2666 certarunt,
1062 2617 1159 2668 quia
1178 2628 1262 2656 non

384 2678 511 2718 facile
529 2679 765 2727 discernes,
783 2685 924 2718 utrum
946 2679 1156 2720 laudanda
1174 2693 1264 2719 ma-

385 2742 449 2793 gis
482 2743 536 2782 sit
570 2742 753 2781 victoria
781 2742 963 2793 Camilli,
980 2754 1031 2780 au
1053 2742 1147 2792 ipsa
1166 2754 1263 2793 pre-

385 2806 514 2846 catio.
544 2806 692 2845 Oliver.

434 2870 460 2920 ξ
480 2872 504 2908 3
536 2869 643 2919 Rege
670 2867 812 2919 Perse]
852 2869 1010 2908 Perses
1037 2869 1126 2908 sive
1156 2869 1264 2909 Per-

385 2943 483 2970 seus
501 2931 745 2983 vigesimus,
764 2938 813 2971 ut
832 2933 974 2983 placet
993 2933 1128 2984 Livio,
1143 2934 1260 2987 (nam

383 2994 578 3035 Justinus
613 3001 658 3034 et
693 2995 904 3034 Eusebius
939 3008 1155 3035 numerum
1195 3010 1265 3036 au-

385 3055 524 3108 gent,)
558 3063 604 3096 et
638 3058 811 3097 ultimus
857 3070 932 3097 rex
964 3060 1265 3111 Macedonum,

384 3133 479 3160 cum
495 3121 743 3173 juventute,
758 3121 909 3172 opibus
921 3123 1055 3172 regni,
1069 3128 1114 3162 et
1133 3127 1265 3163 aetate

383 3181 540 3222 florens
573 3183 895 3223 haereditarium
926 3197 951 3223 a
981 3191 1107 3235 patre
1137 3186 1263 3226 relic-

385 3251 476 3284 tum
506 3251 658 3286 contra
677 3247 889 3286 Romanos
913 3246 1066 3286 bellum
1095 3249 1264 3287 molire·

385 3313 473 3358 tur,
491 3309 624 3349 hostis
636 3310 855 3361 judicatus
883 3316 968 3360 est,
983 3316 1027 3350 et
1047 3311 1218 3349 taudem
1239 3323 1265 3350 a

385 3372 523 3411 Paulo
538 3373 710 3413 IEmilio
736 3374 912 3413 Romam
933 3375 984 3413 ad
1006 3374 1263 3426 triumphum

386 3434 559 3486 ductus,
588 3449 685 3476 cum
723 3442 944 3488 regnasset
972 3449 1102 3477 annos
1134 3438 1263 3477 unde-

385 3498 485 3551 cim,
515 3504 563 3539 ut
588 3500 704 3552 leges
735 3501 845 3554 apud
874 3500 966 3542 Liv.
1000 3500 1180 3541 Decade
1199 3512 1263 3541 iv.

966 288 1142 326 NOTAE
1182 287 1514 331 VARloRUM
1557 291 1622 330 IN

1332 411 1376 447 et
1396 419 1439 448 v.
1461 408 1639 460 et-apud
1669 409 1839 451 Florum
1862 410 1936 451 lib.
1959 422 2010 452 n.
2031 423 2126 463 cap.
2146 417 2211 453 12.

1330 470 1609 522 quadriennio
1641 478 1740 524 post
1775 473 1817 513 in
1852 473 1989 514 libera
2016 475 2212 515 custodia

1330 532 1455 573 Albae
1482 533 1684 586 decessit,
1705 541 1754 575 ut
1782 537 1975 577 scribunt
2003 537 2210 577 Patercu-

1329 596 1394 635 lus
1414 598 1455 636 in
1477 599 1619 648 priore
1638 600 1867 651 volumine,
1882 601 2118 640 Val.Max.
2134 601 2214 641 lib.

1331 670 1376 698 v.
1397 671 1494 711 cap.
1516 663 1554 700 1.
1573 667 1617 701 et
1637 661 1815 703 Orosius
1834 664 1910 703 lib.
1932 675 2000 704 lv.
2021 676 2114 715 cap.
2141 667 2212 704 20.

1331 722 1590 762 Plutarchus
1609 730 1751 764 autem
1772 726 1815 766 iu
1832 726 2001 766 AEmilio
2021 726 2212 766 diversas

1329 785 1550 836 opiniones
1570 785 1712 827 affert.

1380 849 1571 901 Arripuit
1596 850 1726 900 igitur
1755 850 1884 902 omen]
1912 852 2090 893 Persam
2115 853 2214 893 Ma·

1330 912 1540 952 cedonum
1570 925 1729 964 regem,
1749 914 1956 955 adversus
1986 927 2110 969 quem
2129 916 2211 955 sibi

1329 975 1506 1015 decreta
1551 975 1697 1017 fuerat
1733 979 1967 1030 provincia,
2004 991 2056 1020 eo
2099 977 2212 1019 bello

1331 1038 1585 1089 periturum,
1601 1040 1714 1092 quod
1727 1048 1772 1080 et
1789 1039 1952 1086 factum
1968 1048 2051 1092 est,
2065 1053 2210 1094 quam-

1330 1102 1392 1140 vis
1411 1102 1529 1142 vivus
1549 1094 1704 1143 ductus
1719 1103 1853 1144 fuerit
1870 1105 1912 1144 in
1933 1104 2211 1156 triumphum.

1328 1166 1523 1207 ,Iustinus
1555 1167 1629 1208 lib.
1650 1179 1822 1210 xxxnr.
1866 1169 2011 1211 ‘Dum
2043 1171 2136 1210 baec
2169 1183 2213 1210 a·

1329 1229 1513 1280 guntur‚'
1531 1230 1688 1283 inquit,
1709 1233 1722 1253 ‘
1738 1237 1854 1272 metu
1886 1238 1972 1272 tam
2002 1233 2214 1284 periculo-

1328 1293 1364 1331 si
1394 1293 1496 1332 belli
1515 1294 1641 1352 Rom.⁸
1659 1295 1871 1335 AEmilium
1895 1295 2079 1336 Paulum
2100 1296 2212 1335 Con-

1329 1356 1462 1394 sulem
1500 1362 1664 1407 creant,
1692 1358 1819 1408 eique
1857 1362 1984 1403 extra
2017 1357 2211 1398 ordinem

1328 1417 1656 1457 Macedonicum
1676 1419 1831 1459 bellum
1847 1419 2112 1470 decernunt3
2139 1421 2211 1474 qui

1328 1492 1425 1520 cum
1445 1481 1496 1520 ad
1519 1482 1756 1521 exercitum
1772 1483 1976 1534 venisset,
1990 1494 2074 1524 non
2095 1496 2212 1535 mag·

1327 1556 1424 1584 nam
1465 1557 1626 1584 moram
1674 1558 1827 1597 pugnae
1876 1545 1993 1588 fecit.
2060 1546 2212 1587 Pridie

1327 1621 1451 1660 quam
1466 1617 1766 1651 consereretur
1780 1612 1988 1664 praelium,
2000 1612 2212 1653 lunanoc-

1328 1678 1371 1711 te
1383 1671 1569 1713 defecit:
1599 1674 1723 1713 triste
1739 1674 1780 1713 id
1800 1679 2016 1715 ostentum
2028 1675 2211 1726 Perseo,

1327 1735 1522 1774 omnibus
1579 1737 1953 1788 praesagientibus,
1993 1737 2211 1790 finemque

1328 1797 1601 1838 Macedonici
1617 1799 1740 1851 regni
1760 1801 1960 1852 portendi
1973 1801 2211 1842 vaticinan-

1327 1860 1472 1901 tibus)
1528 1862 1675 1902 Oliver.
2208 1879 2211 1882 ·

1393 1923 1512 1975 Spem
1555 1926 1744 1979 triumphi
1783 1927 2009 1980 clarissimi]
2039 1958 2041 1960 v
2071 1929 2208 1971 Quem

1328 1994 1479 2038 postea
1507 1989 1560 2028 de
1593 1990 1729 2030 Persa
1757 1991 1872 2042 egit:
1907 1990 2021 2031 unde
2057 1991 2209 2032 Mace·

1326 2050 1502 2090 donicus
1522 2051 1664 2092 dictus
1685 2058 1768 2095 est.

1380 2115 1403 2165 ξ
1430 2118 1455 2154 4
1484 2115 1543 2154 At
1565 2116 1725 2156 Caecilia
1744 2117 1920 2168 Metelli]
1958 2117 2112 2158 Cicero
2130 2117 2208 2158 lib.

1327 2177 1381 2216 de
1418 2178 1613 2218 Divinat.
1641 2180 1652 2201 ‘
1676 2179 1727 2218 L.
1757 2179 1958 2219 Flaccum
1991 2177 2208 2220 flaminem

1327 2239 1606 2290 Martialem,’
1635 2239 1786 2293 inquit,
1805 2241 1818 2262 ‘
1835 2241 1992 2291 audivi,
2019 2253 2116 2281 cum
2148 2242 2208 2280 di-

1327 2308 1447 2342 ceret
1476 2302 1692 2342 Caeciliam
1731 2303 1916 2353 Metelli,
1949 2315 2046 2344 cum
2079 2305 2210 2344 vellet

1326 2365 1483 2404 sororis
1521 2377 1607 2404 suae
1642 2365 1774 2405 filiam
1811 2366 1856 2405 in
1893 2365 2207 2406 matrimonium

1327 2430 1554 2481 collocare,
1575 2429 1715 2468 exisse
1744 2429 1797 2469 ad
1827 2429 2041 2481 quoddam
2072 2431 2210 2470 sacel-

1325 2492 1411 2530 lum
1432 2492 1580 2531 ominis
1601 2491 1798 2542 capiendi
1818 2504 1962 2543 causa,
1979 2492 2094 2544 quod
2115 2492 2210 2532 fieri

1325 2566 1445 2594 more
1455 2561 1648 2594 veterum
1665 2556 1847 2595 solebat.
1870 2556 1976 2596 Cum
1987 2557 2108 2608 virgo
2119 2563 2209 2597 sta-

1325 2622 1409 2668 ret,
1428 2625 1472 2656 et
1494 2617 1665 2656 Caecilia
1686 2618 1727 2655 in
1744 2618 1846 2656 sella
1861 2617 2050 2669 sederet,
2068 2630 2208 2670 neque

1326 2678 1400 2718 din
1421 2680 1506 2718 ulla
1521 2691 1603 2719 vox
1619 2680 1853 2730 extitisset,
1873 2680 2056 2730 puellam
2087 2680 2207 2720 defa-

1327 2741 1502 2792 tigatam
1538 2741 1714 2792 petiisse
1732 2748 2026 2790 a'matertera,
2047 2750 2096 2782 ut
2125 2742 2206 2782 sibi

1327 2804 1586 2845 concederet
1619 2806 1854 2857 paulisper,
1890 2811 1936 2844 ut
1972 2804 2070 2856 ejus
2101 2806 2208 2845 sena

1327 2871 1648 2923 requiesceret:
1686 2870 1800 2908 illam
1840 2875 1981 2908 autem
2019 2868 2204 2908 dixisse:

1326 2935 1459 2984 Vere,
1476 2946 1572 2973 mea
1593 2933 1749 2984 puella,
1769 2933 1847 2972 tibi
1871 2932 2061 2973 concedo
2082 2933 2204 2972 sedes

1327 3009 1443 3036 meas
1460 3010 1470 3036 :
1504 2996 1616 3049 quod
1634 3008 1756 3036 omen
1786 3007 1853 3035 res
1873 3001 2106 3035 consecuta
2125 3001 2206 3036 est.

1328 3060 1430 3111 Ipsa
1466 3061 1577 3099 enim
1612 3059 1734 3100 brevi
1770 3065 1938 3098 mortua
1971 3063 2054 3107 est,
2087 3058 2206 3107 virgo

1327 3129 1470 3163 autem
1499 3123 1646 3174 nupsit
1674 3122 1732 3174 ei,
1763 3122 1832 3163 cui
1865 3121 2038 3161 Caecilia
2070 3126 2207 3172 nupta

1324 3185 1500 3225 fuerat.'
1556 3186 1705 3225 Oliver.

1382 3249 1542 3288 Coecz‘lz’a
1575 3248 1748 3300 Metelli]
1781 3247 1972 3299 Antiquo
1997 3258 2115 3287 more
2143 3247 2205 3286 lo-

1328 3311 1502 3362 quendi,
1524 3317 1569 3350 ut
1594 3311 1792 3351 Cornelia
1811 3310 2015 3351 Gracchi.
2070 3311 2127 3349 Et
2156 3315 2210 3348 ut-

1325 3375 1369 3414 in
1387 3375 1608 3413 Mausoleo
1640 3385 1722 3414 non
1756 3373 1909 3425 procul
1937 3373 1992 3413 ab
2019 3373 2126 3412 urbe
2147 3373 2201 3411 ad

1327 3440 1437 3476 viam
1463 3435 1675 3488 Appiam:
1706 3437 1927 3477 CAEcruffl.
1956 3435 2010 3477 Q.
2038 3435 2203 3475 Cann-

1324 3512 1384 3541 el.
1403 3511 1444 3540 F.
1468 3501 1717 3540 METELLAE.
1748 3500 1923 3540 CuAssr.
1981 3497 2200 3549 Intellige,
