2346 3996
610 311 869 351 VAnnRu
915 311 1157 350 MAlei
1201 313 1319 351 me.
1349 314 1458 353 vu.
1498 315 1633 355 cAP.
1661 302 1716 355 6.

305 432 419 472 Ex'r.
455 432 477 482 ξ
515 432 531 468 1
574 428 837 479 Cretensibus]
899 429 1128 470 Cretenses

247 493 403 535 favisse
437 491 681 533 Mithridati
714 491 981 532 videbantur.
1039 492 1128 533 Ita-

250 571 334 610 que
355 558 516 610 placuit
533 556 725 609 injuriam
746 556 871 596 arinis
892 557 1127 599 vindicare.

246 623 374 663 Prius
405 622 562 662 invasit
594 622 774 662 insulam
814 622 878 662 M.
912 621 1127 663 Antonius

246 699 344 727 cum
362 685 526 738 ingenti
548 686 720 738 quidem
752 686 945 727 victoriae
966 699 1043 739 spe
1063 693 1126 727 at-

247 763 330 804 que
361 749 535 801 fiducia,
555 750 663 791 adeo
694 754 740 790 ut
774 752 919 803 plures
949 757 1126 792 catenas

243 815 289 854 in
347 814 527 855 navibus
573 827 703 868 quam
749 827 868 854 arma
913 821 1123 867 portaret.

244 876 384 919 Dedit
412 879 558 932 itaque
585 891 734 932 poenas
762 878 977 919 vecordiae
1006 892 1122 920 suae:

246 954 343 982 nam
370 943 600 996 plerasque
632 955 764 983 naves
799 943 1126 995 interceperunt

244 1006 408 1058 hostes,
438 1007 695 1059 captivaque
728 1018 911 1058 corpora
943 1007 1126 1059 religata

243 1068 353 1109 velis
387 1081 436 1109 ac
469 1067 641 1109 funibus
684 1069 948 1121 pependere,
980 1083 1031 1111 ac
1061 1071 1124 1112 sic

245 1133 474 1172 velitantes
506 1133 862 1185 triumphantium
888 1134 930 1173 in
953 1135 1124 1176 modum

244 1195 474 1236 Cretenses
508 1196 718 1248 portubus
748 1197 833 1237 suis
867 1199 1125 1250 remigrave-

230 1266 368 1301 munt:
396 1261 602 1302 Metellus
618 1261 776 1302 deinde
793 1268 927 1303 totam
943 1263 1124 1303 insulam

241 1323 330 1376 igni
348 1323 549 1378 ferroque
566 1326 795 1377 populatus
815 1326 926 1366 intra
945 1327 1126 1368 castella

241 1393 288 1428 et
325 1387 450 1428 urbes
487 1388 670 1441 redegit.
729 1389 877 1431 Oliver.
932 1391 1126 1443 Contigit

241 1449 296 1491 A.
319 1452 374 1492 U.
396 1463 602 1494 ncxxxv.

297 1515 510 1557 Obsidione
529 1517 705 1569 Metelli]
735 1518 821 1560 Qui
841 1519 1011 1559 Metelli
1031 1519 1077 1559 M
1082 1533 1123 1560 a·

241 1579 435 1620 cedonici
465 1579 578 1620 filius
599 1593 624 1620 a
655 1581 830 1622 devicta
860 1582 993 1623 Creta
1019 1583 1123 1624 Cre-

243 1644 354 1685 ticus
373 1644 515 1686 dictus
537 1651 616 1686 est.
673 1646 798 1687 Idem.

314 1709 336 1761 ᾧ
373 1712 400 1749 2
439 1709 679 1749 Numantini
736 1709 886 1761 autem]
941 1711 1118 1752 Florus:

241 1772 254 1794 ‘
274 1771 539 1823 Numantia,‚'
574 1773 732 1825 inquit,
752 1774 765 1796 ⁴
782 1779 986 1826 quantum
1018 1775 1120 1815 Car-

238 1835 439 1887 thaginis,
457 1836 634 1888 Capuae,
655 1836 851 1877 Corinthi
878 1837 1032 1890 opibus
1059 1838 1121 1878 in·

238 1899 386 1947 ferior,
407 1901 466 1941 ita
495 1901 663 1941 virtutis
688 1902 856 1943 nomine
887 1908 932 1943 et
960 1903 1120 1945 honore

239 1977 319 2017 par
351 1964 561 2016 omnibus,
596 1978 904 2018 summumque,
937 1967 973 2007 si
1006 1968 1119 2009 viros

240 2028 442 2081 meumes,
487 2028 708 2081 Hispaniae
747 2029 911 2081 decus;
958 2032 1118 2084 quippe

239 2105 336 2145 quae
356 2093 447 2133 sine
466 2095 604 2142 muro,
620 2094 710 2133 sine
731 2094 936 2146 turribus,
951 2096 1121 2137 modice

237 2156 357 2197 edito
377 2157 420 2196 in
440 2157 602 2197 tumulo
623 2157 739 2209 apud
756 2156 915 2199 flumen
934 2160 1120 2202 Durium

239 2219 338 2271 sita,
355 2225 540 2273 quatuor
581 2221 767 2261 millibus
803 2219 1120 2264 Celtiberorum

237 2287 306 2324 40.
327 2284 502 2324 millium
532 2285 771 2325 exercitum
806 2299 886 2338 per
904 2299 1035 2328 annos
1055 2292 1120 2330 14.

237 2348 330 2389 sola
368 2348 594 2389 sustinuit:
629 2361 710 2389 nec
747 2350 950 2391 sustinuit
978 2351 1120 2403 modo,

235 2412 311 2452 sed
329 2413 485 2452 saevius
505 2413 725 2465 aliquanto
740 2414 940 2466 perculit,
955 2415 1119 2467 puden·

236 2475 386 2528 disque
404 2475 638 2516 foederibus
657 2475 816 2517 affecit.
873 2478 1119 2520 Novissime

234 2551 333 2579 cum
370 2539 573 2580 invictam
610 2552 706 2581 esse
749 2547 983 2594 constaret,
1011 2555 1118 2595 opus

237 2615 406 2656 quoque
454 2616 505 2646 eo
553 2603 651 2656 fuit,
701 2605 774 2658 qui
818 2607 1117 2658 Carthaginem

234 2673 465 2708 everterat.
522 2669 619 2709 Non
649 2675 828 2722 temere,
846 2671 881 2711 si
909 2669 1038 2711 fateri
1067 2672 1116 2711 li-

234 2736 322 2781 cet,
343 2731 467 2772 ullius
487 2743 618 2772 causa
647 2733 750 2774 belli
776 2734 990 2786 injustior.
1037 2735 1114 2775 Se-

233 2795 432 2847 gidenses
449 2797 586 2837 socios
605 2804 648 2837 et
674 2799 1012 2851 consanguineos
1032 2801 1114 2840 Ro-

234 2869 451 2899 manorum
489 2861 683 2901 manibus
721 2862 888 2914 elapsos
929 2875 1113 2916 excepe-

232 2929 357 2963 rant:
386 2923 532 2964 habita
551 2937 629 2976 pro
649 2925 709 2964 eis
740 2926 993 2978 deprecatio
1010 2928 1114 2967 nihil

232 2986 383 3028 valuit.
442 2988 548 3028 Cum
584 3001 631 3029 se
664 2990 719 3030 ab
753 2992 868 3031 omni
903 2993 1112 3034 bellorum

232 3052 492 3103 contagione
525 3061 809 3105 removerent,
845 3057 889 3096 in
931 3057 1112 3109 legitimi

228 3113 403 3155 foederis
421 3115 605 3168 pretium
618 3116 726 3169 jussi
743 3130 858 3158 arma
875 3118 1111 3171 deponere.

231 3177 330 3218 Hoc
357 3178 418 3220 sic
438 3191 462 3219 a
489 3180 694 3220 Barbaris
728 3188 974 3233 acceptum,
991 3183 1112 3236 quasi

230 3252 378 3282 manus
415 3242 787 3285 abscinderentur.
839 3245 993 3299 Itaque
1025 3252 1110 3287 sta-

230 3304 322 3354 tim,
339 3306 518 3358 Megara
534 3306 767 3349 fortissimo
782 3309 910 3360 duce,
922 3310 974 3349 ad
993 3322 1111 3351 arma

230 3369 439 3420 conversi,
463 3371 716 3424 Pompeium
737 3375 886 3425 proelio
904 3376 1109 3428 aggressi.

231 3428 371 3470 soedus
398 3437 540 3472 tamen
571 3435 827 3486 maluerunt,
848 3450 943 3477 cum
963 3438 1108 3478 debel—

231 3495 322 3534 lare
351 3497 603 3546 potuissent.
662 3500 894 3541 Hostilium
948 3501 1106 3543 deinde

230 3558 506 3600 Mancinum:
562 3561 674 3602 hune
717 3575 887 3617 quoque
924 3565 1105 3606 assiduis

1934 305 2074 359 1275

1198 430 1390 472 caedibus
1409 432 1471 472 ita
1491 432 1773 485 subegerunt,
1791 438 1910 474 utne
1929 435 2076 474 oculos

1194 493 1368 546 quidem
1406 501 1481 535 aut
1514 509 1662 537 vocem
1705 497 1958 538 Numantini
1996 497 2076 537 viri

1192 558 1416 611 quisquam
1436 561 1692 609 sustineren
1714 569 1856 601 tamen
1877 573 1973 601 cum
1994 561 2074 600 hoe

1191 634 1358 675 quoque
1405 621 1545 664 foedus
1592 625 1849 672 maluerunt,
1884 624 2076 665 conteuti

1189 699 1402 727 armorum
1430 688 1661 737 manubiis,
1681 701 1778 728 cum
1805 687 1858 727 ad
1883 687 2075 728 interne-

1189 749 1355 790 cionem
1386 750 1539 790 saevire
1569 753 1825 802 potuissent.
1882 752 1966 792 Sed
1989 763 2075 792 non

1187 812 1328 852 minus
1362 813 1632 865 Numantini,
1651 828 1787 868 quam-
1814 815 1996 856 Caudini
2026 817 2075 855 il-

1188 877 1269 916 lius
1307 874 1482 917 foederis
1516 876 1700 928 flagrans
1752 879 1986 929 ignominia
2019 891 2073 918 ac

1189 940 1352 991 pudore
1401 941 1584 992 populus
1621 943 1851 988 Romanus,
1880 942 2074 982 dedecus

1189 1003 1362 1055 quidem
1402 1005 1629 1056 praesentis
1663 1004 1814 1056 flagitii
1853 1005 2073 1046 deditione

1188 1066 1380 1107 Mancini
1427 1067 1633 1119 expiavit.
1692 1070 1911 1109 Caeterum
1962 1068 2073 1108 duce

1187 1130 1401 1182 Scipione,
1420 1131 1692 1184 Carthaginis
1708 1132 1918 1172 incendiis
1933 1132 1984 1172 ad
2002 1144 2076 1171 ex-

1187 1193 1301 1234 cidia
1329 1194 1494 1234 urbium
1524 1195 1706 1247 imbuto,
1734 1195 1908 1236 tandem
1941 1196 2072 1236 etiam

1187 1257 1231 1297 in
1246 1256 1452 1298 ultionem
1468 1259 1701 1300 excanduit
1716 1259 1744 1300 :'
1761 1261 1851 1313 qui,
1868 1261 1880 1282 ‘
1897 1260 2073 1300 redacto

1188 1321 1305 1372 prius
1319 1321 1360 1360 in
1376 1321 1648 1374 disciplinam
1662 1324 1813 1374 milite,
1826 1335 1923 1364 cum
1939 1323 2073 1364 hosti--

1187 1384 1265 1424 bus
1284 1385 1498 1425 commisit
1514 1385 1649 1426 aciem
1667 1400 1679 1437 ;
1700 1385 1850 1428 effecit
1869 1387 2072 1442 quodque

1186 1459 1311 1488 nemo
1330 1449 1516 1488 visurum
1538 1462 1583 1489 se
1605 1462 1786 1502 unquam
1806 1457 2075 1502 speraverat,

1186 1518 1234 1551 ut
1254 1510 1469 1565 fugientes
1503 1514 1790 1554 Numantinos
1811 1514 1992 1567 quisque
2014 1514 2074 1554 vi·

1185 1575 1324 1615 deret.
1380 1576 1554 1617 Dedere
1580 1578 1709 1618 etiam
1738 1590 1834 1618 sese
1853 1578 2072 1628 volebant,

1185 1639 1221 1679 si
1241 1640 1465 1680 toleranda
1484 1640 1586 1681 viris
1608 1641 1937 1694 imperarentur.
1981 1642 2070 1683 Sed

1185 1716 1280 1744 cum
1307 1704 1454 1756 Scipio
1475 1717 1619 1745 veram
1640 1707 1773 1746 vellet
1803 1711 1848 1747 et
1875 1707 1967 1748 sine
1997 1718 2071 1746 ex-

1185 1768 1386 1820 ceptione
1411 1769 1651 1821 vietoriam‚
1680 1782 1732 1810 eo
1761 1771 2070 1811 necessitatum

1184 1833 1406 1885 compulsi,
1423 1833 1620 1886 primum,
1637 1840 1687 1874 ut
1702 1834 1916 1875 destinata
1930 1839 2066 1875 morte

1183 1896 1227 1936 in
1271 1898 1468 1949 proelium
1505 1903 1698 1949 ruerent,
1730 1911 1828 1939 cum
1865 1910 1912 1939 se
1950 1898 2069 1951 prius

1183 1961 1338 2014 epulis,
1380 1962 1502 2014 quasi
1545 1961 1727 2014 inferiis,
1755 1962 2067 2016 implevissent,

1183 2025 1324 2066 carnis
1340 2025 1588 2066 semicrudae
1605 2034 1652 2067 et
1668 2026 1896 2081 celiae‚(sic
1912 2035 2067 2068 vocant

1182 2089 1429 2142 indigenam
1474 2102 1527 2130 ex
1556 2089 1775 2131 frumento
1813 2091 2069 2143 potionem.)

1182 2153 1459 2194 Intellectum
1474 2153 1528 2194 ab
1545 2154 1816 2207 Imperatore
1831 2156 2066 2196 consilIum.

1181 2218 1338 2271 Itaque
1360 2230 1443 2257 non
1462 2224 1528 2258 est
1546 2217 1751 2270 permissa
1780 2228 1922 2270 pugna
1939 2219 2067 2260 mori-

1183 2282 1304 2322 turis.
1362 2281 1470 2322 Cum
1485 2280 1602 2321 fossa
1635 2287 1766 2334 atque
1794 2282 1943 2334 lorica,
1960 2295 2062 2336 qua-

1183 2353 1369 2399 tuorque
1410 2345 1559 2385 castris
1603 2345 1891 2386 circumdatos
1930 2345 2066 2387 fames

1182 2419 1416 2464 premeret,
1434 2412 1486 2453 ab
1505 2412 1616 2453 duce
1645 2419 1818 2454 orantes
1847 2414 2063 2466 proeiium,

1181 2482 1231 2517 ut
1250 2481 1451 2530 tanquam
1463 2476 1578 2516 viros
1597 2476 1837 2518 occideret.
1890 2476 1973 2519 Sed
1992 2477 2063 2518 ubi

1182 2553 1264 2582 non
1302 2542 1611 2593 impetrarunt,
1651 2540 1816 2592 placuit
1861 2540 2060 2592 eruptio:

1180 2605 1242 2644 sic
1281 2609 1485 2644 conserta
1516 2615 1659 2654 manu,
1694 2603 1869 2655 plurimi
1902 2603 2060 2653 occisi;

1178 2674 1223 2708 et
1245 2680 1340 2708 cum
1370 2672 1546 2721 urgeret
1575 2666 1724 2720 fames,
1751 2668 2062 2721 aliquantisper

1176 2731 1295 2780 inde,
1310 2732 1390 2772 hoc
1405 2737 1488 2784 est,
1502 2744 1555 2771 ex
1569 2731 1868 2783 cadaveribus,
1885 2733 2058 2774 vixere:

1175 2796 1402 2837 novissime
1424 2795 1648 2836 consilium
1670 2794 1786 2848 fugae
1819 2796 1931 2837 sedit
1949 2810 1961 2846 ;
1982 2797 2058 2837 sed

1174 2862 1254 2901 hoe
1274 2873 1464 2914 quoque,
1484 2861 1618 2912 ruptis
1639 2873 1843 2918 equorum
1863 2863 2062 2915 cingulis,

1174 2937 1329 2964 uxores
1359 2924 1558 2964 ademere
1592 2936 1763 2965 summo*
1792 2926 1955 2966 scelere
1982 2939 2061 2979 per

1173 3001 1377 3029 amorem.
1449 2989 1608 3041 Itaque
1645 2988 1765 3028 exitu
1813 2988 2055 3041 deplorato,

1172 3053 1215 3092 in
1246 3053 1439 3092 ultimam
1472 3052 1634 3092 rabiem
1664 3051 1938 3106 furoremque
1956 3066 2057 3094 con-

1172 3116 1302 3167 versi,
1321 3120 1538 3168 postremo
1560 3116 1667 3154 mori
1685 3116 1763 3155 hoc
1783 3128 1940 3167 genere
1961 3116 2054 3156 des-

1173 3179 1388 3219 tinarunt:
1410 3179 1542 3218 duces
1559 3191 1670 3230 suos,
1686 3191 1748 3228 se,
1768 3180 2053 3231 patriamque,

1172 3242 1290 3284 ferro
1321 3251 1366 3284 et
1397 3255 1578 3294 veneno,
1611 3242 1891 3294 subjectoque
1931 3244 2053 3284 undi-

1173 3319 1256 3360 que
1273 3307 1387 3358 igne,
1406 3305 1684 3358 premerunt-²
1743 3307 1892 3347 Oliver.

1223 3370 1424 3423 Scipione]
1436 3369 1640 3410 Africano
1656 3369 1910 3420 posteriore,
1922 3370 2050 3411 etiam

1171 3434 1453 3487 Numantino,
1499 3444 1524 3472 a
1568 3432 1806 3472 Numantia
1863 3433 2050 3475 devicta.

1169 3502 1348 3604 Basilidas
1366 3565 1404 3602 et
1431 3557 1620 3609 membra]
1650 3556 1738 3598 Aut
1770 3558 2050 3614 ephexegesis
