2320 4004
332 290 474 344 1194

329 434 376 462 se
394 434 491 462 cum
510 421 706 463 incendia
734 420 871 462 AEtnae
908 422 1205 474 protulissent,

318 487 502 538 juvenes
520 488 604 526 duo
623 487 810 526 sublatos
830 493 1032 539 parentes
1053 499 1204 528 evexe-

326 554 430 590 runt
466 551 579 590 inter
615 549 805 590 flammas
852 551 975 590 illaesi
1021 551 1202 602 ignibus,

327 613 496 653 Horum
531 613 778 659 memoriam
813 613 873 652 ita
903 621 1106 654 venerata
1135 621 1203 655 est

324 676 569 728 posteritas,
597 682 645 716 ut
677 676 890 727 sepulchri
921 676 1037 716 locus
1069 679 1202 716 nomi-

325 745 505 779 naretur
524 740 710 791 Campus
731 738 928 790 piorum.’
959 740 1109 779 Oliver.

378 805 400 855 ς
430 808 454 843 5
486 803 570 842 Nec
588 816 679 853 ergo
698 802 870 853 Argiva]
901 803 1101 844 Quamvis
1134 815 1202 843 su-

323 866 470 918 perius
505 867 746 919 exemplum
783 865 941 906 clarius
977 877 1070 906 esse
1113 866 1201 905 dix·

324 930 428 971 erim
476 938 618 971 tamen
663 942 746 970 non
794 929 983 968 diminuo
1030 930 1200 970 laudem

323 993 603 1043 Graecorum
633 1005 732 1032 nam
776 993 945 1032 Cleobis
975 998 1019 1032 et
1066 994 1195 1034 Biton

322 1056 473 1109 Argivi
493 1056 630 1108 fuere.
659 1057 785 1096 Idem.

376 1120 489 1161 Sicut
521 1120 701 1173 Scythis]
739 1118 909 1171 Scythae
932 1119 1080 1171 populi
1099 1119 1200 1170 Sep-

323 1183 623 1229 tentrionales‚
656 1182 710 1222 de
731 1181 886 1234 quibus
917 1182 1050 1221 multa
1068 1182 1202 1222 Justi.

319 1258 400 1287 nus
419 1247 641 1299 eleganter
659 1245 846 1297 scripsit.
896 1245 1006 1284 Nam
1027 1251 1199 1296 gentem

319 1310 435 1350 illam
473 1310 579 1350 dicit
613 1309 797 1348 omnium
847 1308 1199 1359 antiquissimam,

319 1375 437 1414 nulla
464 1372 685 1413 libidinum
715 1371 955 1423 cupiditate
975 1376 1197 1421 vexatam;

317 1439 478 1491 quippe
511 1438 584 1490 qui
616 1449 763 1476 aurum
793 1442 839 1476 et
870 1442 1092 1487 argentum
1114 1448 1198 1476 non

318 1501 458 1542 minus
479 1506 777 1553 aspernantur,
795 1511 921 1552 quam
942 1498 1012 1538 alii
1042 1510 1197 1539 concu-

318 1565 517 1617 piscunt3
544 1577 626 1605 non
647 1563 793 1604 domos
813 1563 914 1612 illis,
946 1575 1024 1603 nec
1057 1568 1197 1603 certas

318 1628 443 1670 sedes
476 1640 596 1669 esse:
630 1640 708 1680 per
732 1627 915 1667 incultas
934 1626 1199 1678 solitudines,

317 1705 416 1733 cum
444 1692 646 1732 armentis
666 1697 710 1731 et
729 1690 944 1743 gregibus,
977 1690 1129 1742 quibus
1149 1702 1195 1729 se

317 1769 500 1810 suosque
532 1758 669 1808 alunt,
703 1768 872 1808 semper
892 1755 1037 1807 vagari
1060 1755 1195 1806 plaus-

316 1821 479 1873 trisque
502 1821 620 1860 vehi:
652 1819 765 1872 apud
796 1832 899 1872 quos
924 1820 1083 1858 nullum
1105 1831 1195 1859 sce-

316 1884 384 1924 lus
406 1883 524 1923 furto
542 1883 726 1935 gravius.
780 1883 908 1923 Lanae
939 1896 1058 1923 usum
1079 1883 1196 1934 igno-

314 1952 430 1998 rant,
459 1945 605 1986 ferinis
626 1952 790 1987 tantum
810 1945 992 1998 pellibus
1012 1952 1199 1987 utentes.

315 2012 585 2053 Fortissimos
624 2012 735 2051 viros
773 2023 847 2051 eos
879 2023 971 2051 esse
1009 2017 1195 2062 constat,

314 2075 389 2128 qui
408 2076 566 2115 alienas
583 2081 735 2127 gentes
749 2074 902 2127 saepius
914 2075 1195 2125 subegerunt3

317 2138 402 2191 ipsi
425 2151 528 2179 vero
556 2145 767 2191 perpetuo
787 2138 841 2178 ab
858 2139 994 2178 alieno
1014 2139 1195 2191 imperio

315 2202 385 2242 vel
404 2202 554 2242 intacti
577 2213 784 2251 mansere,
819 2202 884 2241 vel
905 2201 1069 2242 invicti.
1125 2203 1196 2242 De

313 2264 467 2318 quibus
499 2265 747 2304 Herodotus
778 2265 912 2305 multo
941 2266 1090 2317 plura;
1118 2267 1195 2307 sed

313 2327 422 2369 illud
482 2327 687 2379 imprimis
741 2329 943 2368 memoria
1006 2329 1195 2382 dignum,

314 2390 430 2446 qnod
456 2404 551 2431 cum
585 2391 815 2443 Cambyses
847 2393 1078 2432 Persarum
1118 2405 1194 2432 rex

313 2455 399 2497 illis
419 2455 575 2495 bellum
595 2454 753 2495 inferre
784 2463 980 2508 cuperet,
1013 2457 1055 2496 id
1080 2458 1194 2509 prius

314 2523 491 2565 consilio
519 2521 664 2562 facere
698 2523 844 2563 voluit.
900 2523 1054 2576 Itaque
1081 2525 1195 2576 lega-

315 2593 384 2628 tos
405 2592 603 2638 tanquam
625 2586 920 2638 exploratores
940 2599 1034 2626 cum
1054 2600 1196 2628 mune-

315 2650 433 2690 ribus
475 2650 618 2688 misit:
666 2661 843 2689 munera
874 2661 974 2690 vero
1007 2649 1195 2701 fuerunt,

317 2724 458 2760 arcus,
475 2712 660 2763 sagittae,
679 2714 892 2752 vasculum
915 2713 1016 2764 vini,
1047 2726 1193 2766 panes,

316 2781 362 2816 et
379 2787 552 2815 aureum
572 2775 741 2814 monile.
799 2775 1059 2827 Introducti,
1096 2789 1193 2816 cum

315 2838 572 2890 legationem
610 2837 923 2888 exposuissent,
960 2845 1005 2877 et
1052 2851 1195 2878 mune-

316 2913 366 2941 ra
402 2900 675 2950 obtulissent,
727 2907 772 2940 et
811 2902 901 2940 Rex
938 2901 1192 2952 Scytharum

317 2977 465 3005 arcum
518 2964 653 3015 primo
701 2964 864 3002 intendi
896 2965 1112 3016 jussisset,
1152 2967 1194 3004 in

317 3033 464 3080 partes
501 3026 650 3077 fregit,
687 3026 759 3079 qui
798 3027 1031 3068 tendebat:
1064 3042 1194 3081 panes

316 3092 472 3132 deiude
509 3104 601 3131 enm
637 3096 871 3142 gustasset,
908 3092 1103 3143 qnaesivit
1141 3106 1194 3132 ex

317 3156 396 3205 eis,
430 3155 532 3208 quid
555 3154 638 3194 cibi
671 3166 804 3204 genus
823 3161 966 3194 esset:
997 3157 1068 3208 qui
1098 3169 1194 3197 cum

317 3219 655 3271 respondissent,
667 3230 751 3269 quo
761 3219 1041 3258 communiter
1049 3232 1194 3260 omnes

316 3288 611 3328 vescerentur,
631 3293 654 3320 e
673 3288 871 3333 terraque
892 3282 1032 3322 nasci:
1063 3284 1193 3323 inter-

317 3346 486 3398 rogavit
526 3351 629 3396 quot
661 3355 792 3383 annos
827 3343 955 3383 vitam
986 3345 1194 3395 produce-

318 3416 436 3450 rent:
484 3407 796 3459 responderunt
815 3407 866 3446 ad
887 3409 1194 3460 octogesimum

319 3484 496 3524 paucos,
531 3472 582 3510 ad
621 3470 902 3510 centesimum
938 3472 1090 3523 nullos,
1126 3474 1193 3513 vel

321 3543 441 3578 certe
488 3535 735 3576 rarissimos.
787 3535 892 3575 Tum
939 3535 1037 3578 ille:
1093 3538 1192 3578 Non

915 304 1092 343 NOTAE
1134 304 1467 345 VARIORUM
1510 305 1574 344 IN

1265 423 1416 464 mirum
1437 428 1519 474 est,
1536 423 1691 476 inquit,
1709 436 1804 465 nam
1821 437 1872 466 eo
1891 436 2049 478 genere
2067 426 2142 468 ali·

1265 489 1398 527 menti
1434 492 1661 526 vescuntur
1688 487 1876 528 homines
1912 489 2059 539 vestri,
2091 495 2141 532 ut

1265 550 1414 588 mirum
1435 549 1629 588 videatur
1654 561 1727 590 eos
1759 562 1884 601 posse
1904 558 1988 591 tam
2011 553 2139 606 longe

1266 614 1394 652 vitam
1416 612 1668 664 producere.
1699 615 1867 655 Deinde
1883 628 1979 656 cum
1994 617 2138 657 vinum

1264 682 1495 727 gustasset,
1526 677 1706 717 mirifice
1742 678 1968 729 probavit:
2011 679 2138 732 idque

1263 745 1649 791 temperamentum
1695 740 1872 781 alterius
1913 741 1998 782 cibi
2046 755 2138 782 esse

1264 802 1372 842 dixit
1394 815 1405 844 ε
1437 803 1509 843 ubi
1542 815 1644 843 vero
1673 805 1830 844 monile
1850 803 1976 855 vidit,
1993 805 2135 847 Mina-

1264 872 1350 917 tur,
1384 867 1536 919 iuquit,
1571 867 1671 906 mihi
1705 872 1894 907 catenas.
1948 868 2007 908 Et
2039 869 2139 921 quia

1261 927 1424 969 ferrum
1457 941 1540 969 non
1570 929 1730 970 habent
1757 929 1943 982 Scythae,
1975 930 2052 970 sed
2083 943 2138 970 ex

1264 1005 1366 1033 auro
1386 994 1525 1032 onmia
1542 992 1830 1042 fabricabant,
1847 992 1972 1033 duxit
1990 1004 2064 1033 eos
2084 993 2138 1033 ad

1265 1070 1500 1110 carcerem,
1557 1059 1628 1098 ubi
1677 1064 1844 1099 catenae
1882 1064 2008 1098 erant
2041 1070 2137 1098 eum

1265 1122 1467 1173 collariis,
1481 1136 1576 1176 quae
1596 1123 1650 1162 ad
1672 1122 1989 1162 similitudinem
2007 1122 2140 1161 moni·

1264 1183 1363 1224 lium
1402 1192 1528 1226 sunt:
1559 1185 1672 1238 quod
1693 1186 1745 1225 ad
1766 1185 1909 1225 cibum
1931 1185 2136 1236 pertinet,

1263 1246 1388 1288 duxit
1407 1260 1479 1288 eos
1493 1249 1545 1288 ad
1568 1261 1754 1289 mensam
1765 1248 1890 1299 Solis,
1905 1248 1975 1288 ubi
1987 1260 2138 1288 carnes

1262 1322 1431 1362 semper
1444 1318 1602 1361 coctae,
1618 1318 1664 1352 et
1683 1312 1750 1352 lac
1769 1312 2012 1363 appositum
2027 1316 2138 1361 erat,

1261 1373 1331 1412 ubi
1350 1375 1590 1427 quicunque
1609 1375 1754 1423 vellet,
1790 1374 1850 1415 ibi
1884 1374 2015 1414 vitam
2045 1386 2135 1413 sus-

1262 1443 1467 1478 tentaret.
1496 1439 1606 1479 Solis
1625 1439 1862 1491 appellant,
1881 1438 1980 1490 quia
1991 1432 2134 1478 Solem

1260 1502 1432 1541 unicum
1460 1502 1604 1541 Deum
1636 1513 1732 1542 esse
1769 1500 1968 1552 credunt,
2000 1505 2046 1541 et
2064 1499 2136 1540 die

1261 1571 1506 1617 reparatum
1540 1567 1692 1607 dicunt
1733 1566 1845 1619 quod
1879 1571 2006 1606 nocte
2031 1578 2134 1606 eon-

1259 1636 1473 1682 sumptum
1504 1629 1647 1670 fuerit.
1703 1630 1812 1669 Erat
1831 1635 1975 1669 autem
1991 1640 2137 1668 mense

1259 1694 1348 1733 Soli
1361 1705 1500 1743 sacra,
1513 1706 1639 1745 quam
1654 1705 1748 1733 cum
1762 1692 1895 1743 legati
1912 1691 2134 1741 vidIssent,

1259 1762 1348 1796 tum
1376 1755 1489 1806 Rex,
1516 1755 1784 1806 Melioribus,
1814 1755 1970 1807 inquit,
1998 1755 2133 1795 vesci-

1258 1831 1353 1859 mur
1373 1819 1495 1870 cibis,
1525 1819 1597 1872 qui
1623 1818 1677 1858 ad
1709 1822 1882 1859 centum
1907 1823 1953 1858 et
1981 1818 2135 1870 viginti

1256 1896 1386 1924 annos
1413 1882 1538 1924 facile
1572 1884 1856 1934 pervenimus.
1885 1881 2040 1921 deinde
2068 1894 2135 1922 ar-

1257 1960 1352 1988 cum
1367 1960 1494 1986 unum
1512 1959 1535 1986 e
1553 1947 1639 1986 suis
1655 1946 1714 1985 eis
1728 1945 1840 1986 tradi
1847 1944 1993 1996 jussit,
2006 1956 2132 1997 quem

1257 2008 1312 2049 ad
1351 2009 1607 2061 Cambysem
1638 2020 1781 2060 regem
1814 2006 2053 2057 deferrent,
2083 2019 2133 2047 ac

1259 2075 1343 2113 suis
1362 2073 1502 2114 verbis
1522 2072 1785 2121 nuntiarent,
1803 2076 1852 2111 ut
1871 2083 1967 2110 cum
1986 2082 2131 2110 arcum

1258 2138 1435 2179 tendere
1455 2144 1615 2191 posset,
1628 2142 1672 2177 et
1689 2137 1892 2188 sagittam
1917 2135 2134 2186 emittere,

1257 2209 1346 2242 tum
1394 2202 1561 2242 demum
1606 2200 1686 2240 sibi
1740 2200 1896 2239 bellum
1940 2198 2132 2240 inferret.

1258 2266 1492 2318 Cambyses
1514 2265 1584 2304 ubi
1604 2276 1655 2304 ea
1674 2263 1852 2314 audivit,
1884 2276 1980 2316 quae
2001 2263 2135 2316 legati

1258 2329 1571 2380 renuntiarunt,
1623 2334 1669 2368 et
1713 2339 1855 2367 arcum
1909 2327 2134 2367 intendere

1257 2393 1404 2445 coepit,
1432 2404 1527 2432 cum
1559 2404 1639 2432 nec
1671 2392 1779 2443 ipse,
1808 2403 1890 2430 nec
1910 2391 2133 2443 quisquam

1256 2468 1424 2497 suorum
1443 2454 1624 2496 flectere
1645 2453 1953 2494 autintendere
1974 2457 2134 2505 posset,

1256 2521 1440 2574 cognitis
1450 2519 1546 2560 hinc
1557 2518 1808 2571 Scytharum
1823 2517 2133 2567 viribus,omne

1256 2583 1471 2625 inferendi
1514 2582 1613 2623 belli
1649 2581 1869 2622 consilium
1916 2580 2131 2631 deposuit.

1259 2648 1385 2704 Quod
1419 2658 1522 2687 vero
1553 2646 1606 2686 ad
1632 2646 1744 2685 hunc
1764 2645 1902 2684 locum
1926 2643 2133 2694 pertinet.

1257 2713 1427 2765 Scythae
1457 2716 1616 2764 praeter
1644 2715 1805 2749 caetera
1829 2707 1932 2747 illud
1953 2706 2132 2758 diligen-

1256 2775 1418 2816 tissime
1446 2779 1638 2823 servant,
1669 2778 1717 2811 ut
1737 2770 1963 2823 sepulchra
1984 2780 2132 2821 paren-

1258 2844 1360 2884 tum,
1389 2849 1484 2890 qnae
1513 2835 1739 2875 voluerunt
1765 2833 1924 2872 habere
1946 2844 2131 2872 commu-

1257 2902 1342 2951 nia,
1400 2901 1565 2940 intacta
1620 2897 1909 2949 inviolataque
1967 2907 2132 2947 perma-

1256 2970 1400 3014 neant,
1436 2975 1530 3015 qnae
1566 2973 1650 3000 non
1699 2960 1836 2999 minus
1873 2963 2134 2999 venerantur

1256 3040 1380 3081 quam
1401 3039 1521 3066 sacra
1542 3025 1744 3065 Deorum.
1775 3024 1923 3067 Oliver.

1310 3091 1455 3141 Dario,
1486 3089 1571 3142 ξω]
1622 3089 1728 3129 Cum
1767 3088 1925 3127 Darius
1955 3085 2128 3126 armatis

1255 3156 1536 3208 septingentis
1552 3153 1736 3193 millibus
1749 3151 1961 3191 hominum
1982 3149 2130 3189 adver-

1256 3233 1324 3260 sus
1349 3218 1531 3270 Scythas
1562 3218 1753 3256 duxisset
1787 3214 2040 3263 exercitum,
2068 3213 2129 3252 illi

1257 3289 1398 3324 autem
1435 3293 1482 3320 se
1520 3281 1560 3320 in
1598 3281 1692 3319 loca
1724 3283 1815 3317 tuta
1855 3277 2132 3327 recepissent,

1254 3348 1418 3398 legatos
1439 3345 1550 3384 misit
1577 3343 1748 3392 Darius,
1779 3342 1850 3394 qui
1871 3341 2130 3390 nuntiarent,

1255 3417 1305 3452 ut
1337 3411 1416 3450 sibi
1454 3407 1670 3460 pugnandi
1711 3407 1877 3456 copiam
1922 3403 2128 3444 facerent.

1255 3474 1325 3515 Illi
1358 3471 1686 3524 responderunt,
1719 3481 1801 3508 non
1822 3468 2028 3519 facturos,
2047 3467 2129 3506 nisi

1255 3536 1511 3578 necessitate
1558 3533 1813 3584 compulsos.
1881 3530 2127 3571 Necessita-
