<?xml version="1.0" encoding="UTF-8"?>
<!DOCTYPE html PUBLIC "-//W3C//DTD XHTML 1.0 Transitional//EN"
    "http://www.w3.org/TR/xhtml1/DTD/xhtml1-transitional.dtd">
<html xmlns="http://www.w3.org/1999/xhtml" xml:lang="en" lang="en">
 <head>
  <title>
</title>
<meta http-equiv="Content-Type" content="text/html;charset=utf-8" />
  <meta name='ocr-system' content='tesseract 3.04.00' />
  <meta name='ocr-capabilities' content='ocr_page ocr_carea ocr_par ocr_line ocrx_word'/>
</head>
<body>
  <div class='ocr_page' id='page_1' title='image "./factorumdictorum03valeuoft_0453.png"; bbox 0 0 2346 3996; ppageno 0'>
   <div class='ocr_carea' id='block_1_1' title="bbox 556 309 1644 363">
    <p class='ocr_par' dir='ltr' id='par_1_1' title="bbox 556 309 1644 363">
     <span class='ocr_line' id='line_1_1' title="bbox 556 309 1644 363; baseline 0.001 -4"><span class='ocrx_word' id='word_1_1' title='bbox 556 320 821 362; x_wconf 73' lang='lat' dir='ltr'><strong>vALuRu</strong></span> <span class='ocrx_word' id='word_1_2' title='bbox 867 318 1108 359; x_wconf 75' lang='lat' dir='ltr'><strong>MAxlm</strong></span> <span class='ocrx_word' id='word_1_3' title='bbox 1153 320 1390 361; x_wconf 77' lang='lat' dir='ltr'><strong>L113.1x.</strong></span> <span class='ocrx_word' id='word_1_4' title='bbox 1430 323 1565 363; x_wconf 77' lang='lat' dir='ltr'><strong>CAP.</strong></span> <span class='ocrx_word' id='word_1_5' title='bbox 1594 309 1644 362; x_wconf 83' lang='lat'><strong>8.</strong></span> 
     </span>
    </p>
   </div>
   <div class='ocr_carea' id='block_1_2' title="bbox 196 437 1097 3614">
    <p class='ocr_par' dir='ltr' id='par_1_2' title="bbox 196 437 1097 3614">
     <span class='ocr_line' id='line_1_2' title="bbox 203 437 1083 495; baseline -0.007 -13"><span class='ocrx_word' id='word_1_6' title='bbox 203 452 348 495; x_wconf 77' lang='lat' dir='ltr'><strong>quam,</strong></span> <span class='ocrx_word' id='word_1_7' title='bbox 382 441 596 480; x_wconf 81' lang='lat' dir='ltr'><strong>Caesarem</strong></span> <span class='ocrx_word' id='word_1_8' title='bbox 634 438 768 490; x_wconf 77' lang='lat' dir='ltr'><strong>veliis,</strong></span> <span class='ocrx_word' id='word_1_9' title='bbox 809 449 859 477; x_wconf 88' lang='lat' dir='ltr'><strong>ac</strong></span> <span class='ocrx_word' id='word_1_10' title='bbox 898 437 1083 477; x_wconf 81' lang='lat' dir='ltr'><strong>Caesaris</strong></span> 
     </span>
     <span class='ocr_line' id='line_1_3' title="bbox 201 500 1084 553; baseline -0.008 -8"><span class='ocrx_word' id='word_1_11' title='bbox 201 505 414 545; x_wconf 84' lang='lat' dir='ltr'><strong>fortunam</strong></span> <span class='ocrx_word' id='word_1_12' title='bbox 434 501 720 553; x_wconf 86' lang='lat' dir='ltr'><strong>navigationis</strong></span> <span class='ocrx_word' id='word_1_13' title='bbox 735 500 952 541; x_wconf 85' lang='lat' dir='ltr'><strong>comitem.</strong></span> <span class='ocrx_word' id='word_1_14' title='bbox 973 500 1084 539; x_wconf 83' lang='lat' dir='ltr'><strong>&#39;rum</strong></span> 
     </span>
     <span class='ocr_line' id='line_1_4' title="bbox 202 563 1086 618; baseline -0.008 -9"><span class='ocrx_word' id='word_1_15' title='bbox 202 568 327 609; x_wconf 84' lang='lat' dir='ltr'><strong>obliti</strong></span> <span class='ocrx_word' id='word_1_16' title='bbox 347 565 618 618; x_wconf 77' lang='lat' dir='ltr'><strong>tempestatis</strong></span> <span class='ocrx_word' id='word_1_17' title='bbox 647 565 847 615; x_wconf 82' lang='lat' dir='ltr'><strong>remiges,</strong></span> <span class='ocrx_word' id='word_1_18' title='bbox 867 563 1000 602; x_wconf 84' lang='lat' dir='ltr'>innixi</span> <span class='ocrx_word' id='word_1_19' title='bbox 1021 575 1086 602; x_wconf 90' lang='lat' dir='ltr'><strong>re·</strong></span> 
     </span>
     <span class='ocr_line' id='line_1_5' title="bbox 201 626 1086 683; baseline -0.008 -12"><span class='ocrx_word' id='word_1_20' title='bbox 201 633 298 682; x_wconf 74' lang='lat' dir='ltr'><strong>mis,</strong></span> <span class='ocrx_word' id='word_1_21' title='bbox 329 629 641 683; x_wconf 79' lang='lat' dir='ltr'><strong>promptissime</strong></span> <span class='ocrx_word' id='word_1_22' title='bbox 672 626 858 667; x_wconf 84' lang='lat' dir='ltr'><strong>fluminis</strong></span> <span class='ocrx_word' id='word_1_23' title='bbox 878 627 1086 677; x_wconf 88' lang='lat' dir='ltr'><strong>impetum</strong></span> 
     </span>
     <span class='ocr_line' id='line_1_6' title="bbox 199 689 1085 746; baseline -0.005 -12"><span class='ocrx_word' id='word_1_24' title='bbox 199 705 405 746; x_wconf 80' lang='lat' dir='ltr'><strong>superare</strong></span> <span class='ocrx_word' id='word_1_25' title='bbox 424 691 715 741; x_wconf 79' lang='lat' dir='ltr'><strong>contendunt3</strong></span> <span class='ocrx_word' id='word_1_26' title='bbox 731 691 846 744; x_wconf 90' lang='lat' dir='ltr'><strong>quod</strong></span> <span class='ocrx_word' id='word_1_27' title='bbox 867 695 915 730; x_wconf 90' lang='lat' dir='ltr'><strong>ut</strong></span> <span class='ocrx_word' id='word_1_28' title='bbox 929 689 1085 730; x_wconf 82' lang='lat' dir='ltr'><strong>frustra</strong></span> 
     </span>
     <span class='ocr_line' id='line_1_7' title="bbox 199 752 1086 805; baseline -0.008 -8"><span class='ocrx_word' id='word_1_29' title='bbox 199 756 347 797; x_wconf 84' lang='lat' dir='ltr'><strong>conati</strong></span> <span class='ocrx_word' id='word_1_30' title='bbox 390 762 508 805; x_wconf 89' lang='lat' dir='ltr'><strong>sunt,</strong></span> <span class='ocrx_word' id='word_1_31' title='bbox 547 757 696 796; x_wconf 82' lang='lat' dir='ltr'><strong>Caesar</strong></span> <span class='ocrx_word' id='word_1_32' title='bbox 727 754 875 794; x_wconf 86' lang='lat' dir='ltr'><strong>multis</strong></span> <span class='ocrx_word' id='word_1_33' title='bbox 911 752 1086 792; x_wconf 86' lang='lat' dir='ltr'><strong>obrutus</strong></span> 
     </span>
     <span class='ocr_line' id='line_1_8' title="bbox 198 815 1086 870; baseline -0.007 -10"><span class='ocrx_word' id='word_1_34' title='bbox 198 818 418 870; x_wconf 85' lang='lat' dir='ltr'><strong>fluctibus,</strong></span> <span class='ocrx_word' id='word_1_35' title='bbox 452 825 498 859; x_wconf 90' lang='lat' dir='ltr'><strong>et</strong></span> <span class='ocrx_word' id='word_1_36' title='bbox 538 818 581 858; x_wconf 88' lang='lat' dir='ltr'><strong>in</strong></span> <span class='ocrx_word' id='word_1_37' title='bbox 619 818 712 870; x_wconf 89' lang='lat' dir='ltr'><strong>ipso</strong></span> <span class='ocrx_word' id='word_1_38' title='bbox 749 816 935 857; x_wconf 83' lang='lat' dir='ltr'><strong>fluminis</strong></span> <span class='ocrx_word' id='word_1_39' title='bbox 977 815 1086 855; x_wconf 92' lang='lat' dir='ltr'><strong>ostio</strong></span> 
     </span>
     <span class='ocr_line' id='line_1_9' title="bbox 200 878 1087 934; baseline -0.007 -11"><span class='ocrx_word' id='word_1_40' title='bbox 200 883 362 934; x_wconf 86' lang='lat' dir='ltr'><strong>magnis</strong></span> <span class='ocrx_word' id='word_1_41' title='bbox 383 882 598 934; x_wconf 83' lang='lat' dir='ltr'><strong>susceptis</strong></span> <span class='ocrx_word' id='word_1_42' title='bbox 619 879 843 933; x_wconf 88' lang='lat' dir='ltr'><strong>periculis,</strong></span> <span class='ocrx_word' id='word_1_43' title='bbox 877 878 1087 931; x_wconf 87' lang='lat' dir='ltr'><strong>guberna-</strong></span> 
     </span>
     <span class='ocr_line' id='line_1_10' title="bbox 205 942 1086 998; baseline -0.007 -12"><span class='ocrx_word' id='word_1_44' title='bbox 205 947 306 998; x_wconf 89' lang='lat' dir='ltr'><strong>tori,</strong></span> <span class='ocrx_word' id='word_1_45' title='bbox 335 952 384 987; x_wconf 90' lang='lat' dir='ltr'><strong>ut</strong></span> <span class='ocrx_word' id='word_1_46' title='bbox 422 947 602 995; x_wconf 89' lang='lat' dir='ltr'><strong>rediret,</strong></span> <span class='ocrx_word' id='word_1_47' title='bbox 652 944 813 984; x_wconf 90' lang='lat' dir='ltr'><strong>invitus</strong></span> <span class='ocrx_word' id='word_1_48' title='bbox 859 942 1086 983; x_wconf 81' lang='lat' dir='ltr'><strong>admodum</strong></span> 
     </span>
     <span class='ocr_line' id='line_1_11' title="bbox 202 1006 1087 1052; baseline -0.008 0"><span class='ocrx_word' id='word_1_49' title='bbox 202 1010 363 1052; x_wconf 88' lang='lat' dir='ltr'><strong>cessit.’</strong></span> <span class='ocrx_word' id='word_1_50' title='bbox 419 1011 531 1051; x_wconf 86' lang='lat' dir='ltr'><strong>Haec</strong></span> <span class='ocrx_word' id='word_1_51' title='bbox 550 1009 828 1050; x_wconf 80' lang='lat' dir='ltr'><strong>Plutarchus.</strong></span> <span class='ocrx_word' id='word_1_52' title='bbox 874 1006 963 1046; x_wconf 89' lang='lat' dir='ltr'><strong>Alii</strong></span> <span class='ocrx_word' id='word_1_53' title='bbox 984 1018 1087 1046; x_wconf 88' lang='lat' dir='ltr'><strong>vero</strong></span> 
     </span>
     <span class='ocr_line' id='line_1_12' title="bbox 202 1067 1087 1127; baseline -0.009 -12"><span class='ocrx_word' id='word_1_54' title='bbox 202 1075 369 1125; x_wconf 84' lang='lat' dir='ltr'><strong>dicunt,</strong></span> <span class='ocrx_word' id='word_1_55' title='bbox 389 1073 505 1127; x_wconf 83' lang='lat' dir='ltr'><strong>quod</strong></span> <span class='ocrx_word' id='word_1_56' title='bbox 525 1084 622 1113; x_wconf 90' lang='lat' dir='ltr'><strong>cum</strong></span> <span class='ocrx_word' id='word_1_57' title='bbox 640 1073 787 1112; x_wconf 84' lang='lat' dir='ltr'><strong>Caesar</strong></span> <span class='ocrx_word' id='word_1_58' title='bbox 813 1069 982 1110; x_wconf 85' lang='lat' dir='ltr'><strong>videret</strong></span> <span class='ocrx_word' id='word_1_59' title='bbox 1000 1067 1087 1108; x_wconf 89' lang='lat' dir='ltr'><strong>An-</strong></span> 
     </span>
     <span class='ocr_line' id='line_1_13' title="bbox 203 1133 1088 1189; baseline -0.008 -11"><span class='ocrx_word' id='word_1_60' title='bbox 203 1138 383 1188; x_wconf 88' lang='lat' dir='ltr'><strong>tonium,</strong></span> <span class='ocrx_word' id='word_1_61' title='bbox 401 1149 528 1189; x_wconf 90' lang='lat' dir='ltr'><strong>quem</strong></span> <span class='ocrx_word' id='word_1_62' title='bbox 542 1133 774 1175; x_wconf 83' lang='lat' dir='ltr'><strong>Brundusii</strong></span> <span class='ocrx_word' id='word_1_63' title='bbox 793 1133 992 1173; x_wconf 90' lang='lat' dir='ltr'><strong>relictum</strong></span> <span class='ocrx_word' id='word_1_64' title='bbox 1010 1143 1088 1184; x_wconf 89' lang='lat' dir='ltr'><strong>per</strong></span> 
     </span>
     <span class='ocr_line' id='line_1_14' title="bbox 202 1194 1086 1251; baseline -0.009 -9"><span class='ocrx_word' id='word_1_65' title='bbox 202 1202 371 1242; x_wconf 80' lang='lat' dir='ltr'><strong>litteras</strong></span> <span class='ocrx_word' id='word_1_66' title='bbox 397 1201 629 1251; x_wconf 82' lang='lat' dir='ltr'><strong>acciverat,</strong></span> <span class='ocrx_word' id='word_1_67' title='bbox 658 1210 705 1238; x_wconf 89' lang='lat' dir='ltr'><strong>se</strong></span> <span class='ocrx_word' id='word_1_68' title='bbox 725 1197 889 1237; x_wconf 89' lang='lat' dir='ltr'><strong>tardius</strong></span> <span class='ocrx_word' id='word_1_69' title='bbox 909 1194 1086 1249; x_wconf 87' lang='lat' dir='ltr'><strong>Apollo-</strong></span> 
     </span>
     <span class='ocr_line' id='line_1_15' title="bbox 203 1260 1087 1315; baseline -0.008 -11"><span class='ocrx_word' id='word_1_70' title='bbox 203 1264 316 1304; x_wconf 88' lang='lat' dir='ltr'><strong>niam</strong></span> <span class='ocrx_word' id='word_1_71' title='bbox 353 1275 448 1304; x_wconf 90' lang='lat' dir='ltr'><strong>cum</strong></span> <span class='ocrx_word' id='word_1_72' title='bbox 487 1262 654 1315; x_wconf 88' lang='lat' dir='ltr'><strong>reliqua</strong></span> <span class='ocrx_word' id='word_1_73' title='bbox 696 1260 918 1312; x_wconf 87' lang='lat' dir='ltr'><strong>copiarum</strong></span> <span class='ocrx_word' id='word_1_74' title='bbox 962 1265 1087 1312; x_wconf 86' lang='lat' dir='ltr'><strong>parte</strong></span> 
     </span>
     <span class='ocr_line' id='line_1_16' title="bbox 202 1323 1088 1377; baseline -0.008 -10"><span class='ocrx_word' id='word_1_75' title='bbox 202 1325 417 1377; x_wconf 84' lang='lat' dir='ltr'><strong>conferre,</strong></span> <span class='ocrx_word' id='word_1_76' title='bbox 435 1326 592 1366; x_wconf 90' lang='lat' dir='ltr'><strong>timens</strong></span> <span class='ocrx_word' id='word_1_77' title='bbox 622 1336 676 1365; x_wconf 89' lang='lat' dir='ltr'><strong>ne</strong></span> <span class='ocrx_word' id='word_1_78' title='bbox 709 1323 1044 1374; x_wconf 83' lang='lat' dir='ltr'><strong>interciperetur</strong></span> <span class='ocrx_word' id='word_1_79' title='bbox 1063 1333 1088 1361; x_wconf 92' lang='lat' dir='ltr'><strong>a</strong></span> 
     </span>
     <span class='ocr_line' id='line_1_17' title="bbox 204 1386 1088 1443; baseline -0.007 -12"><span class='ocrx_word' id='word_1_80' title='bbox 204 1391 472 1443; x_wconf 88' lang='lat' dir='ltr'><strong>Pompeiana</strong></span> <span class='ocrx_word' id='word_1_81' title='bbox 492 1391 649 1440; x_wconf 86' lang='lat' dir='ltr'><strong>classe,</strong></span> <span class='ocrx_word' id='word_1_82' title='bbox 675 1400 772 1429; x_wconf 90' lang='lat' dir='ltr'><strong>cum</strong></span> <span class='ocrx_word' id='word_1_83' title='bbox 805 1393 971 1427; x_wconf 86' lang='lat' dir='ltr'><strong>tautam</strong></span> <span class='ocrx_word' id='word_1_84' title='bbox 998 1386 1088 1426; x_wconf 92' lang='lat' dir='ltr'><strong>An-</strong></span> 
     </span>
     <span class='ocr_line' id='line_1_18' title="bbox 201 1451 1089 1503; baseline -0.005 -9"><span class='ocrx_word' id='word_1_85' title='bbox 201 1454 311 1496; x_wconf 86' lang='lat' dir='ltr'><strong>tonii</strong></span> <span class='ocrx_word' id='word_1_86' title='bbox 329 1466 487 1494; x_wconf 87' lang='lat' dir='ltr'><strong>moram</strong></span> <span class='ocrx_word' id='word_1_87' title='bbox 509 1451 625 1493; x_wconf 84' lang='lat' dir='ltr'><strong>ferre</strong></span> <span class='ocrx_word' id='word_1_88' title='bbox 658 1464 741 1492; x_wconf 90' lang='lat' dir='ltr'><strong>non</strong></span> <span class='ocrx_word' id='word_1_89' title='bbox 773 1456 938 1503; x_wconf 82' lang='lat' dir='ltr'><strong>posset,</strong></span> <span class='ocrx_word' id='word_1_90' title='bbox 957 1456 1089 1490; x_wconf 90' lang='lat' dir='ltr'><strong>nocte</strong></span> 
     </span>
     <span class='ocr_line' id='line_1_19' title="bbox 203 1515 1089 1567; baseline -0.005 -10"><span class='ocrx_word' id='word_1_91' title='bbox 203 1517 403 1559; x_wconf 82' lang='lat' dir='ltr'><strong>simulato</strong></span> <span class='ocrx_word' id='word_1_92' title='bbox 423 1517 588 1567; x_wconf 88' lang='lat' dir='ltr'><strong>morbo,</strong></span> <span class='ocrx_word' id='word_1_93' title='bbox 602 1528 648 1556; x_wconf 89' lang='lat' dir='ltr'><strong>se</strong></span> <span class='ocrx_word' id='word_1_94' title='bbox 667 1515 933 1555; x_wconf 83' lang='lat' dir='ltr'><strong>subtraxisse</strong></span> <span class='ocrx_word' id='word_1_95' title='bbox 949 1526 973 1554; x_wconf 91' lang='lat' dir='ltr'><strong>e</strong></span> <span class='ocrx_word' id='word_1_96' title='bbox 990 1526 1089 1554; x_wconf 89' lang='lat' dir='ltr'><strong>con-</strong></span> 
     </span>
     <span class='ocr_line' id='line_1_20' title="bbox 206 1578 1089 1633; baseline -0.001 -12"><span class='ocrx_word' id='word_1_97' title='bbox 206 1581 338 1633; x_wconf 83' lang='lat' dir='ltr'><strong>vivio,</strong></span> <span class='ocrx_word' id='word_1_98' title='bbox 354 1588 402 1622; x_wconf 88' lang='lat' dir='ltr'><strong>et</strong></span> <span class='ocrx_word' id='word_1_99' title='bbox 420 1586 593 1633; x_wconf 87' lang='lat' dir='ltr'><strong>sumpto</strong></span> <span class='ocrx_word' id='word_1_100' title='bbox 612 1580 761 1620; x_wconf 89' lang='lat' dir='ltr'><strong>servili</strong></span> <span class='ocrx_word' id='word_1_101' title='bbox 781 1578 947 1631; x_wconf 89' lang='lat' dir='ltr'><strong>habitu,</strong></span> <span class='ocrx_word' id='word_1_102' title='bbox 977 1580 1089 1620; x_wconf 87' lang='lat' dir='ltr'><strong>clam</strong></span> 
     </span>
     <span class='ocr_line' id='line_1_21' title="bbox 204 1640 1091 1696; baseline -0.006 -11"><span class='ocrx_word' id='word_1_103' title='bbox 204 1644 400 1685; x_wconf 87' lang='lat' dir='ltr'><strong>omnibus</strong></span> <span class='ocrx_word' id='word_1_104' title='bbox 427 1643 481 1683; x_wconf 91' lang='lat' dir='ltr'><strong>ad</strong></span> <span class='ocrx_word' id='word_1_105' title='bbox 503 1641 702 1696; x_wconf 88' lang='lat' dir='ltr'><strong>pauperis</strong></span> <span class='ocrx_word' id='word_1_106' title='bbox 723 1640 948 1693; x_wconf 80' lang='lat' dir='ltr'><strong>cujusdam</strong></span> <span class='ocrx_word' id='word_1_107' title='bbox 972 1640 1091 1681; x_wconf 88' lang='lat' dir='ltr'><strong>Ami·</strong></span> 
     </span>
     <span class='ocr_line' id='line_1_22' title="bbox 203 1704 1090 1761; baseline -0.002 -13"><span class='ocrx_word' id='word_1_108' title='bbox 203 1707 282 1748; x_wconf 85' lang='lat' dir='ltr'><strong>clae</strong></span> <span class='ocrx_word' id='word_1_109' title='bbox 298 1707 600 1761; x_wconf 82' lang='lat' dir='ltr'><strong>gubernatoris</strong></span> <span class='ocrx_word' id='word_1_110' title='bbox 615 1706 804 1746; x_wconf 87' lang='lat' dir='ltr'><strong>casulam</strong></span> <span class='ocrx_word' id='word_1_111' title='bbox 822 1704 1008 1756; x_wconf 88' lang='lat' dir='ltr'><strong>venisse,</strong></span> <span class='ocrx_word' id='word_1_112' title='bbox 1019 1717 1090 1746; x_wconf 90' lang='lat' dir='ltr'><strong>eo·</strong></span> 
     </span>
     <span class='ocr_line' id='line_1_23' title="bbox 201 1769 1091 1825; baseline -0.003 -13"><span class='ocrx_word' id='word_1_113' title='bbox 201 1783 287 1825; x_wconf 87' lang='lat' dir='ltr'><strong>que</strong></span> <span class='ocrx_word' id='word_1_114' title='bbox 303 1771 513 1822; x_wconf 82' lang='lat' dir='ltr'><strong>excitato,</strong></span> <span class='ocrx_word' id='word_1_115' title='bbox 524 1783 567 1811; x_wconf 87' lang='lat' dir='ltr'><strong>se</strong></span> <span class='ocrx_word' id='word_1_116' title='bbox 584 1769 956 1823; x_wconf 81' lang='lat' dir='ltr'><strong>pericuiosissimae</strong></span> <span class='ocrx_word' id='word_1_117' title='bbox 972 1769 1091 1810; x_wconf 88' lang='lat' dir='ltr'><strong>navi·</strong></span> 
     </span>
     <span class='ocr_line' id='line_1_24' title="bbox 202 1833 1090 1887; baseline -0.005 -10"><span class='ocrx_word' id='word_1_118' title='bbox 202 1836 381 1887; x_wconf 81' lang='lat' dir='ltr'><strong>gationi,</strong></span> <span class='ocrx_word' id='word_1_119' title='bbox 413 1835 674 1876; x_wconf 76' lang='lat' dir='ltr'><strong>cum.etiam</strong></span> <span class='ocrx_word' id='word_1_120' title='bbox 705 1839 937 1886; x_wconf 71' lang='lat' dir='ltr'><strong>tempestas</strong></span> <span class='ocrx_word' id='word_1_121' title='bbox 958 1833 1090 1873; x_wconf 86' lang='lat' dir='ltr'><strong>insta·</strong></span> 
     </span>
     <span class='ocr_line' id='line_1_25' title="bbox 203 1897 1090 1953; baseline -0.006 -11"><span class='ocrx_word' id='word_1_122' title='bbox 203 1905 287 1953; x_wconf 86' lang='lat' dir='ltr'><strong>ret,</strong></span> <span class='ocrx_word' id='word_1_123' title='bbox 305 1906 471 1942; x_wconf 89' lang='lat' dir='ltr'><strong>temere</strong></span> <span class='ocrx_word' id='word_1_124' title='bbox 490 1899 594 1940; x_wconf 82' lang='lat' dir='ltr'><strong>satis</strong></span> <span class='ocrx_word' id='word_1_125' title='bbox 613 1898 878 1951; x_wconf 80' lang='lat' dir='ltr'><strong>exposuisse,</strong></span> <span class='ocrx_word' id='word_1_126' title='bbox 905 1910 986 1938; x_wconf 92' lang='lat' dir='ltr'><strong>nec</strong></span> <span class='ocrx_word' id='word_1_127' title='bbox 1006 1897 1090 1938; x_wconf 83' lang='lat' dir='ltr'><strong>dis-</strong></span> 
     </span>
     <span class='ocr_line' id='line_1_26' title="bbox 203 1961 1091 2018; baseline -0.005 -12"><span class='ocrx_word' id='word_1_128' title='bbox 203 1964 378 2006; x_wconf 75' lang='lat' dir='ltr'><strong>suaderi</strong></span> <span class='ocrx_word' id='word_1_129' title='bbox 413 1963 604 2018; x_wconf 84' lang='lat' dir='ltr'><strong>potuisse</strong></span> <span class='ocrx_word' id='word_1_130' title='bbox 639 1963 695 2004; x_wconf 84' lang='lat' dir='ltr'><strong>ab</strong></span> <span class='ocrx_word' id='word_1_131' title='bbox 731 1961 902 2003; x_wconf 88' lang='lat' dir='ltr'><strong>Amicla</strong></span> <span class='ocrx_word' id='word_1_132' title='bbox 942 1965 1091 2010; x_wconf 90' lang='lat' dir='ltr'><strong>nauta,</strong></span> 
     </span>
     <span class='ocr_line' id='line_1_27' title="bbox 205 2026 1087 2081; baseline -0.002 -13"><span class='ocrx_word' id='word_1_133' title='bbox 205 2040 291 2081; x_wconf 80' lang='lat' dir='ltr'><strong>qno</strong></span> <span class='ocrx_word' id='word_1_134' title='bbox 323 2028 463 2069; x_wconf 86' lang='lat' dir='ltr'><strong>miuus</strong></span> <span class='ocrx_word' id='word_1_135' title='bbox 499 2027 737 2080; x_wconf 87' lang='lat' dir='ltr'><strong>periculum</strong></span> <span class='ocrx_word' id='word_1_136' title='bbox 758 2026 902 2067; x_wconf 88' lang='lat' dir='ltr'><strong>subire</strong></span> <span class='ocrx_word' id='word_1_137' title='bbox 931 2027 1087 2067; x_wconf 84' lang='lat' dir='ltr'><strong>vellet:</strong></span> 
     </span>
     <span class='ocr_line' id='line_1_28' title="bbox 203 2090 956 2146; baseline -0.001 -14"><span class='ocrx_word' id='word_1_138' title='bbox 203 2091 277 2132; x_wconf 84' lang='lat' dir='ltr'><strong>ubi</strong></span> <span class='ocrx_word' id='word_1_139' title='bbox 293 2092 607 2146; x_wconf 83' lang='lat' dir='ltr'><strong>propemodum</strong></span> <span class='ocrx_word' id='word_1_140' title='bbox 625 2090 771 2142; x_wconf 86' lang='lat' dir='ltr'><strong>periit.</strong></span> <span class='ocrx_word' id='word_1_141' title='bbox 801 2090 956 2131; x_wconf 78' lang='lat' dir='ltr'><strong>Oliver.</strong></span> 
     </span>
     <span class='ocr_line' id='line_1_29' title="bbox 257 2153 1092 2207; baseline -0.002 -11"><span class='ocrx_word' id='word_1_142' title='bbox 257 2155 447 2197; x_wconf 77' lang='lat' dir='ltr'><strong>Adversoe</strong></span> <span class='ocrx_word' id='word_1_143' title='bbox 466 2153 723 2205; x_wconf 74' lang='lat' dir='ltr'><strong>valetudinis]</strong></span> <span class='ocrx_word' id='word_1_144' title='bbox 761 2154 1006 2207; x_wconf 86' lang='lat' dir='ltr'><strong>Simulavit,</strong></span> <span class='ocrx_word' id='word_1_145' title='bbox 1025 2166 1092 2195; x_wconf 87' lang='lat' dir='ltr'><strong>se·</strong></span> 
     </span>
     <span class='ocr_line' id='line_1_30' title="bbox 204 2217 1093 2272; baseline -0.002 -12"><span class='ocrx_word' id='word_1_146' title='bbox 204 2219 392 2260; x_wconf 83' lang='lat' dir='ltr'><strong>cundum</strong></span> <span class='ocrx_word' id='word_1_147' title='bbox 405 2217 753 2272; x_wconf 85' lang='lat' dir='ltr'><strong>quosdam,quod</strong></span> <span class='ocrx_word' id='word_1_148' title='bbox 768 2218 991 2258; x_wconf 87' lang='lat' dir='ltr'><strong>stomacho</strong></span> <span class='ocrx_word' id='word_1_149' title='bbox 1006 2229 1093 2258; x_wconf 89' lang='lat' dir='ltr'><strong>non</strong></span> 
     </span>
     <span class='ocr_line' id='line_1_31' title="bbox 204 2281 1094 2334; baseline -0.001 -11"><span class='ocrx_word' id='word_1_150' title='bbox 204 2283 390 2334; x_wconf 78' lang='lat' dir='ltr'><strong>valeret,</strong></span> <span class='ocrx_word' id='word_1_151' title='bbox 409 2289 458 2324; x_wconf 88' lang='lat' dir='ltr'><strong>ut</strong></span> <span class='ocrx_word' id='word_1_152' title='bbox 477 2283 656 2324; x_wconf 87' lang='lat' dir='ltr'><strong>honeste</strong></span> <span class='ocrx_word' id='word_1_153' title='bbox 673 2287 720 2322; x_wconf 89' lang='lat' dir='ltr'><strong>et</strong></span> <span class='ocrx_word' id='word_1_154' title='bbox 735 2282 828 2322; x_wconf 87' lang='lat' dir='ltr'><strong>sine</strong></span> <span class='ocrx_word' id='word_1_155' title='bbox 849 2281 1094 2334; x_wconf 87' lang='lat' dir='ltr'><strong>suspicione</strong></span> 
     </span>
     <span class='ocr_line' id='line_1_32' title="bbox 204 2345 1092 2398; baseline -0.001 -11"><span class='ocrx_word' id='word_1_156' title='bbox 204 2358 231 2387; x_wconf 82' lang='lat' dir='ltr'><strong>e</strong></span> <span class='ocrx_word' id='word_1_157' title='bbox 250 2346 449 2387; x_wconf 84' lang='lat' dir='ltr'><strong>convivio</strong></span> <span class='ocrx_word' id='word_1_158' title='bbox 469 2358 516 2387; x_wconf 89' lang='lat' dir='ltr'><strong>se</strong></span> <span class='ocrx_word' id='word_1_159' title='bbox 536 2345 826 2387; x_wconf 77' lang='lat' dir='ltr'><strong>subtraheret.</strong></span> <span class='ocrx_word' id='word_1_160' title='bbox 859 2345 1001 2398; x_wconf 87' lang='lat' dir='ltr'><strong>Hujus</strong></span> <span class='ocrx_word' id='word_1_161' title='bbox 1017 2358 1092 2386; x_wconf 88' lang='lat' dir='ltr'><strong>au·</strong></span> 
     </span>
     <span class='ocr_line' id='line_1_33' title="bbox 205 2409 1097 2463; baseline -0.001 -13"><span class='ocrx_word' id='word_1_162' title='bbox 205 2416 295 2451; x_wconf 85' lang='lat' dir='ltr'><strong>tem</strong></span> <span class='ocrx_word' id='word_1_163' title='bbox 303 2410 515 2452; x_wconf 69' lang='lat' dir='ltr'><strong>simulatae</strong></span> <span class='ocrx_word' id='word_1_164' title='bbox 525 2409 793 2462; x_wconf 85' lang='lat' dir='ltr'><strong>aegritudiuis</strong></span> <span class='ocrx_word' id='word_1_165' title='bbox 805 2409 965 2449; x_wconf 88' lang='lat' dir='ltr'><strong>nullam</strong></span> <span class='ocrx_word' id='word_1_166' title='bbox 976 2422 1097 2463; x_wconf 88' lang='lat' dir='ltr'><strong>pror-</strong></span> 
     </span>
     <span class='ocr_line' id='line_1_34' title="bbox 207 2472 1094 2515; baseline 0.001 -1"><span class='ocrx_word' id='word_1_167' title='bbox 207 2486 280 2515; x_wconf 82' lang='lat' dir='ltr'><strong>sus</strong></span> <span class='ocrx_word' id='word_1_168' title='bbox 301 2475 559 2514; x_wconf 78' lang='lat' dir='ltr'><strong>mentionem</strong></span> <span class='ocrx_word' id='word_1_169' title='bbox 584 2472 692 2513; x_wconf 87' lang='lat' dir='ltr'><strong>facit</strong></span> <span class='ocrx_word' id='word_1_170' title='bbox 713 2473 989 2513; x_wconf 84' lang='lat' dir='ltr'><strong>Plutarchus.</strong></span> <span class='ocrx_word' id='word_1_171' title='bbox 1026 2474 1094 2515; x_wconf 86' lang='lat' dir='ltr'><strong>Id.</strong></span> 
     </span>
     <span class='ocr_line' id='line_1_35' title="bbox 261 2537 1091 2589; baseline -0.002 -11"><span class='ocrx_word' id='word_1_172' title='bbox 261 2537 517 2589; x_wconf 73' lang='lat' dir='ltr'><strong>Naviculum]</strong></span> <span class='ocrx_word' id='word_1_173' title='bbox 554 2537 784 2589; x_wconf 86' lang='lat' dir='ltr'><strong>Scapham,</strong></span> <span class='ocrx_word' id='word_1_174' title='bbox 823 2549 950 2589; x_wconf 87' lang='lat' dir='ltr'><strong>quam</strong></span> <span class='ocrx_word' id='word_1_175' title='bbox 987 2537 1091 2577; x_wconf 89' lang='lat' dir='ltr'><strong>Plu·</strong></span> 
     </span>
     <span class='ocr_line' id='line_1_36' title="bbox 207 2599 1093 2643; baseline 0 -1"><span class='ocrx_word' id='word_1_176' title='bbox 207 2601 383 2643; x_wconf 70' lang='lat' dir='ltr'><strong>tar-chus</strong></span> <span class='ocrx_word' id='word_1_177' title='bbox 427 2600 656 2641; x_wconf 73' lang='lat' dir='ltr'><strong>driodecim</strong></span> <span class='ocrx_word' id='word_1_178' title='bbox 702 2612 915 2641; x_wconf 85' lang='lat' dir='ltr'><strong>remorum</strong></span> <span class='ocrx_word' id='word_1_179' title='bbox 958 2599 1093 2642; x_wconf 85' lang='lat' dir='ltr'><strong>fuisse</strong></span> 
     </span>
     <span class='ocr_line' id='line_1_37' title="bbox 206 2663 1094 2718; baseline 0.002 -14"><span class='ocrx_word' id='word_1_180' title='bbox 206 2663 330 2707; x_wconf 84' lang='lat' dir='ltr'><strong>dicit.</strong></span> <span class='ocrx_word' id='word_1_181' title='bbox 385 2665 494 2705; x_wconf 87' lang='lat' dir='ltr'><strong>Erat</strong></span> <span class='ocrx_word' id='word_1_182' title='bbox 513 2669 655 2705; x_wconf 85' lang='lat' dir='ltr'><strong>autem</strong></span> <span class='ocrx_word' id='word_1_183' title='bbox 673 2664 878 2718; x_wconf 85' lang='lat' dir='ltr'><strong>pauperis</strong></span> <span class='ocrx_word' id='word_1_184' title='bbox 897 2664 1094 2716; x_wconf 84' lang='lat' dir='ltr'><strong>Amiclae,</strong></span> 
     </span>
     <span class='ocr_line' id='line_1_38' title="bbox 204 2728 1091 2783; baseline 0 -14"><span class='ocrx_word' id='word_1_185' title='bbox 204 2728 366 2783; x_wconf 73' lang='lat' dir='ltr'><strong>dequo</strong></span> <span class='ocrx_word' id='word_1_186' title='bbox 385 2729 584 2769; x_wconf 84' lang='lat' dir='ltr'><strong>Lucanus</strong></span> <span class='ocrx_word' id='word_1_187' title='bbox 615 2728 692 2768; x_wconf 90' lang='lat' dir='ltr'><strong>lib.</strong></span> <span class='ocrx_word' id='word_1_188' title='bbox 721 2740 767 2769; x_wconf 88' lang='lat' dir='ltr'><strong>v.</strong></span> <span class='ocrx_word' id='word_1_189' title='bbox 801 2729 814 2752; x_wconf 87' lang='lat'>‘</span> <span class='ocrx_word' id='word_1_190' title='bbox 832 2728 957 2768; x_wconf 87' lang='lat' dir='ltr'><strong>Molli</strong></span> <span class='ocrx_word' id='word_1_191' title='bbox 989 2741 1091 2769; x_wconf 91' lang='lat' dir='ltr'><strong>con·</strong></span> 
     </span>
     <span class='ocr_line' id='line_1_39' title="bbox 206 2791 1092 2845; baseline 0.001 -13"><span class='ocrx_word' id='word_1_192' title='bbox 206 2793 346 2845; x_wconf 75' lang='lat' dir='ltr'><strong>surgit</strong></span> <span class='ocrx_word' id='word_1_193' title='bbox 381 2791 574 2834; x_wconf 84' lang='lat' dir='ltr'><strong>Amiclas</strong></span> <span class='ocrx_word' id='word_1_194' title='bbox 624 2792 766 2835; x_wconf 83' lang='lat' dir='ltr'><strong>Quem</strong></span> <span class='ocrx_word' id='word_1_195' title='bbox 817 2792 950 2833; x_wconf 84' lang='lat' dir='ltr'><strong>dabat</strong></span> <span class='ocrx_word' id='word_1_196' title='bbox 993 2792 1092 2844; x_wconf 83' lang='lat' dir='ltr'><strong>alga</strong></span> 
     </span>
     <span class='ocr_line' id='line_1_40' title="bbox 205 2854 1091 2908; baseline 0 -11"><span class='ocrx_word' id='word_1_197' title='bbox 205 2854 356 2898; x_wconf 76' lang='lat' dir='ltr'><strong>thom:</strong></span> <span class='ocrx_word' id='word_1_198' title='bbox 391 2854 601 2898; x_wconf 79' lang='lat' dir='ltr'><strong>Quisnam</strong></span> <span class='ocrx_word' id='word_1_199' title='bbox 618 2867 718 2896; x_wconf 87' lang='lat' dir='ltr'><strong>mea</strong></span> <span class='ocrx_word' id='word_1_200' title='bbox 746 2854 998 2908; x_wconf 83' lang='lat' dir='ltr'><strong>naufragus,</strong></span> <span class='ocrx_word' id='word_1_201' title='bbox 1027 2856 1091 2898; x_wconf 91' lang='lat' dir='ltr'><strong>in-</strong></span> 
     </span>
     <span class='ocr_line' id='line_1_41' title="bbox 206 2919 1091 2972; baseline 0.003 -13"><span class='ocrx_word' id='word_1_202' title='bbox 206 2919 484 2972; x_wconf 62' lang='lat' dir='ltr'><strong>qum-Tecta</strong></span> <span class='ocrx_word' id='word_1_203' title='bbox 510 2919 639 2972; x_wconf 89' lang='lat' dir='ltr'><strong>petit,</strong></span> <span class='ocrx_word' id='word_1_204' title='bbox 657 2925 733 2960; x_wconf 90' lang='lat' dir='ltr'><strong>aut</strong></span> <span class='ocrx_word' id='word_1_205' title='bbox 762 2932 891 2972; x_wconf 88' lang='lat' dir='ltr'><strong>quem</strong></span> <span class='ocrx_word' id='word_1_206' title='bbox 930 2925 1091 2962; x_wconf 81' lang='lat' dir='ltr'><strong>nostrae</strong></span> 
     </span>
     <span class='ocr_line' id='line_1_42' title="bbox 201 2982 1091 3038; baseline 0.006 -14"><span class='ocrx_word' id='word_1_207' title='bbox 201 2982 374 3025; x_wconf 70' lang='lat' dir='ltr'><strong>fortuna</strong></span> <span class='ocrx_word' id='word_1_208' title='bbox 403 2984 550 3036; x_wconf 69' lang='lat' dir='ltr'><strong>coegit</strong></span> <span class='ocrx_word' id='word_1_209' title='bbox 581 2984 804 3026; x_wconf 86' lang='lat' dir='ltr'><strong>Auxilium</strong></span> <span class='ocrx_word' id='word_1_210' title='bbox 825 2998 1003 3038; x_wconf 89' lang='lat' dir='ltr'><strong>sperare</strong></span> <span class='ocrx_word' id='word_1_211' title='bbox 1021 3001 1091 3029; x_wconf 86' lang='lat' dir='ltr'><strong>ca-</strong></span> 
     </span>
     <span class='ocr_line' id='line_1_43' title="bbox 205 3047 1092 3093; baseline 0.006 -5"><span class='ocrx_word' id='word_1_212' title='bbox 205 3060 266 3089; x_wconf 73' lang='lat' dir='ltr'><strong>⁸ae</strong></span> <span class='ocrx_word' id='word_1_213' title='bbox 277 3047 307 3089; x_wconf 84' lang='lat'><strong>?&#39;</strong></span> <span class='ocrx_word' id='word_1_214' title='bbox 334 3049 489 3090; x_wconf 75' lang='lat' dir='ltr'><strong>Oliver.</strong></span> <span class='ocrx_word' id='word_1_215' title='bbox 547 3050 788 3091; x_wconf 79' lang='lat' dir='ltr'><strong>Naviculam</strong></span> <span class='ocrx_word' id='word_1_216' title='bbox 819 3053 1044 3093; x_wconf 77' lang='lat' dir='ltr'><strong>conscendit</strong></span> <span class='ocrx_word' id='word_1_217' title='bbox 1070 3065 1092 3093; x_wconf 84' lang='lat' dir='ltr'><strong>e</strong></span> 
     </span>
     <span class='ocr_line' id='line_1_44' title="bbox 196 3111 1092 3168; baseline 0.006 -17"><span class='ocrx_word' id='word_1_218' title='bbox 196 3111 382 3164; x_wconf 68' lang='lat' dir='ltr'><strong>flumine,</strong></span> <span class='ocrx_word' id='word_1_219' title='bbox 392 3125 439 3152; x_wconf 79' lang='lat' dir='ltr'><strong>uc</strong></span> <span class='ocrx_word' id='word_1_220' title='bbox 454 3113 578 3153; x_wconf 76' lang='lat' dir='ltr'><strong>maris</strong></span> <span class='ocrx_word' id='word_1_221' title='bbox 590 3114 794 3155; x_wconf 74' lang='lat' dir='ltr'><strong>Adriatici</strong></span> <span class='ocrx_word' id='word_1_222' title='bbox 806 3127 911 3155; x_wconf 78' lang='lat' dir='ltr'><strong>soevo</strong></span> <span class='ocrx_word' id='word_1_223' title='bbox 930 3120 1092 3168; x_wconf 76' lang='lat' dir='ltr'><strong>tempes-</strong></span> 
     </span>
     <span class='ocr_line' id='line_1_45' title="bbox 205 3174 1091 3230; baseline 0.005 -14"><span class='ocrx_word' id='word_1_224' title='bbox 205 3174 440 3224; x_wconf 69' lang='lat' dir='ltr'><strong>&amp;itefances</strong></span> <span class='ocrx_word' id='word_1_225' title='bbox 453 3176 574 3229; x_wconf 73' lang='lat' dir='ltr'><strong>petie]</strong></span> <span class='ocrx_word' id='word_1_226' title='bbox 604 3177 676 3218; x_wconf 82' lang='lat' dir='ltr'><strong>Ita</strong></span> <span class='ocrx_word' id='word_1_227' title='bbox 707 3179 852 3230; x_wconf 86' lang='lat' dir='ltr'><strong>vulgo.</strong></span> <span class='ocrx_word' id='word_1_228' title='bbox 907 3178 962 3219; x_wconf 88' lang='lat' dir='ltr'><strong>Iu</strong></span> <span class='ocrx_word' id='word_1_229' title='bbox 987 3179 1091 3220; x_wconf 85' lang='lat' dir='ltr'><strong>Pul·</strong></span> 
     </span>
     <span class='ocr_line' id='line_1_46' title="bbox 203 3241 1092 3295; baseline 0.003 -14"><span class='ocrx_word' id='word_1_230' title='bbox 203 3241 349 3284; x_wconf 66' lang='lat' dir='ltr'><strong>-anni</strong></span> <span class='ocrx_word' id='word_1_231' title='bbox 362 3247 413 3282; x_wconf 84' lang='lat' dir='ltr'><strong>et</strong></span> <span class='ocrx_word' id='word_1_232' title='bbox 429 3241 543 3282; x_wconf 88' lang='lat' dir='ltr'><strong>Susii</strong></span> <span class='ocrx_word' id='word_1_233' title='bbox 558 3242 904 3295; x_wconf 78' lang='lat' dir='ltr'><strong>exemplaribus:</strong></span> <span class='ocrx_word' id='word_1_234' title='bbox 933 3244 1092 3284; x_wconf 81' lang='lat' dir='ltr'><strong>navicu·</strong></span> 
     </span>
     <span class='ocr_line' id='line_1_47' title="bbox 206 3305 1093 3360; baseline 0.002 -14"><span class='ocrx_word' id='word_1_235' title='bbox 206 3305 285 3346; x_wconf 68' lang='lat' dir='ltr'><strong>lon</strong></span> <span class='ocrx_word' id='word_1_236' title='bbox 300 3307 538 3357; x_wconf 62' lang='lat' dir='ltr'><strong>mardic,</strong></span> <span class='ocrx_word' id='word_1_237' title='bbox 556 3314 596 3348; x_wconf 79' lang='lat' dir='ltr'><strong>ee</strong></span> <span class='ocrx_word' id='word_1_238' title='bbox 608 3307 814 3360; x_wconf 72' lang='lat' dir='ltr'><strong>eflwm‘ne</strong></span> <span class='ocrx_word' id='word_1_239' title='bbox 832 3308 953 3348; x_wconf 78' lang='lat' dir='ltr'><strong>maris</strong></span> <span class='ocrx_word' id='word_1_240' title='bbox 966 3308 1093 3349; x_wconf 72' lang='lat' dir='ltr'><strong>Adri·</strong></span> 
     </span>
     <span class='ocr_line' id='line_1_48' title="bbox 205 3367 1092 3423; baseline 0.005 -15"><span class='ocrx_word' id='word_1_241' title='bbox 205 3367 317 3419; x_wconf 60' lang='lat' dir='ltr'><strong>aaa,</strong></span> <span class='ocrx_word' id='word_1_242' title='bbox 357 3370 425 3420; x_wconf 59' lang='lat' dir='ltr'><strong>&amp;a</strong></span> <span class='ocrx_word' id='word_1_243' title='bbox 491 3370 645 3422; x_wconf 83' lang='lat' dir='ltr'><strong>Recte,</strong></span> <span class='ocrx_word' id='word_1_244' title='bbox 695 3383 794 3411; x_wconf 89' lang='lat' dir='ltr'><strong>nam</strong></span> <span class='ocrx_word' id='word_1_245' title='bbox 847 3370 1092 3423; x_wconf 78' lang='lat' dir='ltr'><strong>Apolloniae</strong></span> 
     </span>
     <span class='ocr_line' id='line_1_49' title="bbox 205 3432 1093 3485; baseline 0.007 -16"><span class='ocrx_word' id='word_1_246' title='bbox 205 3440 359 3472; x_wconf 72' lang='lat' dir='ltr'><strong>navem</strong></span> <span class='ocrx_word' id='word_1_247' title='bbox 374 3433 645 3485; x_wconf 78' lang='lat' dir='ltr'><strong>conscendit,</strong></span> <span class='ocrx_word' id='word_1_248' title='bbox 656 3438 703 3475; x_wconf 91' lang='lat' dir='ltr'><strong>et</strong></span> <span class='ocrx_word' id='word_1_249' title='bbox 713 3434 903 3474; x_wconf 86' lang='lat' dir='ltr'><strong>secundo</strong></span> <span class='ocrx_word' id='word_1_250' title='bbox 916 3432 1093 3475; x_wconf 85' lang='lat' dir='ltr'><strong>flumine</strong></span> 
     </span>
     <span class='ocr_line' id='line_1_50' title="bbox 207 3491 1092 3550; baseline 0.007 -18"><span class='ocrx_word' id='word_1_251' title='bbox 207 3491 254 3533; x_wconf 81' lang='lat' dir='ltr'><strong>iu</strong></span> <span class='ocrx_word' id='word_1_252' title='bbox 306 3505 426 3534; x_wconf 85' lang='lat' dir='ltr'><strong>mare</strong></span> <span class='ocrx_word' id='word_1_253' title='bbox 469 3493 762 3549; x_wconf 85' lang='lat' dir='ltr'><strong>Adriaticum,</strong></span> <span class='ocrx_word' id='word_1_254' title='bbox 809 3497 1092 3550; x_wconf 82' lang='lat' dir='ltr'><strong>adversisque</strong></span> 
     </span>
     <span class='ocr_line' id='line_1_51' title="bbox 210 3557 1092 3614; baseline 0.005 -16"><span class='ocrx_word' id='word_1_255' title='bbox 210 3557 348 3599; x_wconf 81' lang='lat' dir='ltr'><strong>ventis</strong></span> <span class='ocrx_word' id='word_1_256' title='bbox 366 3557 654 3601; x_wconf 84' lang='lat' dir='ltr'><strong>Brundusium</strong></span> <span class='ocrx_word' id='word_1_257' title='bbox 674 3561 896 3614; x_wconf 87' lang='lat' dir='ltr'><strong>tendebat,</strong></span> <span class='ocrx_word' id='word_1_258' title='bbox 922 3567 972 3603; x_wconf 89' lang='lat' dir='ltr'><strong>ut</strong></span> <span class='ocrx_word' id='word_1_259' title='bbox 988 3562 1092 3603; x_wconf 91' lang='lat' dir='ltr'><strong>Plu-</strong></span> 
     </span>
    </p>
   </div>
   <div class='ocr_carea' id='block_1_3' title="bbox 1889 310 2030 364">
    <p class='ocr_par' dir='ltr' id='par_1_3' title="bbox 1889 310 2030 364">
     <span class='ocr_line' id='line_1_52' title="bbox 1889 310 2030 364; baseline 0.007 -2"><span class='ocrx_word' id='word_1_260' title='bbox 1889 310 2030 364; x_wconf 79' lang='lat'>1353</span> 
     </span>
    </p>
   </div>
   <div class='ocr_carea' id='block_1_4' title="bbox 1149 432 2033 743">
    <p class='ocr_par' dir='ltr' id='par_1_4' title="bbox 1149 432 2033 743">
     <span class='ocr_line' id='line_1_53' title="bbox 1149 432 1950 494; baseline 0.004 -17"><span class='ocrx_word' id='word_1_261' title='bbox 1149 438 1321 479; x_wconf 82' lang='lat' dir='ltr'><strong>tarchus</strong></span> <span class='ocrx_word' id='word_1_262' title='bbox 1341 444 1471 494; x_wconf 85' lang='lat' dir='ltr'><strong>atque</strong></span> <span class='ocrx_word' id='word_1_263' title='bbox 1492 432 1563 480; x_wconf 84' lang='lat' dir='ltr'><strong>alii</strong></span> <span class='ocrx_word' id='word_1_264' title='bbox 1581 443 1795 479; x_wconf 84' lang='lat' dir='ltr'><strong>auctores.</strong></span> <span class='ocrx_word' id='word_1_265' title='bbox 1825 439 1950 490; x_wconf 73' lang='lat' dir='ltr'><strong>Pigh-</strong></span> 
     </span>
     <span class='ocr_line' id='line_1_54' title="bbox 1205 502 2030 556; baseline 0.004 -15"><span class='ocrx_word' id='word_1_266' title='bbox 1205 502 1371 554; x_wconf 75' lang='lat' dir='ltr'><strong>Fauces]</strong></span> <span class='ocrx_word' id='word_1_267' title='bbox 1404 503 1636 555; x_wconf 80' lang='lat' dir='ltr'><strong>Angustias</strong></span> <span class='ocrx_word' id='word_1_268' title='bbox 1669 507 1715 542; x_wconf 93' lang='lat' dir='ltr'><strong>et</strong></span> <span class='ocrx_word' id='word_1_269' title='bbox 1749 502 1857 543; x_wconf 83' lang='lat' dir='ltr'><strong>ostia</strong></span> <span class='ocrx_word' id='word_1_270' title='bbox 1878 504 2030 556; x_wconf 83' lang='lat' dir='ltr'><strong>quibus</strong></span> 
     </span>
     <span class='ocr_line' id='line_1_55' title="bbox 1150 563 2032 606; baseline 0.003 -3"><span class='ocrx_word' id='word_1_271' title='bbox 1150 563 1303 603; x_wconf 80' lang='lat' dir='ltr'><strong>fluvius</strong></span> <span class='ocrx_word' id='word_1_272' title='bbox 1333 566 1376 604; x_wconf 89' lang='lat' dir='ltr'><strong>in</strong></span> <span class='ocrx_word' id='word_1_273' title='bbox 1413 565 1685 606; x_wconf 83' lang='lat' dir='ltr'><strong>Adriaticum</strong></span> <span class='ocrx_word' id='word_1_274' title='bbox 1715 577 1834 605; x_wconf 90' lang='lat' dir='ltr'><strong>mare</strong></span> <span class='ocrx_word' id='word_1_275' title='bbox 1855 565 2032 606; x_wconf 86' lang='lat' dir='ltr'><strong>descen-</strong></span> 
     </span>
     <span class='ocr_line' id='line_1_56' title="bbox 1154 626 1236 666; baseline 0.024 -2"><span class='ocrx_word' id='word_1_276' title='bbox 1154 626 1236 666; x_wconf 88' lang='lat' dir='ltr'><strong>dit.</strong></span> 
     </span>
     <span class='ocr_line' id='line_1_57' title="bbox 1200 689 2033 743; baseline 0.005 -14"><span class='ocrx_word' id='word_1_277' title='bbox 1200 691 1258 740; x_wconf 69' lang='lat'><strong>§5</strong></span> <span class='ocrx_word' id='word_1_278' title='bbox 1274 689 1324 729; x_wconf 87' lang='lat' dir='ltr'><strong>A.</strong></span> <span class='ocrx_word' id='word_1_279' title='bbox 1342 691 1528 743; x_wconf 79' lang='lat' dir='ltr'><strong>Albinus]</strong></span> <span class='ocrx_word' id='word_1_280' title='bbox 1545 692 1722 732; x_wconf 83' lang='lat' dir='ltr'><strong>Orosius</strong></span> <span class='ocrx_word' id='word_1_281' title='bbox 1736 692 2033 733; x_wconf 89' lang='lat' dir='ltr'><strong>Posthumium</strong></span> 
     </span>
    </p>
   </div>
   <div class='ocr_carea' id='block_1_5' title="bbox 1150 751 2038 871">
    <p class='ocr_par' dir='ltr' id='par_1_5' title="bbox 1150 751 2038 871">
     <span class='ocr_line' id='line_1_58' title="bbox 1151 751 2036 809; baseline 0.006 -17"><span class='ocrx_word' id='word_1_282' title='bbox 1151 751 1356 793; x_wconf 88' lang='lat' dir='ltr'><strong>Albinum</strong></span> <span class='ocrx_word' id='word_1_283' title='bbox 1378 760 1424 794; x_wconf 93' lang='lat' dir='ltr'><strong>et</strong></span> <span class='ocrx_word' id='word_1_284' title='bbox 1451 756 1642 807; x_wconf 83' lang='lat' dir='ltr'><strong>legatum</strong></span> <span class='ocrx_word' id='word_1_285' title='bbox 1668 758 1713 796; x_wconf 83' lang='lat' dir='ltr'><strong>L.</strong></span> <span class='ocrx_word' id='word_1_286' title='bbox 1734 756 1864 797; x_wconf 84' lang='lat' dir='ltr'><strong>Sunae</strong></span> <span class='ocrx_word' id='word_1_287' title='bbox 1888 758 2036 809; x_wconf 79' lang='lat' dir='ltr'><strong>appel·</strong></span> 
     </span>
     <span class='ocr_line' id='line_1_59' title="bbox 1150 816 2038 871; baseline 0.005 -15"><span class='ocrx_word' id='word_1_288' title='bbox 1150 818 1225 857; x_wconf 90' lang='lat' dir='ltr'><strong>lat.</strong></span> <span class='ocrx_word' id='word_1_289' title='bbox 1280 816 1404 857; x_wconf 82' lang='lat' dir='ltr'><strong>Idem</strong></span> <span class='ocrx_word' id='word_1_290' title='bbox 1435 830 1519 857; x_wconf 91' lang='lat' dir='ltr'><strong>non</strong></span> <span class='ocrx_word' id='word_1_291' title='bbox 1551 817 1658 858; x_wconf 86' lang='lat' dir='ltr'><strong>falsa</strong></span> <span class='ocrx_word' id='word_1_292' title='bbox 1679 825 1723 859; x_wconf 84' lang='lat' dir='ltr'><strong>et</strong></span> <span class='ocrx_word' id='word_1_293' title='bbox 1750 820 1865 859; x_wconf 89' lang='lat' dir='ltr'><strong>inani</strong></span> <span class='ocrx_word' id='word_1_294' title='bbox 1901 820 2038 871; x_wconf 90' lang='lat' dir='ltr'><strong>suspi-</strong></span> 
     </span>
    </p>
   </div>
   <div class='ocr_carea' id='block_1_6' title="bbox 1150 879 2044 3607">
    <p class='ocr_par' dir='ltr' id='par_1_6' title="bbox 1150 879 2036 1048">
     <span class='ocr_line' id='line_1_60' title="bbox 1151 879 2036 933; baseline 0.005 -13"><span class='ocrx_word' id='word_1_295' title='bbox 1151 879 1291 931; x_wconf 90' lang='lat' dir='ltr'><strong>cione,</strong></span> <span class='ocrx_word' id='word_1_296' title='bbox 1322 885 1371 919; x_wconf 91' lang='lat' dir='ltr'><strong>ut</strong></span> <span class='ocrx_word' id='word_1_297' title='bbox 1399 880 1614 933; x_wconf 86' lang='lat' dir='ltr'><strong>Valerius,</strong></span> <span class='ocrx_word' id='word_1_298' title='bbox 1650 882 1727 922; x_wconf 90' lang='lat' dir='ltr'><strong>sed</strong></span> <span class='ocrx_word' id='word_1_299' title='bbox 1771 883 2036 924; x_wconf 87' lang='lat' dir='ltr'><strong>intolerabili</strong></span> 
     </span>
     <span class='ocr_line' id='line_1_61' title="bbox 1150 942 2035 995; baseline 0.007 -13"><span class='ocrx_word' id='word_1_300' title='bbox 1150 942 1354 995; x_wconf 86' lang='lat' dir='ltr'><strong>superbia</strong></span> <span class='ocrx_word' id='word_1_301' title='bbox 1389 955 1415 983; x_wconf 88' lang='lat' dir='ltr'><strong>a</strong></span> <span class='ocrx_word' id='word_1_302' title='bbox 1449 945 1655 986; x_wconf 88' lang='lat' dir='ltr'><strong>militibus</strong></span> <span class='ocrx_word' id='word_1_303' title='bbox 1697 947 1791 987; x_wconf 85' lang='lat' dir='ltr'><strong>vult</strong></span> <span class='ocrx_word' id='word_1_304' title='bbox 1832 946 2035 988; x_wconf 86' lang='lat' dir='ltr'><strong>occisum.</strong></span> 
     </span>
     <span class='ocr_line' id='line_1_62' title="bbox 1154 1007 1286 1048; baseline 0.008 -1"><span class='ocrx_word' id='word_1_305' title='bbox 1154 1007 1286 1048; x_wconf 87' lang='lat' dir='ltr'><strong>Coler.</strong></span> 
     </span>
    </p>

    <p class='ocr_par' dir='ltr' id='par_1_7' title="bbox 1151 1070 2044 2834">
     <span class='ocr_line' id='line_1_63' title="bbox 1204 1070 2038 1124; baseline 0.007 -14"><span class='ocrx_word' id='word_1_306' title='bbox 1204 1072 1320 1112; x_wconf 80' lang='lat' dir='ltr'><strong>Ex&#39;r.</strong></span> <span class='ocrx_word' id='word_1_307' title='bbox 1340 1071 1362 1123; x_wconf 51' lang='grc' dir='ltr'>ᾧ</span> <span class='ocrx_word' id='word_1_308' title='bbox 1383 1074 1405 1111; x_wconf 91' lang='grc'>1</span> <span class='ocrx_word' id='word_1_309' title='bbox 1429 1070 1584 1123; x_wconf 81' lang='lat' dir='ltr'><strong>Itaque,</strong></span> <span class='ocrx_word' id='word_1_310' title='bbox 1600 1071 1692 1124; x_wconf 55' lang='grc' dir='ltr'><strong>δῖα]</strong></span> <span class='ocrx_word' id='word_1_311' title='bbox 1714 1072 1821 1112; x_wconf 90' lang='lat' dir='ltr'><strong>Cum</strong></span> <span class='ocrx_word' id='word_1_312' title='bbox 1838 1085 1891 1113; x_wconf 84' lang='lat' dir='ltr'><strong>ex</strong></span> <span class='ocrx_word' id='word_1_313' title='bbox 1907 1073 2038 1116; x_wconf 88' lang='lat' dir='ltr'><strong>Italia</strong></span> 
     </span>
     <span class='ocr_line' id='line_1_64' title="bbox 1151 1133 2040 1188; baseline 0.004 -15"><span class='ocrx_word' id='word_1_314' title='bbox 1151 1141 1382 1174; x_wconf 86' lang='lat' dir='ltr'><strong>revocatus</strong></span> <span class='ocrx_word' id='word_1_315' title='bbox 1400 1133 1588 1174; x_wconf 86' lang='lat' dir='ltr'><strong>Annibal</strong></span> <span class='ocrx_word' id='word_1_316' title='bbox 1607 1136 1660 1175; x_wconf 88' lang='lat' dir='ltr'><strong>ad</strong></span> <span class='ocrx_word' id='word_1_317' title='bbox 1679 1147 1805 1188; x_wconf 89' lang='lat' dir='ltr'><strong>opem</strong></span> <span class='ocrx_word' id='word_1_318' title='bbox 1826 1137 2040 1178; x_wconf 86' lang='lat' dir='ltr'><strong>laboranti</strong></span> 
     </span>
     <span class='ocr_line' id='line_1_65' title="bbox 1151 1199 2041 1253; baseline 0.004 -14"><span class='ocrx_word' id='word_1_319' title='bbox 1151 1200 1307 1251; x_wconf 83' lang='lat' dir='ltr'><strong>patriae</strong></span> <span class='ocrx_word' id='word_1_320' title='bbox 1325 1199 1550 1241; x_wconf 86' lang='lat' dir='ltr'><strong>ferendam</strong></span> <span class='ocrx_word' id='word_1_321' title='bbox 1569 1202 1755 1243; x_wconf 89' lang='lat' dir='ltr'><strong>venisset</strong></span> <span class='ocrx_word' id='word_1_322' title='bbox 1773 1203 1815 1242; x_wconf 92' lang='lat' dir='ltr'><strong>in</strong></span> <span class='ocrx_word' id='word_1_323' title='bbox 1833 1203 2041 1253; x_wconf 89' lang='lat' dir='ltr'><strong>Siciliam,</strong></span> 
     </span>
     <span class='ocr_line' id='line_1_66' title="bbox 1152 1263 2038 1318; baseline 0.003 -16"><span class='ocrx_word' id='word_1_324' title='bbox 1152 1263 1353 1315; x_wconf 82' lang='lat' dir='ltr'><strong>quaesivit</strong></span> <span class='ocrx_word' id='word_1_325' title='bbox 1391 1276 1416 1304; x_wconf 90' lang='lat' dir='ltr'><strong>a</strong></span> <span class='ocrx_word' id='word_1_326' title='bbox 1452 1265 1760 1317; x_wconf 88' lang='lat' dir='ltr'><strong>gubematore,</strong></span> <span class='ocrx_word' id='word_1_327' title='bbox 1796 1265 1899 1318; x_wconf 90' lang='lat' dir='ltr'><strong>quid</strong></span> <span class='ocrx_word' id='word_1_328' title='bbox 1930 1266 2038 1306; x_wconf 89' lang='lat' dir='ltr'><strong>illud</strong></span> 
     </span>
     <span class='ocr_line' id='line_1_67' title="bbox 1152 1328 2041 1380; baseline 0.003 -14"><span class='ocrx_word' id='word_1_329' title='bbox 1152 1332 1270 1367; x_wconf 89' lang='lat' dir='ltr'><strong>esset</strong></span> <span class='ocrx_word' id='word_1_330' title='bbox 1299 1328 1640 1380; x_wconf 88' lang='lat' dir='ltr'><strong>promontorium</strong></span> <span class='ocrx_word' id='word_1_331' title='bbox 1674 1328 1753 1368; x_wconf 89' lang='lat' dir='ltr'><strong>sibi</strong></span> <span class='ocrx_word' id='word_1_332' title='bbox 1774 1334 1874 1369; x_wconf 89' lang='lat' dir='ltr'><strong>ante</strong></span> <span class='ocrx_word' id='word_1_333' title='bbox 1894 1330 2041 1370; x_wconf 89' lang='lat' dir='ltr'><strong>oculos</strong></span> 
     </span>
     <span class='ocr_line' id='line_1_68' title="bbox 1151 1391 2041 1443; baseline 0.003 -12"><span class='ocrx_word' id='word_1_334' title='bbox 1151 1391 1354 1443; x_wconf 89' lang='lat' dir='ltr'><strong>positum.</strong></span> <span class='ocrx_word' id='word_1_335' title='bbox 1408 1393 1517 1433; x_wconf 85' lang='lat' dir='ltr'><strong>Erat</strong></span> <span class='ocrx_word' id='word_1_336' title='bbox 1551 1394 1663 1432; x_wconf 77' lang='lat' dir='ltr'><strong>enlm</strong></span> <span class='ocrx_word' id='word_1_337' title='bbox 1701 1393 1883 1433; x_wconf 86' lang='lat' dir='ltr'><strong>Pelorus</strong></span> <span class='ocrx_word' id='word_1_338' title='bbox 1916 1405 2041 1434; x_wconf 87' lang='lat' dir='ltr'><strong>mons</strong></span> 
     </span>
     <span class='ocr_line' id='line_1_69' title="bbox 1153 1455 2043 1508; baseline 0.001 -14"><span class='ocrx_word' id='word_1_339' title='bbox 1153 1455 1208 1495; x_wconf 88' lang='lat' dir='ltr'><strong>ab</strong></span> <span class='ocrx_word' id='word_1_340' title='bbox 1244 1456 1337 1508; x_wconf 89' lang='lat' dir='ltr'><strong>ipso</strong></span> <span class='ocrx_word' id='word_1_341' title='bbox 1383 1456 1677 1508; x_wconf 86' lang='lat' dir='ltr'><strong>gubernatore</strong></span> <span class='ocrx_word' id='word_1_342' title='bbox 1727 1455 2043 1497; x_wconf 85' lang='lat' dir='ltr'><strong>denominatus.</strong></span> 
     </span>
     <span class='ocr_line' id='line_1_70' title="bbox 1152 1518 2041 1571; baseline -0.001 -10"><span class='ocrx_word' id='word_1_343' title='bbox 1152 1518 1281 1561; x_wconf 79' lang='lat' dir='ltr'><strong>Quod</strong></span> <span class='ocrx_word' id='word_1_344' title='bbox 1308 1531 1406 1560; x_wconf 90' lang='lat' dir='ltr'><strong>cum</strong></span> <span class='ocrx_word' id='word_1_345' title='bbox 1439 1520 1512 1560; x_wconf 90' lang='lat' dir='ltr'><strong>ille</strong></span> <span class='ocrx_word' id='word_1_346' title='bbox 1540 1519 1721 1560; x_wconf 82' lang='lat' dir='ltr'><strong>dixisset</strong></span> <span class='ocrx_word' id='word_1_347' title='bbox 1750 1519 1909 1560; x_wconf 89' lang='lat' dir='ltr'><strong>Sicilioe</strong></span> <span class='ocrx_word' id='word_1_348' title='bbox 1940 1532 2041 1571; x_wconf 86' lang='lat' dir='ltr'><strong>pro·</strong></span> 
     </span>
     <span class='ocr_line' id='line_1_71' title="bbox 1151 1582 2044 1636; baseline 0.002 -14"><span class='ocrx_word' id='word_1_349' title='bbox 1151 1582 1410 1624; x_wconf 90' lang='lat' dir='ltr'><strong>montorium</strong></span> <span class='ocrx_word' id='word_1_350' title='bbox 1426 1595 1537 1636; x_wconf 90' lang='lat' dir='ltr'><strong>esse,</strong></span> <span class='ocrx_word' id='word_1_351' title='bbox 1548 1596 1633 1624; x_wconf 90' lang='lat' dir='ltr'><strong>non</strong></span> <span class='ocrx_word' id='word_1_352' title='bbox 1646 1583 1827 1624; x_wconf 88' lang='lat' dir='ltr'><strong>credens</strong></span> <span class='ocrx_word' id='word_1_353' title='bbox 1840 1582 2044 1636; x_wconf 87' lang='lat' dir='ltr'><strong>Annibal,</strong></span> 
     </span>
     <span class='ocr_line' id='line_1_72' title="bbox 1152 1646 2040 1699; baseline 0.003 -14"><span class='ocrx_word' id='word_1_354' title='bbox 1152 1647 1252 1699; x_wconf 88' lang='lat' dir='ltr'><strong>quia</strong></span> <span class='ocrx_word' id='word_1_355' title='bbox 1268 1647 1348 1688; x_wconf 90' lang='lat' dir='ltr'><strong>sibi</strong></span> <span class='ocrx_word' id='word_1_356' title='bbox 1369 1646 1631 1699; x_wconf 86' lang='lat' dir='ltr'><strong>persuadere</strong></span> <span class='ocrx_word' id='word_1_357' title='bbox 1646 1659 1731 1687; x_wconf 89' lang='lat' dir='ltr'><strong>non</strong></span> <span class='ocrx_word' id='word_1_358' title='bbox 1748 1652 1935 1699; x_wconf 88' lang='lat' dir='ltr'><strong>poterat,</strong></span> <span class='ocrx_word' id='word_1_359' title='bbox 1949 1652 2040 1688; x_wconf 86' lang='lat' dir='ltr'><strong>tam</strong></span> 
     </span>
     <span class='ocr_line' id='line_1_73' title="bbox 1152 1710 2041 1763; baseline 0.002 -13"><span class='ocrx_word' id='word_1_360' title='bbox 1152 1710 1274 1752; x_wconf 88' lang='lat' dir='ltr'><strong>brevi</strong></span> <span class='ocrx_word' id='word_1_361' title='bbox 1293 1723 1424 1752; x_wconf 88' lang='lat' dir='ltr'><strong>cursu</strong></span> <span class='ocrx_word' id='word_1_362' title='bbox 1445 1711 1489 1751; x_wconf 90' lang='lat' dir='ltr'><strong>in</strong></span> <span class='ocrx_word' id='word_1_363' title='bbox 1505 1711 1694 1753; x_wconf 89' lang='lat' dir='ltr'><strong>Siciliam</strong></span> <span class='ocrx_word' id='word_1_364' title='bbox 1714 1711 1901 1763; x_wconf 86' lang='lat' dir='ltr'><strong>venisse,</strong></span> <span class='ocrx_word' id='word_1_365' title='bbox 1919 1716 2041 1752; x_wconf 85' lang='lat' dir='ltr'><strong>ratus</strong></span> 
     </span>
     <span class='ocr_line' id='line_1_74' title="bbox 1153 1773 2041 1826; baseline 0.001 -12"><span class='ocrx_word' id='word_1_366' title='bbox 1153 1773 1326 1814; x_wconf 84' lang='lat' dir='ltr'><strong>insidias</strong></span> <span class='ocrx_word' id='word_1_367' title='bbox 1363 1787 1389 1814; x_wconf 87' lang='lat' dir='ltr'><strong>a</strong></span> <span class='ocrx_word' id='word_1_368' title='bbox 1416 1774 1708 1825; x_wconf 83' lang='lat' dir='ltr'><strong>gubernatore</strong></span> <span class='ocrx_word' id='word_1_369' title='bbox 1737 1773 1892 1826; x_wconf 81' lang='lat' dir='ltr'><strong>factas,</strong></span> <span class='ocrx_word' id='word_1_370' title='bbox 1921 1775 2041 1815; x_wconf 89' lang='lat' dir='ltr'><strong>illum</strong></span> 
     </span>
     <span class='ocr_line' id='line_1_75' title="bbox 1152 1836 2043 1892; baseline 0.001 -15"><span class='ocrx_word' id='word_1_371' title='bbox 1152 1836 1390 1879; x_wconf 86' lang='lat' dir='ltr'><strong>interfecit.</strong></span> <span class='ocrx_word' id='word_1_372' title='bbox 1418 1839 1583 1879; x_wconf 88' lang='lat' dir='ltr'><strong>Postea</strong></span> <span class='ocrx_word' id='word_1_373' title='bbox 1602 1850 1702 1878; x_wconf 89' lang='lat' dir='ltr'><strong>vero</strong></span> <span class='ocrx_word' id='word_1_374' title='bbox 1717 1838 1875 1879; x_wconf 87' lang='lat' dir='ltr'><strong>certior</strong></span> <span class='ocrx_word' id='word_1_375' title='bbox 1887 1837 2043 1892; x_wconf 80' lang='lat' dir='ltr'><strong>factus,</strong></span> 
     </span>
     <span class='ocr_line' id='line_1_76' title="bbox 1152 1901 2042 1955; baseline 0.003 -14"><span class='ocrx_word' id='word_1_376' title='bbox 1152 1901 1326 1942; x_wconf 87' lang='lat' dir='ltr'><strong>Italiam</strong></span> <span class='ocrx_word' id='word_1_377' title='bbox 1356 1902 1480 1943; x_wconf 86' lang='lat' dir='ltr'><strong>brevi</strong></span> <span class='ocrx_word' id='word_1_378' title='bbox 1514 1903 1656 1955; x_wconf 87' lang='lat' dir='ltr'><strong>spatio</strong></span> <span class='ocrx_word' id='word_1_379' title='bbox 1673 1903 1816 1943; x_wconf 89' lang='lat' dir='ltr'><strong>dirimi</strong></span> <span class='ocrx_word' id='word_1_380' title='bbox 1835 1915 1861 1944; x_wconf 86' lang='lat' dir='ltr'><strong>a</strong></span> <span class='ocrx_word' id='word_1_381' title='bbox 1878 1903 2042 1955; x_wconf 82' lang='lat' dir='ltr'><strong>Sicilia,</strong></span> 
     </span>
     <span class='ocr_line' id='line_1_77' title="bbox 1153 1965 2042 2019; baseline 0.002 -15"><span class='ocrx_word' id='word_1_382' title='bbox 1153 1965 1412 2016; x_wconf 61' lang='lat' dir='ltr'><strong>poenitentia</strong></span> <span class='ocrx_word' id='word_1_383' title='bbox 1460 1965 1635 2017; x_wconf 89' lang='lat' dir='ltr'><strong>ductus,</strong></span> <span class='ocrx_word' id='word_1_384' title='bbox 1694 1966 2042 2019; x_wconf 87' lang='lat' dir='ltr'><strong>gubernatorem,</strong></span> 
     </span>
     <span class='ocr_line' id='line_1_78' title="bbox 1155 2027 2041 2082; baseline 0.005 -16"><span class='ocrx_word' id='word_1_385' title='bbox 1155 2038 1251 2067; x_wconf 91' lang='lat' dir='ltr'><strong>cum</strong></span> <span class='ocrx_word' id='word_1_386' title='bbox 1272 2027 1360 2068; x_wconf 84' lang='lat' dir='ltr'><strong>vita</strong></span> <span class='ocrx_word' id='word_1_387' title='bbox 1379 2028 1542 2069; x_wconf 88' lang='lat' dir='ltr'><strong>donare</strong></span> <span class='ocrx_word' id='word_1_388' title='bbox 1576 2040 1661 2069; x_wconf 90' lang='lat' dir='ltr'><strong>non</strong></span> <span class='ocrx_word' id='word_1_389' title='bbox 1692 2034 1855 2082; x_wconf 87' lang='lat' dir='ltr'><strong>posset,</strong></span> <span class='ocrx_word' id='word_1_390' title='bbox 1879 2029 2041 2070; x_wconf 87' lang='lat' dir='ltr'><strong>honore</strong></span> 
     </span>
     <span class='ocr_line' id='line_1_79' title="bbox 1153 2091 2041 2146; baseline 0.003 -16"><span class='ocrx_word' id='word_1_391' title='bbox 1153 2091 1389 2142; x_wconf 80' lang='lat' dir='ltr'><strong>sepulturae</strong></span> <span class='ocrx_word' id='word_1_392' title='bbox 1422 2091 1617 2144; x_wconf 84' lang='lat' dir='ltr'><strong>donavit,</strong></span> <span class='ocrx_word' id='word_1_393' title='bbox 1646 2093 1748 2146; x_wconf 90' lang='lat' dir='ltr'><strong>qnia</strong></span> <span class='ocrx_word' id='word_1_394' title='bbox 1778 2104 1832 2133; x_wconf 90' lang='lat' dir='ltr'><strong>eo</strong></span> <span class='ocrx_word' id='word_1_395' title='bbox 1860 2094 1955 2134; x_wconf 89' lang='lat' dir='ltr'><strong>loco</strong></span> <span class='ocrx_word' id='word_1_396' title='bbox 1975 2105 2041 2133; x_wconf 88' lang='lat' dir='ltr'><strong>se-</strong></span> 
     </span>
     <span class='ocr_line' id='line_1_80' title="bbox 1154 2155 2041 2209; baseline 0.002 -13"><span class='ocrx_word' id='word_1_397' title='bbox 1154 2155 1301 2207; x_wconf 88' lang='lat' dir='ltr'><strong>pultus</strong></span> <span class='ocrx_word' id='word_1_398' title='bbox 1321 2155 1457 2196; x_wconf 86' lang='lat' dir='ltr'><strong>monti</strong></span> <span class='ocrx_word' id='word_1_399' title='bbox 1485 2168 1642 2197; x_wconf 90' lang='lat' dir='ltr'><strong>nomen</strong></span> <span class='ocrx_word' id='word_1_400' title='bbox 1675 2156 1895 2209; x_wconf 88' lang='lat' dir='ltr'><strong>imposuit,</strong></span> <span class='ocrx_word' id='word_1_401' title='bbox 1928 2162 2041 2199; x_wconf 85' lang='lat' dir='ltr'><strong>teste</strong></span> 
     </span>
     <span class='ocr_line' id='line_1_81' title="bbox 1155 2219 2039 2262; baseline 0.005 -4"><span class='ocrx_word' id='word_1_402' title='bbox 1155 2219 1374 2259; x_wconf 85' lang='lat' dir='ltr'><strong>Sallustio.</strong></span> <span class='ocrx_word' id='word_1_403' title='bbox 1405 2219 1532 2261; x_wconf 84' lang='lat' dir='ltr'><strong>Quod</strong></span> <span class='ocrx_word' id='word_1_404' title='bbox 1552 2220 1685 2260; x_wconf 90' lang='lat' dir='ltr'><strong>etiam</strong></span> <span class='ocrx_word' id='word_1_405' title='bbox 1706 2220 1882 2261; x_wconf 88' lang='lat' dir='ltr'><strong>Servius</strong></span> <span class='ocrx_word' id='word_1_406' title='bbox 1901 2220 1944 2260; x_wconf 88' lang='lat' dir='ltr'><strong>in</strong></span> <span class='ocrx_word' id='word_1_407' title='bbox 1962 2231 2039 2262; x_wconf 86' lang='lat'><strong>111.</strong></span> 
     </span>
     <span class='ocr_line' id='line_1_82' title="bbox 1155 2280 2039 2334; baseline 0.006 -13"><span class='ocrx_word' id='word_1_408' title='bbox 1155 2281 1328 2334; x_wconf 86' lang='lat' dir='ltr'><strong>Virgilii</strong></span> <span class='ocrx_word' id='word_1_409' title='bbox 1345 2280 1556 2324; x_wconf 87' lang='lat' dir='ltr'><strong>affirmare</strong></span> <span class='ocrx_word' id='word_1_410' title='bbox 1570 2283 1742 2324; x_wconf 86' lang='lat' dir='ltr'><strong>videtur</strong></span> <span class='ocrx_word' id='word_1_411' title='bbox 1755 2296 1809 2324; x_wconf 88' lang='lat' dir='ltr'><strong>eo</strong></span> <span class='ocrx_word' id='word_1_412' title='bbox 1822 2285 2039 2326; x_wconf 88' lang='lat' dir='ltr'><strong>carmine:</strong></span> 
     </span>
     <span class='ocr_line' id='line_1_83' title="bbox 1153 2345 2039 2397; baseline 0.007 -13"><span class='ocrx_word' id='word_1_413' title='bbox 1153 2345 1242 2386; x_wconf 86' lang='lat' dir='ltr'><strong>‘Et</strong></span> <span class='ocrx_word' id='word_1_414' title='bbox 1277 2346 1445 2397; x_wconf 85' lang='lat' dir='ltr'><strong>angusti</strong></span> <span class='ocrx_word' id='word_1_415' title='bbox 1475 2354 1704 2388; x_wconf 82' lang='lat' dir='ltr'><strong>rarescunt</strong></span> <span class='ocrx_word' id='word_1_416' title='bbox 1736 2349 1926 2389; x_wconf 87' lang='lat' dir='ltr'><strong>claustra</strong></span> <span class='ocrx_word' id='word_1_417' title='bbox 1953 2349 2039 2390; x_wconf 93' lang='lat' dir='ltr'><strong>Pe-</strong></span> 
     </span>
     <span class='ocr_line' id='line_1_84' title="bbox 1153 2408 2042 2463; baseline 0.007 -15"><span class='ocrx_word' id='word_1_418' title='bbox 1153 2409 1232 2449; x_wconf 85' lang='lat' dir='ltr'><strong>lori</strong></span> <span class='ocrx_word' id='word_1_419' title='bbox 1245 2408 1273 2459; x_wconf 89' lang='lat'><strong>;&#39;</strong></span> <span class='ocrx_word' id='word_1_420' title='bbox 1311 2410 1384 2463; x_wconf 90' lang='lat' dir='ltr'><strong>qui</strong></span> <span class='ocrx_word' id='word_1_421' title='bbox 1419 2410 1508 2451; x_wconf 63' lang='lat' dir='ltr'><strong>aits</strong></span> <span class='ocrx_word' id='word_1_422' title='bbox 1562 2411 1935 2453; x_wconf 89' lang='lat' dir='ltr'><strong>‘Promontorium</strong></span> <span class='ocrx_word' id='word_1_423' title='bbox 1971 2418 2042 2454; x_wconf 86' lang='lat' dir='ltr'><strong>est</strong></span> 
     </span>
     <span class='ocr_line' id='line_1_85' title="bbox 1155 2472 2042 2528; baseline 0.005 -16"><span class='ocrx_word' id='word_1_424' title='bbox 1155 2472 1332 2523; x_wconf 82' lang='lat' dir='ltr'><strong>Siciliae,</strong></span> <span class='ocrx_word' id='word_1_425' title='bbox 1359 2473 1594 2514; x_wconf 82' lang='lat' dir='ltr'><strong>secuudum</strong></span> <span class='ocrx_word' id='word_1_426' title='bbox 1620 2474 1892 2525; x_wconf 86' lang='lat' dir='ltr'><strong>Sallustium,</strong></span> <span class='ocrx_word' id='word_1_427' title='bbox 1910 2486 1936 2515; x_wconf 92' lang='lat' dir='ltr'><strong>a</strong></span> <span class='ocrx_word' id='word_1_428' title='bbox 1964 2487 2042 2528; x_wconf 85' lang='lat' dir='ltr'><strong>gu·</strong></span> 
     </span>
     <span class='ocr_line' id='line_1_86' title="bbox 1156 2535 2042 2592; baseline 0.005 -17"><span class='ocrx_word' id='word_1_429' title='bbox 1156 2535 1384 2576; x_wconf 85' lang='lat' dir='ltr'><strong>bernatore</strong></span> <span class='ocrx_word' id='word_1_430' title='bbox 1402 2535 1626 2578; x_wconf 78' lang='lat' dir='ltr'><strong>Annibalis</strong></span> <span class='ocrx_word' id='word_1_431' title='bbox 1644 2538 1734 2578; x_wconf 89' lang='lat' dir='ltr'><strong>illic</strong></span> <span class='ocrx_word' id='word_1_432' title='bbox 1761 2538 1945 2591; x_wconf 89' lang='lat' dir='ltr'><strong>sepulto,</strong></span> <span class='ocrx_word' id='word_1_433' title='bbox 1967 2538 2042 2592; x_wconf 85' lang='lat' dir='ltr'><strong>qui</strong></span> 
     </span>
     <span class='ocr_line' id='line_1_87' title="bbox 1154 2600 2041 2656; baseline 0.005 -17"><span class='ocrx_word' id='word_1_434' title='bbox 1154 2600 1299 2641; x_wconf 84' lang='lat' dir='ltr'><strong>fuerat</strong></span> <span class='ocrx_word' id='word_1_435' title='bbox 1315 2601 1482 2641; x_wconf 90' lang='lat' dir='ltr'><strong>occisus</strong></span> <span class='ocrx_word' id='word_1_436' title='bbox 1501 2613 1581 2653; x_wconf 91' lang='lat' dir='ltr'><strong>per</strong></span> <span class='ocrx_word' id='word_1_437' title='bbox 1608 2602 1890 2654; x_wconf 85' lang='lat' dir='ltr'><strong>ignorantiam</strong></span> <span class='ocrx_word' id='word_1_438' title='bbox 1909 2603 2041 2656; x_wconf 89' lang='lat' dir='ltr'><strong>regis,</strong></span> 
     </span>
     <span class='ocr_line' id='line_1_88' title="bbox 1155 2665 2040 2718; baseline 0.003 -13"><span class='ocrx_word' id='word_1_439' title='bbox 1155 2677 1252 2705; x_wconf 86' lang='lat' dir='ltr'><strong>cum</strong></span> <span class='ocrx_word' id='word_1_440' title='bbox 1287 2677 1335 2705; x_wconf 90' lang='lat' dir='ltr'><strong>se</strong></span> <span class='ocrx_word' id='word_1_441' title='bbox 1364 2665 1459 2718; x_wconf 86' lang='lat' dir='ltr'><strong>ejus</strong></span> <span class='ocrx_word' id='word_1_442' title='bbox 1483 2665 1584 2706; x_wconf 90' lang='lat' dir='ltr'><strong>dolo</strong></span> <span class='ocrx_word' id='word_1_443' title='bbox 1610 2665 1810 2707; x_wconf 89' lang='lat' dir='ltr'><strong>crederet</strong></span> <span class='ocrx_word' id='word_1_444' title='bbox 1839 2678 1935 2708; x_wconf 88' lang='lat' dir='ltr'><strong>esse</strong></span> <span class='ocrx_word' id='word_1_445' title='bbox 1962 2666 2040 2708; x_wconf 77' lang='lat' dir='ltr'><strong>de-</strong></span> 
     </span>
     <span class='ocr_line' id='line_1_89' title="bbox 1155 2730 2039 2782; baseline 0.005 -14"><span class='ocrx_word' id='word_1_446' title='bbox 1155 2733 1354 2780; x_wconf 88' lang='lat' dir='ltr'><strong>ceptum:</strong></span> <span class='ocrx_word' id='word_1_447' title='bbox 1385 2740 1626 2782; x_wconf 81' lang='lat' dir='ltr'><strong>quanquam</strong></span> <span class='ocrx_word' id='word_1_448' title='bbox 1654 2730 1845 2781; x_wconf 83' lang='lat' dir='ltr'><strong>legatur,</strong></span> <span class='ocrx_word' id='word_1_449' title='bbox 1864 2735 1910 2772; x_wconf 92' lang='lat' dir='ltr'><strong>et</strong></span> <span class='ocrx_word' id='word_1_450' title='bbox 1937 2735 2039 2772; x_wconf 88' lang='lat' dir='ltr'><strong>ante</strong></span> 
     </span>
     <span class='ocr_line' id='line_1_90' title="bbox 1155 2791 1903 2834; baseline 0.001 -1"><span class='ocrx_word' id='word_1_451' title='bbox 1155 2792 1360 2833; x_wconf 89' lang='lat' dir='ltr'><strong>Pelorum</strong></span> <span class='ocrx_word' id='word_1_452' title='bbox 1378 2792 1543 2834; x_wconf 88' lang='lat' dir='ltr'><strong>dictum</strong></span> <span class='ocrx_word' id='word_1_453' title='bbox 1559 2791 1720 2834; x_wconf 68' lang='lat' dir='ltr'><strong>fuisse!</strong></span> <span class='ocrx_word' id='word_1_454' title='bbox 1753 2794 1903 2834; x_wconf 77' lang='lat' dir='ltr'><strong>Oliver.</strong></span> 
     </span>
    </p>

    <p class='ocr_par' dir='ltr' id='par_1_8' title="bbox 1150 2857 2042 3607">
     <span class='ocr_line' id='line_1_91' title="bbox 1210 2857 2040 2911; baseline 0.004 -15"><span class='ocrx_word' id='word_1_455' title='bbox 1210 2857 1333 2897; x_wconf 83' lang='lat' dir='ltr'><strong>Freto</strong></span> <span class='ocrx_word' id='word_1_456' title='bbox 1350 2858 1554 2910; x_wconf 75' lang='lat' dir='ltr'><strong>appulsus]</strong></span> <span class='ocrx_word' id='word_1_457' title='bbox 1569 2858 1682 2898; x_wconf 89' lang='lat' dir='ltr'><strong>Mari</strong></span> <span class='ocrx_word' id='word_1_458' title='bbox 1698 2858 1858 2910; x_wconf 87' lang='lat' dir='ltr'><strong>Siculo,</strong></span> <span class='ocrx_word' id='word_1_459' title='bbox 1873 2863 1921 2899; x_wconf 92' lang='lat' dir='ltr'><strong>et</strong></span> <span class='ocrx_word' id='word_1_460' title='bbox 1942 2870 2040 2911; x_wconf 89' lang='lat' dir='ltr'><strong>pro-</strong></span> 
     </span>
     <span class='ocr_line' id='line_1_92' title="bbox 1153 2920 2042 2975; baseline 0.003 -15"><span class='ocrx_word' id='word_1_461' title='bbox 1153 2920 1248 2972; x_wconf 90' lang='lat' dir='ltr'><strong>prie</strong></span> <span class='ocrx_word' id='word_1_462' title='bbox 1270 2920 1443 2972; x_wconf 80' lang='lat' dir='ltr'><strong>fretum,</strong></span> <span class='ocrx_word' id='word_1_463' title='bbox 1463 2922 1565 2975; x_wconf 85' lang='lat' dir='ltr'><strong>quia</strong></span> <span class='ocrx_word' id='word_1_464' title='bbox 1595 2922 1656 2962; x_wconf 92' lang='lat' dir='ltr'><strong>ibi</strong></span> <span class='ocrx_word' id='word_1_465' title='bbox 1686 2934 1859 2975; x_wconf 86' lang='lat' dir='ltr'><strong>semper</strong></span> <span class='ocrx_word' id='word_1_466' title='bbox 1885 2922 1941 2963; x_wconf 91' lang='lat' dir='ltr'><strong>ob</strong></span> <span class='ocrx_word' id='word_1_467' title='bbox 1970 2934 2042 2963; x_wconf 88' lang='lat' dir='ltr'><strong>an·</strong></span> 
     </span>
     <span class='ocr_line' id='line_1_93' title="bbox 1154 2978 2039 3038; baseline 0.003 -14"><span class='ocrx_word' id='word_1_468' title='bbox 1154 2985 1317 3035; x_wconf 85' lang='lat' dir='ltr'><strong>gustias</strong></span> <span class='ocrx_word' id='word_1_469' title='bbox 1333 2983 1476 3026; x_wconf 85' lang='lat' dir='ltr'><strong>fervet</strong></span> <span class='ocrx_word' id='word_1_470' title='bbox 1490 2997 1625 3027; x_wconf 86' lang='lat' dir='ltr'><strong>mare.</strong></span> <span class='ocrx_word' id='word_1_471' title='bbox 1674 2978 1761 3026; x_wconf 45' lang='lat' dir='ltr'><strong>‘Est</strong></span> <span class='ocrx_word' id='word_1_472' title='bbox 1777 2987 1907 3038; x_wconf 90' lang='lat' dir='ltr'><strong>enim,</strong></span> <span class='ocrx_word' id='word_1_473' title='bbox 1926 2992 2039 3028; x_wconf 90' lang='lat' dir='ltr'><strong>teste</strong></span> 
     </span>
     <span class='ocr_line' id='line_1_94' title="bbox 1154 3048 2036 3102; baseline 0.003 -15"><span class='ocrx_word' id='word_1_474' title='bbox 1154 3048 1374 3100; x_wconf 86' lang='lat' dir='ltr'><strong>Sallustio,</strong></span> <span class='ocrx_word' id='word_1_475' title='bbox 1405 3048 1538 3090; x_wconf 86' lang='lat' dir='ltr'><strong>breve</strong></span> <span class='ocrx_word' id='word_1_476' title='bbox 1573 3048 1678 3090; x_wconf 89' lang='lat' dir='ltr'><strong>illud</strong></span> <span class='ocrx_word' id='word_1_477' title='bbox 1713 3050 1916 3101; x_wconf 86' lang='lat' dir='ltr'><strong>spatium,</strong></span> <span class='ocrx_word' id='word_1_478' title='bbox 1952 3062 2036 3102; x_wconf 84' lang='lat' dir='ltr'><strong>quo</strong></span> 
     </span>
     <span class='ocr_line' id='line_1_95' title="bbox 1150 3111 2038 3165; baseline 0.001 -14"><span class='ocrx_word' id='word_1_479' title='bbox 1150 3111 1301 3152; x_wconf 89' lang='lat' dir='ltr'><strong>Sicilia</strong></span> <span class='ocrx_word' id='word_1_480' title='bbox 1314 3112 1501 3153; x_wconf 80' lang='lat' dir='ltr'><strong>abscissa</strong></span> <span class='ocrx_word' id='word_1_481' title='bbox 1515 3117 1582 3153; x_wconf 89' lang='lat' dir='ltr'><strong>est</strong></span> <span class='ocrx_word' id='word_1_482' title='bbox 1597 3113 1651 3153; x_wconf 90' lang='lat' dir='ltr'><strong>ab</strong></span> <span class='ocrx_word' id='word_1_483' title='bbox 1668 3112 1815 3164; x_wconf 83' lang='lat' dir='ltr'><strong>Italia,</strong></span> <span class='ocrx_word' id='word_1_484' title='bbox 1829 3125 1924 3165; x_wconf 83' lang='lat' dir='ltr'><strong>quae</strong></span> <span class='ocrx_word' id='word_1_485' title='bbox 1938 3113 2038 3152; x_wconf 90' lang='lat' dir='ltr'><strong>olim</strong></span> 
     </span>
     <span class='ocr_line' id='line_1_96' title="bbox 1154 3175 2033 3228; baseline 0.001 -14"><span class='ocrx_word' id='word_1_486' title='bbox 1154 3175 1388 3228; x_wconf 77' lang='lat' dir='ltr'><strong>conjuncta</strong></span> <span class='ocrx_word' id='word_1_487' title='bbox 1419 3175 1581 3217; x_wconf 82' lang='lat' dir='ltr'><strong>fuerat.</strong></span> <span class='ocrx_word' id='word_1_488' title='bbox 1637 3175 1765 3217; x_wconf 88' lang='lat' dir='ltr'><strong>Unde</strong></span> <span class='ocrx_word' id='word_1_489' title='bbox 1804 3176 2033 3226; x_wconf 80' lang='lat' dir='ltr'><strong>Virgilius:</strong></span> 
     </span>
     <span class='ocr_line' id='line_1_97' title="bbox 1154 3238 2037 3294; baseline -0.001 -16"><span class='ocrx_word' id='word_1_490' title='bbox 1154 3238 1167 3261; x_wconf 92' lang='lat'>‘</span> <span class='ocrx_word' id='word_1_491' title='bbox 1186 3238 1298 3279; x_wconf 84' lang='lat' dir='ltr'><strong>Haec</strong></span> <span class='ocrx_word' id='word_1_492' title='bbox 1317 3240 1414 3280; x_wconf 88' lang='lat' dir='ltr'><strong>loca</strong></span> <span class='ocrx_word' id='word_1_493' title='bbox 1430 3241 1471 3281; x_wconf 87' lang='lat' dir='ltr'><strong>vi</strong></span> <span class='ocrx_word' id='word_1_494' title='bbox 1491 3239 1704 3294; x_wconf 84' lang='lat' dir='ltr'><strong>quondam</strong></span> <span class='ocrx_word' id='word_1_495' title='bbox 1725 3244 1849 3278; x_wconf 89' lang='lat' dir='ltr'><strong>vasta</strong></span> <span class='ocrx_word' id='word_1_496' title='bbox 1864 3239 2037 3278; x_wconf 86' lang='lat' dir='ltr'><strong>convul-</strong></span> 
     </span>
     <span class='ocr_line' id='line_1_98' title="bbox 1154 3301 2036 3357; baseline 0 -16"><span class='ocrx_word' id='word_1_497' title='bbox 1154 3313 1203 3341; x_wconf 85' lang='lat' dir='ltr'><strong>sa</strong></span> <span class='ocrx_word' id='word_1_498' title='bbox 1231 3301 1367 3354; x_wconf 83' lang='lat' dir='ltr'><strong>ruina,</strong></span> <span class='ocrx_word' id='word_1_499' title='bbox 1385 3302 1590 3357; x_wconf 87' lang='lat' dir='ltr'><strong>(Tantum</strong></span> <span class='ocrx_word' id='word_1_500' title='bbox 1609 3302 1692 3341; x_wconf 85' lang='lat' dir='ltr'><strong>aevi</strong></span> <span class='ocrx_word' id='word_1_501' title='bbox 1712 3301 1945 3354; x_wconf 86' lang='lat' dir='ltr'><strong>longinqua</strong></span> <span class='ocrx_word' id='word_1_502' title='bbox 1963 3310 2036 3341; x_wconf 85' lang='lat' dir='ltr'><strong>va·</strong></span> 
     </span>
     <span class='ocr_line' id='line_1_99' title="bbox 1154 3362 2036 3415; baseline 0 -11"><span class='ocrx_word' id='word_1_503' title='bbox 1154 3364 1217 3404; x_wconf 92' lang='lat' dir='ltr'><strong>let</strong></span> <span class='ocrx_word' id='word_1_504' title='bbox 1233 3370 1401 3406; x_wconf 89' lang='lat' dir='ltr'><strong>mutare</strong></span> <span class='ocrx_word' id='word_1_505' title='bbox 1434 3364 1663 3415; x_wconf 85' lang='lat' dir='ltr'><strong>vetustas,)</strong></span> <span class='ocrx_word' id='word_1_506' title='bbox 1690 3362 1938 3403; x_wconf 85' lang='lat' dir='ltr'><strong>Dissiluisse</strong></span> <span class='ocrx_word' id='word_1_507' title='bbox 1971 3363 2036 3404; x_wconf 86' lang='lat' dir='ltr'><strong>fe·</strong></span> 
     </span>
     <span class='ocr_line' id='line_1_100' title="bbox 1153 3426 2035 3480; baseline -0.001 -12"><span class='ocrx_word' id='word_1_508' title='bbox 1153 3433 1272 3480; x_wconf 89' lang='lat' dir='ltr'><strong>runt,</strong></span> <span class='ocrx_word' id='word_1_509' title='bbox 1305 3441 1403 3469; x_wconf 82' lang='lat' dir='ltr'><strong>cum</strong></span> <span class='ocrx_word' id='word_1_510' title='bbox 1454 3428 1649 3479; x_wconf 87' lang='lat' dir='ltr'><strong>protinus</strong></span> <span class='ocrx_word' id='word_1_511' title='bbox 1685 3432 1870 3478; x_wconf 89' lang='lat' dir='ltr'><strong>utraque</strong></span> <span class='ocrx_word' id='word_1_512' title='bbox 1906 3426 2035 3467; x_wconf 88' lang='lat' dir='ltr'><strong>tellus</strong></span> 
     </span>
     <span class='ocr_line' id='line_1_101' title="bbox 1153 3488 2032 3541; baseline -0.003 -8"><span class='ocrx_word' id='word_1_513' title='bbox 1153 3493 1254 3533; x_wconf 89' lang='lat' dir='ltr'><strong>Una</strong></span> <span class='ocrx_word' id='word_1_514' title='bbox 1271 3491 1414 3533; x_wconf 85' lang='lat' dir='ltr'><strong>foret:</strong></span> <span class='ocrx_word' id='word_1_515' title='bbox 1444 3491 1562 3531; x_wconf 85' lang='lat' dir='ltr'><strong>venit</strong></span> <span class='ocrx_word' id='word_1_516' title='bbox 1579 3488 1722 3529; x_wconf 90' lang='lat' dir='ltr'><strong>medio</strong></span> <span class='ocrx_word' id='word_1_517' title='bbox 1739 3490 1779 3529; x_wconf 91' lang='lat' dir='ltr'><strong>vi</strong></span> <span class='ocrx_word' id='word_1_518' title='bbox 1799 3495 1968 3541; x_wconf 85' lang='lat' dir='ltr'><strong>pontus,</strong></span> <span class='ocrx_word' id='word_1_519' title='bbox 1986 3496 2032 3530; x_wconf 88' lang='lat' dir='ltr'><strong>et</strong></span> 
     </span>
     <span class='ocr_line' id='line_1_102' title="bbox 1154 3551 2030 3607; baseline -0.007 -9"><span class='ocrx_word' id='word_1_520' title='bbox 1154 3556 1278 3598; x_wconf 88' lang='lat' dir='ltr'><strong>undis</strong></span> <span class='ocrx_word' id='word_1_521' title='bbox 1312 3553 1572 3607; x_wconf 87' lang='lat' dir='ltr'><strong>Hesperium</strong></span> <span class='ocrx_word' id='word_1_522' title='bbox 1598 3552 1742 3593; x_wconf 87' lang='lat' dir='ltr'><strong>Siculo</strong></span> <span class='ocrx_word' id='word_1_523' title='bbox 1760 3551 1871 3593; x_wconf 89' lang='lat' dir='ltr'><strong>latus</strong></span> <span class='ocrx_word' id='word_1_524' title='bbox 1892 3552 2030 3594; x_wconf 87' lang='lat' dir='ltr'><strong>absci-</strong></span> 
     </span>
    </p>
   </div>
  </div>
 </body>
</html>
