2288 3990
437 274 464 332 Ῑ
472 279 579 333 094

433 420 535 472 quia
578 420 704 472 longa
745 421 885 474 nimis,
933 426 1306 474 praetermittenda

434 483 556 532 duxi,
574 496 720 524 verum
749 485 851 525 illud
883 486 936 525 ad
956 488 1064 528 hanc
1094 502 1182 530 rem
1201 493 1304 532 satis

431 546 529 595 erit,
550 546 661 598 quod
685 547 952 589 Onesicritus
982 552 1129 594 scribit
1146 565 1190 594 se
1207 556 1304 595 mis-

431 623 523 650 sum
551 612 604 651 ab
625 611 885 664 Alexandro,
918 619 967 654 ut
999 628 1092 657 cum
1114 618 1302 671 Gymno-

427 674 630 725 sophistis
649 676 909 728 loqueretur,
927 680 1037 731 quod
1058 681 1303 724 Alexander

429 736 664 776 audivisset
684 750 756 778 eos
783 739 919 780 nudos
937 741 1102 794 sedere,
1133 749 1178 785 et
1197 747 1301 785 tole·

431 799 609 838 tantiam
631 808 897 852 exercentes,
929 803 971 842 in
998 805 1156 845 honore
1184 820 1301 847 max-

429 861 513 901 imo
529 862 678 902 haberi
698 876 718 915 ;⁴
739 863 791 902 ad
820 865 893 904 bos
914 866 1094 917 venisse,
1117 873 1161 908 et
1182 869 1300 921 quin-

429 923 569 963 decim
589 925 779 965 homines
798 926 1023 977 invenisse,
1044 929 1196 980 viginti
1216 937 1302 971 sta-

429 985 508 1024 diis
529 986 582 1025 ab
611 987 732 1037 urbe,
762 989 888 1028 alium
909 990 951 1029 in
980 991 1064 1031 alio
1087 998 1209 1042 gestu
1231 994 1300 1033 vel

426 1054 628 1100 stantem,
645 1051 710 1089 vel
733 1052 966 1103 sedentem,
995 1055 1062 1093 vel
1083 1055 1298 1106 jacentem

425 1111 601 1160 nudum,
619 1118 663 1153 et
691 1127 821 1166 usque
841 1116 894 1156 ad
915 1128 1132 1169 vesperam
1154 1119 1299 1159 immo-

421 1174 533 1225 tum,
547 1181 697 1225 postea
718 1177 759 1216 in
777 1178 922 1218 urbem
942 1180 1163 1220 discedere
1182 1194 1193 1230 ;
1222 1183 1295 1220 sed

423 1236 607 1276 omnium
629 1237 918 1279 difficillimum
938 1253 1031 1280 esse
1046 1242 1186 1282 Solem
1201 1256 1297 1294 per-

421 1298 515 1350 peti
536 1299 644 1339 adeo
663 1302 859 1352 calidum,
884 1309 932 1343 ut
949 1315 1071 1344 nemo
1090 1305 1196 1344 alius
1221 1318 1295 1344 nu-

423 1359 487 1399 dis
515 1362 711 1411 pedibus,
734 1364 898 1405 scilicet
926 1366 967 1404 in
996 1367 1194 1418 meridie,
1219 1380 1295 1419 per

420 1427 578 1462 terram
599 1424 661 1463 ire
688 1424 815 1466 facile
833 1426 991 1468 ferret:
1022 1430 1293 1482 locatumque

418 1496 514 1524 cum
536 1498 618 1525 uno
637 1499 799 1540 eornm,
829 1491 996 1532 nomine
1014 1493 1189 1544 Calano,
1221 1494 1291 1546 qui

416 1554 569 1598 postea
587 1562 719 1602 usque
736 1552 776 1590 in
791 1552 985 1594 Persiam
1000 1553 1291 1595 Alexandrum

416 1618 587 1650 secutus
617 1619 698 1652 est.
767 1614 862 1655 Nec
895 1616 998 1656 illud
1032 1620 1289 1668 praetermit-

413 1673 592 1713 tendum
615 1686 785 1725 censeo,
800 1677 911 1728 quod
932 1677 1207 1719 Aristobulus
1226 1681 1288 1719 di·

414 1733 476 1774 cit
496 1748 540 1775 se
559 1736 714 1777 vidisse
727 1739 947 1790 Sophistas
962 1741 1065 1782 duos
1087 1755 1140 1782 ex
1159 1743 1288 1783 Taxi-

414 1796 465 1837 lis
482 1803 684 1852 utrosque
715 1802 994 1853 Bragmanas,
1025 1806 1203 1844 alterum
1223 1818 1286 1845 se·

412 1859 575 1900 niorem
597 1867 776 1914 tonsum,
793 1865 973 1905 alterum
987 1867 1200 1919 juniorem
1217 1881 1286 1908 co-

414 1927 591 1973 matum,
611 1935 716 1975 quos
748 1926 947 1978 discipuli
967 1930 1282 1981 sequebantur:

411 1982 488 2022 hos
508 1983 664 2024 deinde
684 1986 737 2025 ad
764 1986 997 2028 Alexandri
1016 2003 1201 2032 mensam
1220 2005 1284 2034 as-

413 2046 632 2095 sistentes,
650 2061 853 2099 coenasse,
880 2057 925 2091 et
944 2053 1194 2102 patientiam
1211 2054 1283 2094 do·

411 2109 579 2159 cuisse;
627 2116 774 2162 postea
809 2113 850 2152 in
892 2114 1030 2154 locum
1074 2118 1283 2168 quendam

409 2173 652 2223 proximum
685 2175 952 2227 secedentes,
976 2178 1182 2219 seniorem
1216 2193 1284 2220 su-

410 2235 556 2285 pinum
578 2237 772 2277 etSolem
789 2244 833 2278 et
850 2239 1005 2279 imbres
1021 2240 1302 2294 toleravisse,

407 2296 516 2349 (jam
536 2299 648 2338 enim
669 2299 843 2351 pluebat
871 2314 972 2341 vere
994 2303 1285 2356 incipientez)

400 2360 619 2411 juniorem
654 2374 754 2402 vero
793 2364 835 2402 in
865 2365 1002 2404 altero
1028 2366 1138 2416 pede
1168 2373 1280 2406 stan-

406 2428 511 2475 tem,
530 2425 689 2476 lignum
712 2426 959 2467 tricubitale
976 2430 1179 2469 ambabus
1198 2443 1282 2470 ma-

404 2485 530 2525 nibus
567 2486 797 2537 sublatum,
830 2495 1119 2539 sustentasse3
1166 2493 1279 2542 pede

406 2552 550 2587 autem
570 2549 662 2600 jam
683 2549 851 2590 defesso
871 2563 1038 2591 rursum
1071 2553 1277 2603 alteri-in-

403 2610 569 2662 nixum,
598 2620 729 2664 atque
767 2614 827 2652 ita
857 2615 1052 2666 quotidie
1085 2628 1278 2666 perseve-

404 2685 537 2715 rasse.
594 2677 660 2715 Ex
678 2676 741 2715 his
767 2678 1122 2717 continentiorem
1145 2680 1278 2719 visum

404 2734 791 2789 fuisse-juniorem,
813 2741 886 2791 qui
906 2753 999 2780 cum
1021 2741 1279 2792 aliquamdiu

405 2811 551 2851 regem
573 2808 746 2841 secutus
765 2801 932 2853 fuisset,
949 2803 1117 2843 domum
1137 2817 1278 2844 rever-

405 2874 475 2901 sus
495 2869 576 2913 est,
598 2869 643 2903 et
668 2877 718 2903 eo
749 2865 917 2916 relicto,
942 2867 1084 2918 jussit,
1113 2867 1147 2906 si
1177 2868 1278 2919 quid

402 2924 549 2976 vellet,
567 2926 620 2964 ad
643 2938 686 2964 se
705 2927 886 2967 veniret.
927 2928 1126 2968 Alterum
1144 2943 1278 2983 usque

403 2987 458 3028 ad
491 2994 727 3029 extremum
750 2998 960 3040 secutum,
979 2997 1024 3031 et
1049 3000 1212 3032 vestem
1233 2999 1278 3034 et

401 3051 530 3090 vitam
546 3052 657 3102 apud
677 3064 819 3104 regem
838 3053 1082 3094 immutasse
1096 3069 1107 3104 ;
1123 3062 1166 3095 et
1181 3069 1276 3097 cum

403 3125 429 3153 a
466 3113 718 3166 quibusdam
757 3116 1064 3168 increparetur,
1105 3131 1278 3171 respon-

403 3176 532 3228 disse,
551 3178 664 3230 quod
697 3181 920 3230 sexaginta
952 3181 1276 3221 exercitationis

404 3253 536 3280 annos
566 3242 836 3293 complesset,
866 3255 968 3295 quos
1004 3245 1274 3295 promiserat.

398 3302 694 3344 Alexandrum
725 3304 820 3344 filiis
840 3306 932 3355 ejus
963 3305 1075 3346 dona
1095 3307 1275 3357 plurima

401 3366 586 3408 dedisse.
642 3369 707 3407 De
728 3369 789 3408 his
811 3381 976 3421 quoque
1001 3369 1167 3409 Plinius
1187 3371 1272 3410 Na-

401 3433 485 3469 tur.
501 3430 663 3471 Histor.
678 3431 753 3472 lib.-
769 3443 832 3473 vt.
850 3433 1096 3472 etLucanus
1110 3433 1183 3474 lib.
1200 3445 1272 3475 111.

401 3491 659 3533 mentionem
688 3492 809 3535 facit.
866 3495 1015 3535 Cicero
1042 3496 1272 3538 Tusculan.

1016 298 1192 339 No'rAE
1233 301 1562 346 VARIORUM
1604 305 1669 347 IN

1368 422 1531 464 Quaest.
1551 424 1625 464 lib.
1644 436 1687 464 v.
1706 424 1843 477 inquit
1863 438 1874 465 ε
1901 424 1914 448 ‘
1933 426 2040 468 Quae
2057 429 2102 466 et
2128 423 2235 468 Bar-

1365 485 1486 526 baria
1515 486 1641 527 India
1661 489 1821 527 vastior
1839 493 1884 528 et
1915 489 2152 540 agrestior?
2189 490 2234 529 in

1365 558 1416 586 ea
1435 553 1575 587 tamen
1597 555 1724 600 gente
1743 551 1922 602 primum
1946 551 2006 602 hi,
2025 551 2095 604 qui
2116 551 2234 603 Sapi-

1365 617 1486 651 entes
1511 612 1738 664 habentur,
1757 614 1862 653 nudi
1891 619 2062 654 aetatem
2083 618 2235 666 agunt,

1363 679 1408 713 et
1438 675 1618 714 Caucasi
1650 675 1767 715 nives
1795 676 2116 729 hyemalemque
2149 676 2234 716 vim

1363 735 1600 788 perferunt,
1633 738 1721 777 sine
1754 739 1915 788 dolore,
1958 752 2137 792 cumque
2177 738 2232 779 ad

1361 796 1572 838 flammam
1606 812 1651 839 se
1684 800 2014 851 implicaverint,
2044 801 2136 840 sine
2159 812 2237 852 εει

1362 860 1467 899 mitn
1521 862 1782 902 aduruntur:
1857 863 2232 915 Gymnosophistae

1362 922 1470 961 adeo
1491 923 1569 963 sibi
1592 925 1843 975 patientiam
1870 926 1988 977 quasi
2017 925 2231 977 propriam

1361 984 1603 1035 vendicant,
1621 991 1668 1026 nt
1689 987 1815 1026 vitam
1847 999 1963 1027 suam
1991 988 2096 1027 nudi
2121 999 2231 1028 sem·

1361 1047 1647 1096 ρει-(1116111113
1693 1050 1903 1090 Haecille.
1955 1051 2082 1092 Unde
2100 1052 2233 1091 etiam

1360 1109 1730 1161 Gymnosophistae
1768 1112 1983 1162 dicuntur,
2015 1113 2128 1165 quod
2154 1124 2230 1153 nu·

1358 1170 1400 1208 di
1430 1172 1796 1223 philosophentur,
1815 1180 1862 1214 ut
1881 1186 2011 1226 supra
2028 1174 2232 1216 diximus.

1361 1232 1508 1274 Olim.
1777 1238 1781 1241 ’

1414 1295 1599 1346 Caucasi]
1630 1297 1823 1337 Caucasii
1843 1303 2024 1348 montes,
2041 1299 2112 1351 qui
2127 1311 2227 1350 pro·

1359 1355 1452 1404 prie
1497 1358 1557 1397 sic
1596 1359 1813 1410 dicuntur,
1852 1367 1950 1402 sunt
1989 1364 2231 1404 Ptolemaeo

1357 1419 1472 1458 circa
1489 1420 1576 1459 Oxi
1589 1428 1632 1460 et
1652 1422 1746 1461 Indi
1768 1422 1950 1464 fluminis
1965 1424 2122 1466 fontes.

1411 1481 1583 1522 Glaciali
1612 1484 1760 1535 rigore]
1789 1486 1858 1524 lta
1880 1486 2021 1537 plures
2040 1487 2136 1527 libri
2154 1487 2227 1528 ha-

1353 1543 1471 1584 bent.
1512 1546 1666 1597 Vulgo,
1687 1547 1819 1596 gelido
1832 1548 1978 1597 rigore.
2035 1549 2136 1589 Non
2149 1549 2226 1589 mi-

1352 1618 1430 1646 nus
1469 1609 1689 1660 eleganter
1726 1610 1858 1660 prius,
1900 1615 1948 1654 ut
1978 1611 2227 1663 Juvenafis,

1349 1668 1361 1690 ‘
1377 1670 1597 1721 glacialem
1618 1671 1870 1719 oceanum:
1887 1673 2010 1713 dixit.
2038 1674 2225 1724 Pighius.

1404 1732 1523 1772 Modo
1542 1733 1739 1785 flammis]
1766 1734 1858 1775 Aut
1891 1735 2005 1787 quia,
2033 1741 2082 1775 ut
2115 1736 2223 1776 dixi-

1348 1806 1456 1844 mus,
1496 1797 1635 1835 arenis
1669 1795 1932 1837 ferventibus
1967 1805 2225 1850 perpetuum

1348 1856 1460 1896 diem
1490 1859 1663 1898 alternis
1687 1859 1870 1910 pedibus
1900 1859 2115 1906 insistunt,
2146 1866 2222 1900 aut

1346 1920 1443 1972 quia
1458 1919 1849 1973 Gymnosophistae‚
1863 1935 1957 1962 cum
1974 1922 2046 1962 diu
2061 1935 2107 1962 se
2120 1923 2225 1963 satie

1349 1983 1501 2021 vixisse
1521 1984 1846 2034 arbitrarentur,
1879 1985 2090 2026 instructo
2116 1997 2222 2037 rogo

1345 2044 1431 2083 vivi
1451 2045 1638 2085 comburi
1659 2046 1946 2097 patiebantur.
1977 2048 2121 2087 Olicer.

1402 2107 1556 2147 Titulus
1573 2121 1735 2159 namque
1750 2107 1969 2160 sapientioe]
1997 2109 2108 2149 Nam
2125 2113 2222 2158 Γυμ-

1347 2170 1575 2221 νοσοφισταὶ
1599 2171 1938 2222 appellabantur.
1990 2172 2219 2212 Tertullia-

1347 2246 1424 2273 nus
1453 2235 1636 2286 Apolog.
1665 2239 1676 2256 ⁶
1694 2236 1846 2286 Neque
1867 2235 1976 2274 enim
1994 2235 2222 2275 Brachma-

1346 2308 1412 2336 nae
1443 2303 1518 2337 aut
1539 2297 1740 2337 Indorum
1763 2298 2132 2350 Gymnosophistae
2151 2310 2220 2337 su·

1344 2371 1454 2409 mus,
1484 2360 1685 2400 silvicolae
1705 2366 1750 2400 et
1769 2361 1914 2400 exules
1933 2358 2060 2400 vitae.’
2090 2361 2218 2400 Color.

1398 2424 1420 2474 ξ
1441 2427 1465 2463 7
1497 2424 1617 2463 Omm‘
1635 2423 1765 2475 modo]
1794 2423 1924 2464 Omni
1943 2435 2100 2475 genere
2117 2435 2218 2476 sup-

1343 2486 1473 2537 plicii.

1394 2549 1638 2600 malignum]
1667 2549 1719 2589 Id
1739 2555 1821 2602 est,
1841 2549 2057 2602 exiguum.

1395 2611 1518 2662 Inque
1551 2612 1686 2663 captu]
1727 2612 1841 2663 Tibi,
1878 2613 2032 2664 inquit,
2069 2624 2218 2653 curam

1340 2674 1534 2725 reliquit,
1554 2679 1755 2726 quantuni
1776 2686 1829 2713 ex
1845 2686 1898 2714 ea
1917 2686 2074 2726 capere
2093 2675 2219 2722 velis,

1341 2742 1589 2789 tantumque
1636 2742 1775 2776 tecum
1834 2749 2004 2790 semper
2056 2739 2215 2780 habeas

1340 2805 1544 2851 quantum
1571 2799 1633 2839 tui
1666 2800 1796 2839 animi
1825 2801 2073 2852 magnitudo
2093 2814 2217 2846 ‘com-

1341 2863 1467 2914 plexa
1482 2861 1614 2902 fuerit
1632 2875 1644 2911 ;
1664 2875 1745 2902 nec
1757 2863 1962 2914 ejusmodi
1977 2870 2041 2904 est
2059 2865 2215 2915 virtus,

1339 2930 1387 2963 ut
1419 2925 1482 2963 liis
1513 2937 1559 2964 se
1593 2925 1762 2977 quidem
1782 2931 1873 2965 tota
1893 2927 2104 2977 praebeat,
2130 2927 2214 2967 illis

1339 2988 1617 3038 perexiguam
1656 2993 1823 3039 partem
1869 2989 2092 3040 concedet,
2137 2988 2214 3030 sed

1340 3050 1565 3102 aequaliter
1583 3063 1629 3090 se
1658 3051 1850 3091 omnibus
1882 3053 2085 3103 exponit:
2113 3064 2212 3092 nam

1339 3114 1374 3152 si
1406 3114 1547 3165 magni
1578 3114 1703 3153 animi
1739 3114 1885 3164 fueris,
1911 3121 1960 3154 ut
1990 3127 2043 3154 ex
2077 3126 2130 3154 ea
2166 3121 2212 3155 te

1337 3178 1516 3216 multum
1548 3190 1703 3229 capere
1732 3189 1859 3229 posse
1891 3176 2092 3230 confidas,
2110 3179 2212 3218 mul-

1338 3245 1426 3278 tum
1440 3239 1520 3280 tibi
1536 3252 1590 3279 ex
1605 3252 1651 3279 se
1665 3239 1832 3279 auferre
1841 3241 2076 3291 permittit;
2095 3241 2209 3293 quod

1334 3301 1370 3340 si
1397 3301 1677 3352 pusillanimis
1709 3300 1857 3352 fueris,
1887 3312 2037 3353 parum
2075 3314 2129 3343 ex
2159 3314 2210 3343 ea

1332 3367 1618 3418 consequeris.
1649 3366 1757 3406 Oliv.

1388 3431 1498 3471 CAP.
1519 3442 1586 3471 lv.
1620 3431 1734 3476 Quod
1752 3442 1850 3482 soepe
1864 3431 1991 3470 evenit
2009 3435 2056 3471 ut
2073 3435 2110 3471 et
2137 3431 2208 3471 1111-

1331 3494 1431 3546 mili,
1447 3493 1532 3544 ὅπη]
1562 3494 1612 3534 111
1633 3493 1842 3534 Winchel.
1873 3494 1959 3539 Quo
1989 3506 2092 3546 soepe
2120 3506 2205 3535 eve-
