2358 4036
495 308 754 348 VALERu
802 306 1039 345 MAXIM!
1086 306 1204 344 mn.
1246 307 1285 343 1.
1325 305 1459 345 oar.
1487 292 1537 342 1.

141 443 237 482 cap.
251 434 291 471 6.
323 428 513 469 Ortelins.

201 493 333 546 Votis]
361 493 519 532 Votum
536 491 698 543 duplex
727 497 813 541 est,
833 500 1019 542 concep-

142 559 274 599 tivnm
305 564 351 598 et
381 557 731 610 nuncupativum.
787 555 1021 607 concepti-

140 633 237 662 vum
256 625 339 672 est,
355 621 468 675 quod
485 621 630 661 animo
656 626 702 660 et
719 625 864 661 mente
883 619 1020 659 solum

141 684 395 737 percipitur,
422 683 497 724 sed
534 683 674 725 verbis
703 695 787 724 non
817 681 1022 735 exprimi·

140 753 242 788 tur:
284 747 633 800 Nuncupativum
670 759 786 799 vero,
812 746 926 799 quod
945 758 1020 787 no-

140 809 344 851 minativa
376 821 483 851 voce
518 809 764 851 declaratur
793 815 926 863 atque
950 821 1021 850 vo-

140 879 296 916 vetur:
324 879 373 915 nt
391 874 428 914 si
447 873 625 914 dixero:
657 875 702 915 Si
729 873 1020 915 valetudinem

141 949 476 990 recuperavero,
489 943 679 978 statuam
709 942 958 990 argenteam
978 936 1022 976 in

142 1002 307 1055 templo
341 1001 557 1054 Apollinis
583 1001 845 1042 constituam
877 1006 923 1040 et
941 999 1024 1040 eri·

142 1077 255 1118 gam.
308 1065 394 1108 Qui
411 1072 515 1106 vota
545 1070 884 1117 nuncupassem,
904 1076 956 1104 ea
974 1064 1025 1104 li-

144 1127 268 1168 bellis
286 1128 498 1181 inscripta
516 1128 758 1181 porticibus
778 1126 1026 1181 affigebant.

146 1183 297 1232 Olim.

202 1255 331 1296 Unum
346 1254 502 1307 cenam]
540 1255 680 1298 Qunam
701 1255 894 1308 imperiti
922 1254 935 1277 ‘
957 1266 1026 1295 ca·

144 1318 325 1372 pellam'
347 1326 522 1371 vocant,
538 1320 583 1360 id
595 1326 679 1372 est,
698 1321 918 1361 sacellum.

199 1383 298 1424 Nisi
329 1384 450 1425 certis
484 1383 597 1435 Diis]
651 1384 715 1424 Ut
764 1384 937 1425 Polluci
982 1388 1028 1423 et

147 1445 334 1499 Castori,
370 1452 421 1489 ut
456 1447 646 1500 Apollini
683 1454 728 1489 et
768 1448 942 1498 Dianae,
980 1453 1028 1487 ut

146 1511 310 1552 Veneri
325 1516 372 1551 et
389 1510 593 1563 Adonidi,
607 1517 656 1551 ut
668 1510 845 1564 Cybelae
859 1515 904 1550 et
918 1510 1030 1551 Atti.

146 1573 259 1615 Haec
277 1575 451 1615 numina
467 1576 719 1615 societatem
748 1574 861 1614 inter
891 1586 938 1614 se
957 1575 1028 1614 ha-

146 1636 252 1678 bere
292 1638 572 1689 dicebantur3
629 1639 778 1691 itaque
825 1638 1030 1679 ambobus

146 1712 230 1740 una
249 1701 590 1754 sacrificabatur,
603 1701 844 1755 praesertim
858 1703 1030 1743 Castori

146 1760 381 1805 et'Polluci
397 1781 408 1816 3
436 1765 499 1804 ita
519 1771 663 1805 tamen
677 1771 726 1806 ut
739 1765 912 1818 utrique
927 1778 1029 1806 suus

145 1826 378 1868 baberetur
407 1828 553 1879 honos,
582 1832 630 1868 et
664 1827 763 1869 ideo
797 1829 1028 1870 Marcellus

146 1896 324 1931 coactus
343 1892 423 1932 hac
442 1892 734 1933 admonitione
754 1897 800 1933 et
820 1893 1030 1945 supersti-

147 1955 264 1994 tione
301 1954 562 1995 Pontificum
598 1968 685 1996 non
724 1968 852 1997 unam
890 1957 1030 1997 aedem

147 2016 312 2058 duobus
346 2017 463 2069 Diis,
493 2019 567 2058 sed
599 2018 707 2060 duas
737 2019 956 2061 aedificare
985 2026 1032 2062 et

150 2092 426 2122 consecrare.
457 2082 609 2123 Oliver.

202 2145 227 2197 §
252 2148 281 2184 9
311 2145 610 2197 Consului-ibus]
654 2146 913 2188 Distinctius
958 2159 1032 2201 ap·

149 2208 320 2262 tinsqne
339 2209 499 2261 scribo,
516 2213 574 2249 tot
594 2215 643 2250 et
671 2214 753 2251 eam
765 2225 780 2259 ,·
808 2212 926 2262 item,
946 2225 1035 2252 con-

147 2271 349 2313 sulatibus.
393 2273 506 2314 Nam
523 2274 577 2313 de
597 2274 808 2315 Marcello
829 2278 1037 2316 retulerat

149 2335 345 2387 quintum
366 2336 566 2378 Consule.
621 2337 776 2390 Itaque
796 2345 930 2388 recte,
947 2352 1036 2379 con-

149 2400 299 2439 sulatus
315 2401 474 2451 multos,
501 2412 585 2440 non
614 2402 793 2452 pariter,
821 2405 1038 2443 consulares

152 2462 325 2514 legeris.
353 2462 449 2504 Nec
463 2463 581 2503 enim
597 2464 741 2516 plures
762 2476 1038 2516 praecessere.

157 2522 268 2575 upa.

208 2588 378 2638 Collegii
397 2587 613 2641 Saliorum]
656 2590 780 2641 Salii,
810 2596 859 2632 ut
893 2591 1038 2633 Livius

152 2651 288 2692 tradit
306 2651 418 2693 libro
449 2664 537 2694 xu.
571 2653 615 2694 in
635 2653 738 2694 urbe
759 2654 884 2696 fuere
903 2669 928 2696 a
949 2657 988 2697 N
995 2669 1040 2697 u-

153 2726 221 2753 ma
239 2714 480 2764 constituti,
499 2721 544 2756 et
563 2716 701 2756 Marti
721 2716 914 2758 Gradivo
935 2731 1037 2758 con-

152 2778 330 2829 secrati,
347 2779 420 2831 qui
434 2779 614 2819 totidem
627 2781 782 2820 ancilia
795 2793 872 2833 per
888 2781 1039 2822 urbem

153 2854 249 2882 cum
269 2842 447 2882 saltibus
472 2842 718 2894 gestabant,
743 2844 946 2896 tripudiis
966 2858 1040 2885 ca-

154 2912 306 2945 nentes
337 2912 530 2946 veterem
549 2907 753 2948 Mamurii
776 2910 1040 2951 memoriam.

210 2969 380 3019 Collegii
399 2969 618 3022 Saliorum]
645 2970 823 3012 Servius
844 2973 1040 3013 Danielis

157 3032 211 3072 ad
229 3032 396 3076 AEneid.
422 3044 527 3074 vm.
582 3036 594 3057 ‘
616 3034 852 3087 Sanianum,
870 3036 943 3089 qui
965 3037 1040 3077 tri-

157 3095 383 3146 pudiantes
411 3108 506 3138 aras
544 3097 846 3140 circumibant.
901 3100 1040 3141 Salta-

158 3158 263 3199 bant
291 3165 436 3201 autem
469 3160 556 3201 ritu
585 3161 724 3201 veteri
754 3163 910 3202 armati
942 3169 1041 3215 post

159 3222 378 3263 victoriam
412 3223 733 3264 Tiburtinorum
767 3225 821 3265 de
854 3225 1039 3268 Volscis.

156 3284 266 3325 Sunt
282 3291 426 3326 autem
451 3287 559 3327 Salii
577 3288 734 3328 Martis
754 3294 800 3329 et
820 3290 1040 3342 Herculis,

159 3348 356 3400 quoniam
366 3349 559 3390 Chaldaei
573 3351 743 3391 stellam
757 3353 800 3392 M
809 3354 914 3394 artis
928 3354 1042 3394 Her-

158 3411 296 3450 culem
331 3411 496 3462 dicunt,
526 3426 632 3466 quos
662 3415 800 3455 Varro
830 3419 1040 3470 sequitur,

162 3480 207 3513 et
223 3474 424 3514 Tiburtes
444 3476 582 3516 Salios
615 3477 746 3517 etiam
771 3478 1044 3522 dicaverant.

164 3537 346 3582 Quidam
365 3541 438 3585 lios
459 3552 483 3579 a
502 3546 512 3562 ·
535 3540 671 3580 saltu’
692 3543 932 3594 appellatos
955 3552 1042 3585 tra·

1852 292 1962 345 921

1083 425 1207 477 dunt,
1225 437 1331 477 quos
1351 424 1422 464 alii
1438 435 1464 464 a
1488 423 1634 464 Numa
1664 423 1900 474 institutos,
1919 430 1968 466 ut

1081 499 1197 527 arma
1243 488 1400 529 ancilia
1459 492 1684 539 portantes
1743 487 1967 527 saltarent.

1085 553 1199 604 Ergo
1219 552 1329 592 bene
1348 563 1373 591 a
1402 550 1565 592 ‘saltu'
1595 551 1821 603 appellati.
1878 551 1969 590 Ho-

1083 626 1178 654 rum
1226 626 1448 654 numerum
1506 614 1723 654 Hostilius
1770 612 1967 653 addidit:

1083 691 1180 719 nam
1200 678 1285 719 duo
1305 684 1405 719 sunt
1425 690 1586 731 genera
1604 678 1836 729 Saliorum,
1854 677 1972 718 sicut

1082 742 1127 782 in
1162 742 1397 782 Saliaribus
1436 741 1703 782 Carminibus
1735 741 1973 794 invenitur,

1084 807 1242 848 Colliui
1278 812 1324 847 et
1358 806 1609 849 Quirinales
1632 806 1821 846 aNuma
1852 805 1975 845 insti-

1083 869 1190 910 tuti:
1252 869 1306 910 ab
1345 869 1534 909 Hostilio
1573 881 1676 910 vero
1713 868 1888 909 Pavorii
1926 874 1974 908 et

1083 933 1265 974 Pallorii
1302 934 1504 974 instituti.
1578 933 1838 974 Habuerunt
1870 944 1973 973 sane

1084 1004 1130 1039 et
1158 999 1390 1039 Tusculani
1426 998 1563 1038 Salios
1598 1003 1702 1038 ante
1742 998 1976 1038 Romanos.

1085 1061 1175 1102 Alii
1189 1060 1343 1102 dicunt
1352 1061 1513 1101 Salium
1530 1061 1745 1115 quendam
1755 1061 1976 1102 Arcadem

1085 1125 1237 1177 fuisse,
1256 1126 1329 1179 qui
1346 1126 1543 1178 Trojanis
1568 1126 1763 1178 junctus,
1780 1126 1894 1167 hunc
1913 1127 1977 1166 lu»

1087 1189 1187 1230 dum
1226 1190 1268 1229 in
1306 1189 1438 1229 sacris
1470 1189 1741 1230 instituerit:
1788 1189 1979 1229 nonnulli

1089 1259 1236 1295 tamen
1268 1255 1346 1294 hos
1365 1265 1391 1294 a
1409 1253 1621 1294 Dardano
1651 1254 1871 1294 institutos
1906 1266 1979 1294 vo-

1089 1319 1197 1371 lunt,
1232 1320 1304 1372 qui
1336 1318 1687 1359 Samothracibus
1721 1317 1818 1358 Diis
1856 1330 1980 1358 sacra

1090 1382 1402 1434 persolverent.
1459 1381 1649 1423 Quidam
1677 1381 1807 1422 etiam
1829 1381 1982 1422 dicunt

1090 1449 1224 1488 Salios
1254 1461 1282 1488 a
1299 1448 1463 1488 Morrio
1492 1449 1612 1500 Rege
1640 1447 1981 1488 Veientanorum

1090 1511 1345 1562 institut0s;
1383 1517 1434 1551 ut
1467 1511 1620 1551 Alesus
1643 1511 1837 1563 Neptuni
1867 1510 1981 1551 filius

1090 1586 1237 1614 eorum
1259 1574 1460 1615 Carmine
1479 1574 1745 1624 laudaretur,
1772 1574 1843 1627 qui
1864 1574 1980 1626 ejus·

1091 1636 1190 1677 dem
1226 1638 1340 1690 regis
1386 1636 1564 1678 familiae
1605 1643 1758 1678 auctor
1801 1639 1979 1678 ultimus

1090 1698 1207 1740 fuit!
1262 1702 1403 1741 Vetus
1457 1701 1754 1741 Glossarium:
1795 1701 1981 1751 ‘Salius‚

1089 1763 1226 1816 Ἱερεὺς
1246 1765 1267 1804 ὁ
1283 1764 1337 1805 τὰ
1363 1766 1521 1812 διοπετῆ
1538 1763 1645 1805 ὅπλα
1663 1764 1891 1818 θεραπεύων·
1915 1766 1985 1815 ὑμ-

1091 1827 1219 1879 maas-
1239 1826 1453 1881 πρύτανις]
1487 1827 1571 1868 Adi
1590 1829 1780 1869 Festum.
1804 1830 1983 1869 Galen-us.

1144 1892 1324 1945 Ancilia]
1367 1891 1522 1933 Ancile
1541 1892 1595 1932 de
1610 1892 1720 1932 coelo
1745 1892 1986 1945 delapsum,

1092 1962 1142 1998 ut
1155 1956 1396 2009 fingebant,
1412 1956 1555 1996 Numa
1572 1955 1858 1996 consecravit.

1157 2021 1223 2060 Ita
1256 2032 1298 2061 se
1335 2021 1594 2060 humanarum
1630 2019 1781 2071 rerum]
1837 2020 1985 2073 Magis

1093 2083 1240 2136 placet
1249 2084 1549 2124 Pulmanniani
1559 2083 1818 2136 exemplaris
1832 2084 1965 2125 lectio
1975 2098 1988 2124 z

1095 2148 1162 2188 lta
1194 2161 1234 2189 se
1265 2148 1523 2188 humanarum
1556 2159 1688 2187 rerum
1718 2149 1822 2188 velut
1851 2160 1987 2188 curam

1092 2224 1231 2262 gerere
1245 2213 1535 2254 existimantia.
1566 2213 1676 2255 Quae
1695 2213 1869 2265 quidem
1889 2225 1986 2253 sen-

1097 2277 1235 2316 tentia
1269 2276 1492 2328 pulchrior
1525 2282 1570 2316 et
1602 2277 1779 2317 nitidior
1801 2277 1985 2318 videtur.

1098 2340 1284 2390 Pighius.

1153 2406 1176 2457 ς
1207 2408 1257 2444 10
1289 2404 1403 2449 Quod
1434 2403 1558 2442 animi
1578 2403 1796 2455 judicium]
1840 2404 1986 2444 Conti-

1100 2467 1165 2518 git
1185 2467 1240 2508 A.
1260 2467 1316 2506 U.
1332 2476 1556 2506 cccnxm.

1154 2530 1320 2569 Pontem
1337 2528 1560 2581 sublicium]
1604 2530 1759 2569 Festus
1796 2530 1857 2570 ait
1884 2543 1988 2583 quo-

1099 2594 1278 2633 rundam
1299 2593 1500 2645 opinione
1520 2605 1616 2633 esse
1635 2593 1888 2634 vocabulum
1906 2595 1988 2636 hoc

1098 2656 1366 2696 Volscorum.
1434 2656 1631 2708 Scaliger
1677 2656 1866 2696 sublicum
1903 2669 1989 2698 non

1100 2732 1224 2760 secus
1252 2726 1383 2772 atque
1414 2720 1427 2742 ‘
1445 2719 1692 2772 obliquum'
1721 2720 1807 2760 dici
1843 2721 1990 2761 existi·

1098 2790 1204 2835 mat,
1243 2784 1296 2824 ab
1327 2783 1536 2823 inusitato
1572 2785 1584 2806 ‘
1608 2783 1766 2836 liquis.’
1840 2784 1989 2837 Liqnis

1099 2853 1260 2898 autem,
1278 2853 1328 2887 ut
1348 2852 1472 2887 vetus
1489 2853 1614 2887 autor
1629 2847 1820 2899 loquitur
1846 2848 1901 2887 de
1919 2849 1990 2888 Fi-

1101 2912 1232 2963 guris,
1244 2916 1325 2962 est,
1337 2922 1434 2963 quae
1449 2909 1665 2949 minuendi
1680 2910 1836 2950 laboris
1850 2923 1992 2962 causa,

1101 2979 1147 3013 et
1162 2973 1282 3013 salva
1301 2978 1516 3013 tectorum
1538 2972 1708 3013 ratione
1737 2974 1991 3026 angulorum

1101 3036 1337 3076 secundum
1371 3037 1508 3087 ipsam
1543 3036 1859 3084 extremitatem
1894 3036 1991 3076 sub-

1101 3099 1308 3139 tenditur.
1337 3098 1488 3148 Sculig.
1542 3098 1661 3138 Pons
1691 3106 1833 3139 autem
1863 3099 1992 3139 subli-

1102 3162 1208 3207 cius,
1221 3167 1268 3202 et
1287 3163 1406 3202 Pons
1421 3173 1556 3213 sacer,
1568 3167 1613 3202 et
1630 3162 1745 3202 Pons
1765 3162 1991 3212 Herculis,

1101 3231 1148 3265 et
1168 3225 1286 3264 Pons
1320 3225 1514 3265 AEmilius
1533 3238 1558 3265 a
1579 3225 1843 3277 Lampridio,
1868 3230 1915 3265 et
1933 3227 1990 3266 ab

1102 3288 1295 3329 Antonio
1312 3282 1430 3328 Pons
1448 3288 1601 3340 Lepidi
1625 3289 1786 3337 dictus,
1814 3288 1992 3329 circiter

1103 3352 1237 3404 pedes
1277 3358 1504 3392 sexcentos
1537 3365 1563 3391 a
1598 3351 1802 3390 Palatino
1839 3351 1991 3398 distat.

1103 3415 1403 3456 Fundamenta
1448 3427 1599 3467 parum
1635 3426 1767 3465 supra
1805 3414 1992 3455 Navalia

1105 3478 1148 3518 in
1168 3477 1356 3518 fluminis
1376 3478 1499 3517 alveo
1521 3482 1751 3527 apparent,
1771 3489 1824 3516 ex
1852 3478 1990 3517 solido

1105 3555 1316 3584 marmore
1333 3555 1344 3581 ε
1375 3542 1488 3582 unde
1506 3541 1734 3593 aliquando
1755 3554 1862 3594 pons
1882 3555 1992 3582 mar-
