2288 3990
338 257 481 310 1082

334 401 370 428 κ.
395 404 436 429 τ.
453 397 494 429 λ.
554 391 663 432 Quae
711 391 858 431 eadem
896 393 1094 434 Valerius
1131 394 1210 435 hoc

333 454 443 494 loco.
502 454 600 493 Non
631 454 762 506 igitur
789 456 880 495 haec
915 458 1114 508 exempla
1153 459 1215 499 di·

333 529 552 557 versorum
582 523 694 568 sunt,
715 524 762 558 ut
781 520 943 571 vulgati
966 521 1114 562 volunt
1131 523 1212 563 Co-

332 581 464 621 dices.
493 581 676 631 Pighius.

385 647 512 687 Parte
539 646 684 698 rerum]
714 647 892 689 Scilicet
911 648 951 689 in
973 651 1091 702 mari,
1109 652 1210 692 etin

330 714 466 760 terra,
492 723 584 763 quae
620 710 704 750 duo
741 717 841 752 sunt
875 714 1092 766 pr'aecipua
1123 717 1210 756 ele-

327 779 487 823 menta,
515 774 668 825 quibus
701 787 842 815 rerum
872 782 1025 817 natura
1057 780 1211 818 consis-

325 837 408 876 tit:
440 849 536 877 nam
554 850 717 891 vocem,
735 853 816 892 qua
834 852 933 880 usus
951 850 1015 882 est
1035 842 1089 882 ad
1116 844 1209 883 Cae-

326 913 463 940 sarem
485 902 524 940 in
545 892 681 954 terra,
700 904 847 945 virtuti
867 912 1105 958 comparat,
1124 920 1208 960 qua

328 975 429 1004 usus
450 971 518 1005 est
538 966 577 1005 in
598 967 719 1006 mari.
750 969 899 1010 Oliver.

381 1028 631 1069 Britannicae
649 1029 804 1083 insuloe]
820 1034 927 1074 Quae
947 1031 1145 1086 Angliam
1162 1040 1207 1075 et

327 1091 517 1131 Scotiam
551 1095 761 1144 continet,
804 1102 933 1148 atque
970 1102 1037 1136 est
1072 1097 1206 1137 insula

325 1154 460 1193 totius
482 1156 666 1207 Europae
687 1158 883 1206 maxima,
912 1171 1036 1211 quam
1065 1160 1207 1200 Julius

327 1217 472 1257 Caesar
491 1231 651 1257 summa
671 1219 831 1260 virtute
851 1222 1013 1272 primus
1047 1222 1207 1273 ingres-

325 1291 409 1320 sus.
450 1281 561 1321 Vide
584 1283 798 1322 Caesarem
817 1283 870 1323 de
891 1285 1016 1325 Bello
1035 1285 1208 1326 Gallico

323 1343 398 1384 lib.
418 1354 460 1383 v·

381 1407 552 1459 Ceteris]
571 1409 623 1448 Id
643 1415 726 1460 est,
744 1410 1119 1462 commilitonibus,
1135 1413 1207 1464 qui

323 1476 508 1522 quatuor
525 1478 665 1524 erant,
697 1475 905 1526 regressis
935 1481 1026 1515 rate
1058 1476 1110 1516 ad
1137 1477 1206 1516 lit-

324 1538 407 1574 tus.
438 1534 608 1575 Badius.

379 1595 560 1648 Quinque
598 1597 783 1650 militum,
826 1599 917 1651 ⁸52]
962 1601 1067 1641 Tela
1108 1613 1204 1653 quae

321 1658 508 1711 quinque
525 1660 726 1701 militibus
739 1661 937 1703 sufficere
954 1665 1207 1716 potuissent,

323 1721 400 1761 sia
421 1735 541 1762 mane
571 1737 702 1777 usque
733 1727 786 1766 ad
820 1740 1049 1780 vesperum
1083 1731 1204 1770 dimi-

320 1791 503 1827 cassent.
525 1788 674 1828 Oliver.
722 1790 902 1843 Quinque
920 1793 1106 1847 militum]
1123 1796 1205 1836 Tot

320 1849 435 1889 enim
471 1851 756 1893 ascenderant
797 1854 840 1894 in
887 1858 1106 1908 scopulum
1146 1859 1200 1899 ab

319 1910 441 1952 hoste
459 1914 679 1961 tuendum,
698 1917 774 1956 sed
791 1925 975 1970 quatuor
994 1921 1203 1973 abierant,

321 1977 488 2018 relictis
525 1982 714 2021 manenti
762 1984 876 2024 telis.
929 1986 1056 2026 Unde
1098 2000 1204 2028 unus

321 2041 512 2094 quinque
533 2043 712 2084 militum
733 2058 881 2086 munus
902 2048 1066 2101 obiens,
1085 2051 1203 2103 quin-

319 2115 403 2155 que
421 2105 602 2145 militum
637 2108 784 2161 adegit
819 2110 863 2150 in
897 2124 1077 2164 corpora
1109 2114 1204 2153 hos-

317 2168 423 2209 tium
443 2170 544 2220 pila.
577 2171 746 2212 Badius.

377 2233 583 2287 Umbom's]
605 2237 745 2278 Umbo
762 2239 936 2291 proprie
960 2239 1207 2289 umbilicus,

316 2297 397 2337 hoc
415 2305 496 2349 est,
519 2299 661 2339 media
682 2314 779 2352 pars
805 2304 933 2343 scuti.

372 2359 443 2400 Ira
470 2374 516 2402 uc
543 2363 688 2415 pudor]
719 2364 790 2404 Ira
823 2367 934 2417 quod
958 2367 1204 2409 vinceretur

315 2422 370 2464 ab
408 2436 507 2464 uno.
565 2426 731 2476 Pudor,
771 2428 883 2480 quod
921 2442 1028 2469 unus
1070 2435 1202 2471 tantae

317 2486 603 2527 multitudinis
617 2489 824 2541 impetum
839 2493 1088 2533 sustineret.
1114 2495 1201 2533 Oli-

317 2560 398 2588 ver.

373 2613 569 2664 Tragula]
603 2615 779 2666 Tragula
800 2616 917 2657 dicta
936 2618 1048 2670 quod
1078 2624 1202 2658 scuto

315 2675 450 2715 infixa
470 2677 680 2718 trahatur.
737 2679 922 2731 Hispani
942 2693 989 2720 ea
1008 2681 1071 2720 usi
1088 2682 1202 2733 apud

315 2738 483 2779 Livium
507 2752 517 2778 :
548 2741 623 2780 sed
645 2748 690 2781 et
712 2743 826 2782 Galli
841 2743 955 2794 apud
972 2744 1202 2786 caesarem.

320 2803 394 2843 Usi
410 2810 455 2843 et
478 2804 676 2844 Romani.
732 2807 930 2846 Validum
950 2807 1034 2847 fuit
1054 2809 1203 2859 telum,

314 2867 545 2917 hamanum,
580 2867 695 2908 forte
734 2870 789 2909 ob
828 2875 1001 2922 etymon
1038 2872 1142 2911 illud
1178 2885 1203 2911 a

316 2931 543 2970 trahendo.
604 2932 701 2971 Hoc
723 2933 810 2971 telo
831 2933 960 2973 Cotta
982 2940 1066 2972 tam
1100 2936 1200 2974 vali-

315 2992 413 3032 dam
431 2994 597 3044 plagam
617 2992 848 3045 inferebat,
885 3001 929 3034 ut
951 3007 1200 3047 percussum

316 3068 392 3107 per
426 3056 618 3106 loricam,
648 3067 726 3106 per
758 3057 894 3094 latera
915 3055 1202 3109 transfigeret,

314 3124 359 3157 et
377 3119 493 3157 velut
513 3119 634 3158 clavo
651 3123 778 3158 terrae
795 3117 1003 3168 affigeret.
1060 3121 1200 3172 Vege-

316 3182 400 3221 tius
428 3182 441 3204 ‘
458 3182 709 3232 tragularios
727 3181 738 3199 ²
766 3187 906 3233 vocat,
935 3183 1007 3235 qui
1042 3183 1094 3223 ad
1115 3196 1200 3224 ma-

315 3238 568 3285 nuballis'tas
603 3246 668 3285 vel
689 3243 987 3286 arcuballistas
1021 3247 1199 3298 sagittas

316 3308 580 3359 dirigebant.
608 3309 780 3360 Lipsius.

373 3371 517 3424 Galea]
549 3372 780 3412 Galearum
800 3371 937 3412 forma
954 3373 1075 3412 haec:
1112 3373 1201 3413 An-

319 3439 503 3474 trorsnm
525 3442 706 3486 apertae,
727 3442 771 3475 et
798 3434 902 3475 ferri
924 3437 1068 3489 aliqua
1096 3438 1199 3477 emi-

316 3498 478 3549 nentia,
523 3500 597 3539 sed
632 3500 831 3552 repandi,
869 3501 982 3541 unde
1021 3508 1064 3541 et
1099 3501 1198 3542 silae

924 276 1100 315 NOTAE
1143 276 1471 319 VARIORUM
1515 280 1580 320 IN

1274 395 1399 436 dictae
1421 398 1564 439 Festo.
1597 398 1665 439 Ad
1680 400 1789 441 latus
1809 405 1854 442 et
1871 402 2002 442 malas
2014 406 2152 442 utras·

1274 470 1356 510 que
1376 460 1599 511 Bucculae,
1622 462 1682 502 sic
1700 463 1846 514 dictae,
1862 464 1977 516 quod
1995 465 2152 504 buccas

1275 526 1439 573 tegant.
1494 524 1620 564 Unde
1658 526 1918 577 Buccularii,
1964 527 2036 579 qui
2077 526 2152 565 has

1273 590 1441 634 parant,
1452 586 1780 641 conficiuntque.
1806 590 2007 630 Sidonius
2028 588 2154 629 ‘flex-

1272 646 1349 685 iles
1390 647 1592 688 laminas’
1648 656 1786 702 vocat,
1822 653 1886 692 sio
1919 660 2062 704 aptas,
2104 657 2153 692 ut

1273 709 1512 761 penderent
1531 724 1555 751 a
1574 713 1757 764 casside,
1785 721 1828 755 et
1855 714 2151 756 flecterentur.

1272 771 1341 811 Ab
1363 773 1456 812 imis
1476 774 1668 815 bucculis
1688 777 1792 829 lora,
1805 779 1955 831 quibus
1969 778 2152 830 stringe-

1270 840 1418 874 rentur
1436 836 1489 874 ad
1509 843 1657 887 guttur
1674 844 1719 877 et
1738 839 2008 881 firmarentur
2026 854 2038 881 z
2060 842 2155 881 Sui-

1271 897 1347 936 das
1368 897 1476 948 ὀχεῖς
1496 906 1637 952 vocat,
1665 901 1678 923 ‘
1699 902 1904 942 Vincula’
1937 903 2153 946 Sidonius.

1269 962 1452 1001 Veteres
1470 964 1648 1015 clausas,
1681 970 1726 1004 et
1755 965 1893 1006 vultui
1924 977 2154 1017 appressas

1271 1025 1458 1077 undique
1468 1027 1629 1077 galeas,
1642 1040 1757 1068 more
1770 1034 2010 1068 nostrorum
2024 1027 2156 1080 Equi-

1271 1094 1377 1136 tum,
1416 1089 1486 1127 vix
1520 1090 1774 1131 habuerunt.
1833 1091 1945 1130 Hinc
1974 1090 2049 1130 illa
2069 1103 2152 1131 vox

1271 1150 1455 1190 Caesaris
1477 1152 1517 1190 in
1538 1153 1632 1192 acie
1665 1154 1943 1194 Pharsalica:
1973 1154 1987 1176 ‘
2003 1154 2148 1204 Miles,

1270 1212 1427 1253 faciem
1446 1213 1560 1264 feri,'
1582 1229 1676 1268 quae
1697 1217 1881 1266 scilicet,
1899 1216 1977 1256 nisi
1996 1228 2021 1256 a
2040 1217 2152 1256 scuti

1271 1276 1464 1328 objectu,
1504 1278 1633 1318 nuda.
1688 1280 1741 1319 In
1772 1280 1904 1331 galeis
1934 1278 2152 1320 habebant

1271 1340 1451 1392 Cristas,
1482 1341 1524 1379 in
1562 1343 1713 1393 quibus
1751 1343 1857 1382 mira
1894 1348 1941 1382 et
1976 1343 2151 1394 propria

1270 1402 1465 1455 quaedam
1497 1404 1714 1455 superbia,
1729 1417 1783 1444 an
1805 1405 1977 1445 lascivia
1996 1406 2150 1446 Roma-

1270 1476 1437 1516 norum,
1456 1471 1501 1505 et
1522 1467 1645 1507 valde
1664 1468 1744 1508 sibi
1759 1468 1801 1507 in
1831 1468 1882 1507 iis
1909 1468 2152 1520 placebant.

1268 1527 1439 1579 Lipsius.

1322 1593 1499 1644 Loricis]
1531 1593 1580 1633 Id
1601 1600 1683 1644 est,
1706 1594 2029 1647 integumentis,
2055 1607 2149 1648 quae

1268 1667 1322 1695 ex
1344 1656 1442 1695 loris
1461 1657 1560 1696 olim
1579 1657 1674 1696 fieri
1693 1658 1904 1699 solebant.
1945 1659 2149 1712 Plerique

1268 1721 1449 1760 militum
1471 1734 1552 1760 non
1574 1721 1791 1762 habebant
1821 1723 1973 1763 loricas
2007 1723 2150 1763 hama·

1269 1788 1350 1833 tas,
1376 1783 1449 1822 sed
1482 1791 1645 1835 partem
1668 1786 1763 1825 aeris
1784 1792 1856 1826 aut
1873 1785 2150 1838 ferri-procu-

1266 1858 1372 1897 sam,
1401 1859 1496 1899 quae
1532 1860 1738 1889 summum
1769 1855 1924 1901 pectus
1954 1854 2150 1901 tegeret:

1268 1921 1364 1948 nam
1383 1909 1469 1949 ima
1496 1911 1658 1950 ventris
1678 1912 1783 1951 satis
1804 1918 1970 1952 scutum
1991 1912 2153 1952 munie-

1271 1971 1357 2012 bat.
1399 1973 1499 2013 Fuit
1515 1974 1708 2014 adsimile
1721 1974 1924 2026 quiddam
1945 1975 2149 2021 hodierno

1269 2036 1493 2087 pectorali,
1520 2037 1594 2076 sed
1630 2038 1766 2078 minus
1793 2039 1980 2091 longum,
2011 2045 2057 2079 et
2092 2052 2148 2079 ae·

1269 2098 1499 2150 quabiliter
1542 2100 1764 2152 quadrum.
1832 2102 1891 2142 Et
1937 2103 2148 2143 vocabant

1268 2162 1516 2213 Pectorale,
1533 2175 1558 2202 a
1578 2175 1624 2203 re
1643 2169 1690 2204 et
1719 2176 1811 2211 usu,
1844 2165 1957 2218 quod
1982 2167 2148 2217 pectori

1241 2242 1243 2244 ·
1268 2226 1467 2276 tegendo.
1506 2226 1572 2266 De
1593 2227 1712 2267 corio
1732 2228 1864 2268 etiam
1883 2229 2017 2269 crudo
2038 2230 2147 2271 Pec-

1267 2289 1422 2329 toralia
1452 2288 1690 2342 faciebant,
1719 2298 1765 2333 et
1795 2305 1820 2333 e
1854 2292 1984 2334 ferro.
2051 2294 2149 2334 Hoc

1267 2363 1400 2403 genus
1432 2354 1626 2404 appellat
1655 2355 1887 2408 Polyaenus
1905 2356 2150 2409 ἡμιθωράκια,

1267 2415 1530 2456 Semiloricus.
1552 2417 1787 2459 Pausanias
1799 2427 1991 2460 veterum
2003 2428 2050 2461 et
2063 2422 2154 2462 Ho-

1266 2480 1448 2519 mericas
1476 2481 1630 2520 loricas
1663 2481 1941 2522 describens:
1969 2486 1981 2505 ⁴
2007 2485 2149 2537 Duae‚’

1266 2542 1420 2594 inquit,
1449 2543 1462 2565 ‘
1483 2551 1607 2584 erant
1634 2556 1756 2585 aereae
1779 2553 1940 2597 partes,
1967 2547 2040 2587 illa
2059 2549 2149 2598 qui-

1267 2605 1363 2645 dem
1398 2608 1580 2657 pectori,
1609 2612 1653 2647 et
1687 2607 1738 2646 iis
1777 2621 1870 2660 quae
1900 2609 2017 2649 circa
2049 2622 2148 2650 ven-

1267 2674 1392 2719 trem,
1409 2676 1524 2721 apta,
1543 2672 1636 2710 haec
1656 2677 1704 2710 ut
1730 2671 1854 2712 dorso
1886 2679 2055 2725 tegmen
2081 2687 2146 2713 es·

1267 2732 1360 2773 set!
1415 2733 1640 2774 Vocabant
1660 2735 1812 2786 Gyala,
1833 2735 1923 2776 sive
1952 2738 2070 2777 Cava
2101 2744 2147 2776 et

1265 2795 1459 2847 incurva,
1491 2810 1516 2836 a
1543 2796 1693 2838 forma.
1762 2797 1884 2837 Illam
1915 2806 2150 2851 antron-sus,

1265 2861 1375 2900 hanc
1408 2866 1639 2900 retrorsum
1679 2860 1956 2914 inducebant,
1989 2863 2146 2904 deinde

1263 2923 1392 2964 fibula
1442 2931 1665 2977 utramque
1704 2925 1966 2977 jungebant.
2031 2929 2145 2969 Ecce

1263 2991 1494 3041 adsimiles,
1530 2998 1605 3031 aut
1641 2991 1755 3043 ipsas
1793 2996 1958 3032 nostras
1992 2994 2146 3034 loricas

1261 3055 1502 3096 hodiernas.
1577 3055 1737 3095 Fibulae
1781 3055 1883 3095 item
1925 3057 1968 3095 in
2011 3058 2145 3098 lutere

1265 3126 1447 3172 utroque
1468 3120 1622 3159 loricas
1645 3120 1746 3159 istas
1757 3119 2012 3171 jungebant.
2049 3122 2144 3174 Lip-

1260 3187 1356 3226 sius.

1317 3250 1339 3300 §
1373 3251 1425 3287 24
1482 3246 1575 3297 Sed,
1624 3246 1711 3298 qma]
1769 3246 1935 3298 Contig.
1994 3246 2049 3287 A.
2089 3249 2141 3288 U.

1263 3321 1474 3350 cccxcrx.

1319 3373 1430 3412 Certi
1462 3371 1632 3422 autores]
1661 3371 1870 3410 Scribitur
1906 3371 1984 3411 hoc
2017 3384 2041 3411 a
2079 3373 2142 3413 M.

1260 3437 1455 3475 Varrone
1478 3435 1652 3485 Linguae
1669 3434 1831 3474 Latin-«e
1854 3440 1965 3474 teste
1994 3437 2143 3475 certis·-

1261 3499 1395 3539 simo:
1433 3498 1626 3538 similiter
1658 3497 1710 3538 ab
1745 3497 1855 3538 Aulo
1887 3498 2029 3539 Gellio
2050 3500 2140 3540 viro
