2320 4004
549 287 810 328 vAnnRu
854 283 1091 334 ΜΑΧιΜι
1138 285 1258 323 ms.
1304 286 1355 324 v.
1394 285 1528 324 cAP.
1559 269 1606 322 l.

169 412 267 461 mis,
307 422 384 462 spe
415 407 600 448 maxima
633 405 788 457 fretus,
819 403 887 444 ‚ad
924 402 1052 442 Pom·

172 475 331 526 potitum,
360 478 408 513 ut
438 483 531 512 sese
562 469 697 510 dedat
722 469 815 521 ipse
837 467 1052 519 pervenit.

171 537 422 589 PompeiuS‚
442 534 515 574 ubi
530 533 684 574 castris
703 532 798 584 jam
817 530 968 571 adesse
987 542 1054 570 re·

173 612 269 652 gem
315 597 496 648 audivit,
531 595 639 635 duos
676 595 851 635 lictores
885 593 1055 634 obviam

172 662 304 712 misit,
331 660 411 713 qui
444 659 537 712 regi
572 660 835 710 nuntiarent,
864 664 913 698 ut
944 669 1056 710 equo

171 724 473 775 descenderet,
516 723 783 776 pedibusque
819 724 1056 763 Romanum

170 788 474 839 imperatorem
505 786 661 833 adiret,
692 785 807 839 quod
840 797 964 825 nemo
983 797 1058 824 un-

173 863 301 903 quam
321 850 376 891 ad
397 862 490 890 eam
517 849 633 890 diem
662 849 916 902 peregrinus
948 859 1058 900 equo

173 915 364 954 insidens
402 915 598 954 Romana
633 918 776 954 castra
809 912 1059 953 introiisset.

174 977 340 1019 Quibus
360 989 443 1018 non
471 978 607 1019 solum
637 976 764 1017 facile
795 977 953 1029 paruit,
982 975 1059 1016 sed

175 1052 320 1080 ensem
341 1052 510 1093 quoque
531 1039 737 1080 nudatum
758 1040 840 1080 illis
861 1039 1059 1091 tradidit,

176 1113 222 1145 et
242 1105 497 1156 Pompeium
526 1104 700 1143 inermis
735 1103 905 1153 adivit;
935 1104 1061 1156 cujus

176 1181 275 1209 cum
312 1174 413 1209 ante
451 1180 529 1208 ora
556 1168 765 1220 stetisset,
804 1179 1003 1208 coronam
1035 1180 1060 1207 e

176 1233 324 1285 capite
363 1232 581 1283 demptam
629 1237 730 1271 ante
781 1231 894 1272 illius
927 1230 1062 1283 pedes

177 1297 380 1350 projecit,
417 1296 592 1347 deinde,
630 1297 747 1350 quod
770 1297 1064 1349 turpissimum

177 1360 278 1413 fuit,
290 1373 334 1401 se
349 1361 403 1402 ad
419 1360 616 1412 Pompeii
632 1373 771 1412 genua
787 1366 1064 1412 prosternere

177 1425 332 1476 voluit,
358 1430 408 1465 ut
441 1424 496 1464 ab
523 1435 576 1464 eo
603 1425 788 1476 supplex
816 1424 974 1465 erroris
994 1437 1065 1464 ve·

178 1488 292 1528 niam
323 1493 510 1541 peteret,
543 1487 588 1527 ni
622 1488 904 1540 praevenisset
938 1488 1066 1528 Pom-

181 1552 400 1605 peius,qui
414 1564 510 1592 eum
522 1551 681 1591 dextra
700 1557 900 1603 porrecta
912 1551 1067 1603 erexit,

171 1615 389 1667 jussitque
408 1614 524 1666 apud
544 1626 639 1653 sese
661 1614 815 1667 aequali
834 1626 933 1654 eum
962 1616 1069 1654 sella

179 1677 384 1729 insidere,
413 1683 475 1729 et,
491 1683 539 1718 ut
564 1678 770 1729 singulari
802 1678 1068 1719 humanitate

180 1740 387 1792 praeditus
406 1744 518 1790 erat,
544 1752 628 1780 non
647 1740 766 1780 illum
794 1741 876 1782 sibi
907 1743 1069 1794 suppli-

181 1817 276 1845 cem
304 1816 398 1844 esse
417 1804 640 1857 sustinuit,
661 1805 737 1844 sed
759 1806 847 1845 suis
869 1811 1070 1846 ornatum

181 1869 416 1922 insignibus
438 1870 481 1909 in
502 1880 696 1921 regnum,
721 1869 776 1909 de
797 1881 880 1922 quo
900 1870 1069 1922 ejectus

181 1933 343 1986 fuerat,
359 1934 571 1974 restituit.
627 1934 770 1985 Hujus
802 1940 944 1973 autem
965 1933 1067 1974 belli

181 2011 327 2051 causa,
352 2003 466 2039 teste
491 1998 702 2038 Cicerone
722 1996 766 2036 in
786 1996 1070 2050 Pompeiana,

182 2060 283 2114 fuit,
300 2062 412 2116 quod
432 2061 734 2103 Mithridatem
761 2073 908 2112 regem
939 2061 1072 2102 Ponti

184 2138 211 2167 a
229 2127 279 2167 L.
293 2126 625 2178 Lucullo'regno
646 2126 815 2178 pulsum
834 2137 918 2165 non
934 2127 1071 2166 solum

186 2191 243 2232 ad
275 2202 322 2232 se
352 2189 592 2243 fugientem
627 2190 815 2242 benigne
859 2190 1071 2241 suscepit,

188 2253 266 2294 sed
282 2254 369 2294 suis
383 2254 516 2294 etiam
530 2252 685 2305 opibus
702 2253 743 2292 in
760 2265 936 2304 reguum
953 2253 1074 2292 resti-

188 2323 312 2368 tuere
349 2316 510 2357 voluit:
553 2328 653 2355 nam
683 2315 848 2367 ingenti
878 2316 1074 2356 exercitu

188 2386 438 2435 comparato
453 2385 550 2433 post
569 2380 734 2432 aliquot
753 2379 902 2418 clades
920 2391 1075 2431 accep·

191 2450 273 2494 tas,
290 2444 466 2485 tandem
486 2442 633 2495 copias
649 2443 860 2482 Romanas
874 2442 1075 2482 victrices

190 2508 440 2560 trucidavit,
470 2512 518 2548 et
547 2505 841 2558 gravissimam
875 2505 1077 2546 Romanis

189 2571 356 2613 cladem
376 2571 536 2612 intulit.
565 2571 674 2611 Oliv.

242 2635 462 2687 Armenias]
504 2635 640 2686 Regio
673 2635 768 2674 haec
801 2632 919 2675 Asiae
966 2635 1080 2674 inter

190 2700 379 2741 Taurum
398 2705 443 2740 et
474 2699 712 2739 Caucasum
751 2704 943 2738 montem
981 2698 1079 2748 sita,

191 2767 239 2803 et
266 2775 293 2804 a
323 2761 601 2815 Cappadocia
628 2773 762 2813 usque
790 2761 843 2802 ad
873 2761 1077 2814 Caspium

190 2838 309 2867 mare
328 2832 544 2879 protensa.
600 2825 739 2877 Regio
771 2826 930 2872 Minui,
961 2826 1078 2866 unde

193 2895 240 2930 et
253 2889 499 2942 Minyarum
520 2900 691 2938 nomen,
717 2888 762 2928 in
794 2901 918 2929 sacra
930 2889 1078 2941 Scrip-

194 2957 293 2992 tura
310 2951 398 2991 dici
418 2951 603 2991 videtur.
661 2951 794 2994 Quasi
814 2951 932 2993 dicas
959 2964 1079 2992 mon-

194 3020 334 3055 tosam
353 3014 563 3067 Minyam.
598 3028 668 3064 πῃ
699 3015 795 3054 Har
818 3015 931 3055 enim
962 3026 1080 3056 mon-

197 3084 283 3118 tem
303 3077 506 3118 Hebraeis
528 3078 723 3120 denotat.

248 3143 394 3183 Jacere
436 3144 668 3196 supplicem]
718 3144 869 3184 Florus
905 3143 981 3184 lib.
1009 3155 1081 3185 ιιι.

197 3216 291 3257 cap.
311 3209 349 3246 5.
371 3205 494 3258 plura
511 3207 603 3258 ejus
633 3206 916 3248 humanitatis
939 3218 1084 3246 exem·

197 3267 270 3319 pla
281 3275 517 3309 enumerat.
533 3270 708 3322 Ignovit
724 3270 880 3311 Iberiae
896 3284 909 3311 :
930 3283 1086 3323 peper-

202 3331 266 3371 cit
281 3331 459 3373 Albanis
477 3347 488 3373 ε
519 3345 665 3386 regem
681 3333 954 3384 Colchorum,
972 3334 1085 3385 posi-

203 3393 261 3432 tis
278 3394 356 3435 sub
374 3396 467 3448 ipso
487 3397 681 3438 Caucaso
700 3399 868 3448 castris,
879 3397 1015 3448 jussit
1041 3398 1086 3437 in

204 3458 331 3561 {laga
347 3458 622 3503 descendere.
661 3463 776 3514 Lege
791 3462 1086 3503 Plutarchum.

232 3521 266 3558 ὀ
304 3532 339 3562 r.

1853 271 1996 323 1167

1170 403 1386 455 Diadema]
1416 403 1592 455 Insigne
1625 401 1737 454 regis
1770 400 1885 454 apud
1916 402 1999 443 Ar-

1115 467 1296 516 menios,
1334 467 1448 519 quod
1488 465 1681 516 fasciam,
1727 466 1797 505 cui
1844 477 2002 505 corona

1116 529 1435 580 imponebatur,
1479 530 1649 583 quidam
1696 539 1792 568 esse
1837 529 2002 569 volunt.

1118 593 1288 633 Badius.
1346 594 1564 645 Diadema]
1598 594 1834 633 Plutarcho
1853 599 1899 632 et
1918 593 2003 633 Zo-

1120 667 1234 696 narae
1268 655 1421 708 Κίδαρις
1449 663 1534 708 est,
1570 657 1787 698 Armeniae
1806 662 1852 697 et
1871 657 2006 697 Ponti

1121 732 1270 772 regum
1321 722 1540 773 proprium
1599 729 1837 775 gestamen.
1908 723 2008 764 Alio

1121 784 1292 824 nomine
1316 784 1449 824 Tiara
1479 791 1770 837 nuncupatur.
1827 787 2007 827 Suidas:

1122 846 1291 900 Κίδαρις,
1306 847 1329 887 ὃ
1347 848 1411 888 καὶ
1423 847 1536 901 τιάρα
1553 852 1711 891 νοεῖται.
1751 851 1927 894 (lolem-9.

1177 913 1271 963 §10
1319 912 1447 958 Quam
1477 914 1731 965 praeclarum]
1774 910 2008 967 Pompeius

1125 974 1298 1026 quidem
1341 975 1429 1014 hoe
1470 975 1745 1017 humanitatis
1789 978 2014 1029 specimen

1124 1037 1260 1089 dedit,
1273 1037 1349 1077 sed
1367 1038 1459 1090 ipse
1475 1045 1628 1091 postea
1646 1038 1729 1080 fuit
1748 1040 2010 1081 desideratae

1125 1104 1367 1156 exemplum
1411 1104 1703 1156 humanitatis,
1740 1118 1869 1158 quum
1907 1119 1934 1146 a
1962 1107 2012 1147 L.

1125 1168 1334 1220 Septimio
1354 1174 1400 1209 et
1420 1168 1591 1208 Achilla
1606 1170 1836 1209 Ptolemaei
1855 1170 2014 1210 satelli-

1128 1231 1242 1272 tibus
1263 1232 1429 1273 occisus
1450 1238 1535 1283 est,
1542 1233 1726 1284 jubente
1744 1246 1862 1285 rege.
1909 1234 2015 1274 His-

1130 1295 1243 1334 toria
1268 1302 1375 1336 nota
1409 1302 1478 1335 est
1509 1297 1552 1336 in
1588 1298 1902 1349 superioribus,
1935 1298 2014 1338 sed

1130 1359 1404 1411 quamobrem
1425 1360 1602 1401 inducat
1622 1362 1867 1414 exemplum
1888 1362 2019 1401 Pom-

1131 1423 1326 1476 peiihaec
1359 1431 1427 1466 est
1451 1426 1579 1477 ratio,
1609 1425 1711 1479 quia
1744 1425 2020 1480 subsequitur

1130 1487 1371 1528 humanitas
1410 1489 1516 1531 Julii
1554 1490 1754 1538 Caesaris,
1801 1489 1874 1542 qui
1921 1501 2018 1529 cum

1132 1550 1439 1592 Alexandriam
1472 1554 1680 1605 venisset,
1709 1559 1755 1593 et
1775 1554 1813 1593 ei
1831 1553 2023 1593 Theodo-

1133 1627 1204 1656 rus
1251 1616 1480 1657 Ptolemaei
1528 1622 1774 1669 praeceptor
1821 1617 2023 1668 Pompeii

1134 1684 1268 1731 caput
1282 1681 1395 1732 regis
1410 1681 1581 1720 nomine
1594 1680 1841 1729 obtulisset,
1854 1680 2023 1731 lachry-

1133 1755 1224 1782 mas
1244 1742 1468 1782 continere
1491 1755 1573 1782 non
1595 1743 1755 1795 potuit,
1773 1742 1862 1782 viso
1874 1743 2024 1795 generi

1134 1805 1199 1845 sui
1219 1805 1379 1857 capite.
1414 1807 1565 1846 Oliver.

1189 1869 1330 1910 Tribus
1360 1871 1534 1922 coronis]
1566 1870 1678 1912 Quia
1712 1870 1842 1911 toties
1875 1870 2025 1910 trium-

1135 1933 1296 1986 phavit.
1353 1934 1500 1974 Primo
1538 1935 1712 1987 quidem
1760 1935 1816 1974 de
1855 1933 2025 1986 Africa,

1138 2010 1263 2049 quam
1279 1999 1480 2051 auspiciis
1502 1999 1550 2038 L.
1572 1999 1702 2050 Syllae
1722 1998 1909 2050 subegit,
1928 2011 2025 2039 cum

1138 2066 1252 2102 esset
1264 2074 1470 2102 annorum
1485 2063 1634 2115 viginti
1649 2069 1851 2115 quatuor,
1867 2068 1915 2102 ut
1936 2064 2028 2116 qui-

1138 2123 1236 2164 dam
1276 2125 1468 2176 tradunt,
1506 2126 1658 2166 missus
1697 2132 1849 2166 contra
1884 2127 2032 2166 Domi·

1139 2188 1261 2230 tium.
1310 2190 1484 2230 Deinde
1506 2190 1789 2243 triumphavit
1808 2190 1862 2230 de
1883 2192 2029 2232 Serto-

1138 2252 1218 2303 rio,
1245 2254 1314 2293 vel
1345 2253 1400 2294 de
1435 2254 1615 2303 Piratis,
1647 2256 1719 2306 qui
1751 2267 1868 2294 mare
1891 2261 2029 2295 totum

1139 2314 1420 2367 infestabant,
1439 2318 1552 2369 quod
1568 2317 1726 2357 bellum
1746 2317 2032 2369 quadraginta

1140 2385 1240 2419 octo
1277 2378 1429 2419 diebus
1473 2379 1685 2430 confecit5
1722 2386 1938 2432 postremo
1978 2382 2032 2421 de

1139 2442 1412 2484 Mithridate.
1444 2444 1551 2484 Oliv.

1196 2506 1248 2546 In
1264 2519 1331 2547 suo
1349 2509 1460 2547 modo
1478 2512 1676 2549 terrarum
1707 2508 1818 2560 orbe]
1846 2508 1915 2549 Ita
1935 2509 2032 2561 lege

1144 2582 1197 2610 ex
1226 2571 1517 2623 Manuscript.
1564 2572 1767 2612 librorum
1807 2584 2033 2614 consensu.

1142 2634 1310 2685 Vulgo;
1335 2634 1380 2674 in
1392 2647 1542 2675 summo
1560 2639 1755 2676 terrarum
1771 2635 1874 2676 orbe.
1903 2636 2033 2676 Prius

1144 2697 1366 2748 approbo;
1409 2710 1495 2739 non
1535 2699 1649 2738 enim
1688 2699 1780 2739 sine
1826 2699 1914 2739 sale
1952 2698 2035 2739 hoc

1143 2760 1307 2801 dictum
1337 2761 1562 2802 existimo:
1595 2762 1725 2814 paulo
1744 2767 1847 2802 ante
1865 2762 2037 2814 imperii

1143 2824 1324 2865 Romani
1344 2837 1551 2865 summam
1566 2825 1803 2877 Pompeius
1823 2837 2036 2865 consensu

1145 2888 1328 2928 Senatus
1354 2894 1548 2948 rexerat,
1568 2893 1699 2942 atque
1732 2889 1865 2928 etiam
1898 2888 2036 2929 tribus

1144 2953 1231 2992 suis
1251 2952 1475 3004 triumphis
1493 2952 1549 2992 de
1567 2958 1660 2992 toto
1692 2957 1907 2992 terrarum
1932 2951 2037 2992 orbe

1147 3016 1430 3068 triumphasse
1452 3017 1579 3068 vulgo
1593 3015 1833 3057 ferebatur.
1867 3017 1933 3056 De
1952 3027 2037 3068 quo

1146 3079 1246 3120 vide
1261 3086 1433 3121 nostros
1449 3079 1640 3121 Annales
1654 3080 1696 3120 in
1713 3080 1803 3132 ejus
1823 3079 2037 3131 triumpho

1148 3143 1357 3184 Asiatico.
1386 3143 1573 3193 Pighius.

1203 3205 1343 3258 Ficioe]
1370 3207 1515 3258 Juliae,
1542 3219 1638 3259 quae
1671 3206 1733 3246 illi
1751 3209 1973 3257 nupserat,
1992 3208 2039 3243 et

1149 3269 1267 3310 illum
1287 3275 1456 3311 tantum
1477 3270 1706 3319 dilexerat,
1738 3273 1787 3308 ut
1820 3266 1908 3305 visa
1940 3265 2035 3316 ejus

1150 3334 1296 3374 tunica
1355 3334 1702 3385 sanguinolenta,
1759 3327 2038 3369 interfectum

1152 3398 1309 3447 verita,
1337 3397 1534 3437 abortum
1552 3395 1727 3442 fecerit,
1744 3392 1911 3444 sibique
1926 3402 2038 3431 mor-

1153 3461 1210 3501 tis
1225 3473 1355 3501 causa
1374 3459 1518 3500 fuerit.
1547 3459 1718 3498 Badius.
1996 3489 2001 3493 .

1207 3524 1468 3577 Laehrymoe]
1484 3523 1600 3564 Quas
1620 3527 1766 3561 tamen
1785 3525 1860 3560 aut
1878 3518 2039 3572 gaudii,
