2346 3996
574 316 826 354 vAaEnu
870 315 1110 353 ΜΑΧιΜι
1153 315 1270 354 [ΑΒ.
1299 312 1388 353 rx.
1428 314 1562 354 cAP.
1591 303 1678 354 15.

224 435 535 484 diximus,cum
565 445 590 473 a
615 433 758 473 Mario
777 433 970 486 quintum
998 445 1100 472 con-

222 498 407 537 sulatum
426 501 604 548 gerente
623 495 666 534 in
686 507 904 535 carcerem
930 495 1099 546 conjec-

224 565 294 599 tus
313 564 441 611 esset,
460 570 512 599 eo
530 559 644 612 quod
660 565 810 599 contra
829 559 947 611 leges
968 557 1100 598 tribu·

223 628 367 663 natum
387 628 575 675 peteret,
595 627 759 662 tantam
779 622 1031 662 seditionem
1057 622 1100 660 in

223 684 326 725 urbe
346 684 594 734 concitavit,
613 690 662 724 ut
682 685 864 737 populus
884 695 1100 725 carcerem

222 746 502 799 confregerit,
546 747 665 786 illum
712 747 925 794 eduxerit,
971 753 1101 800 atque

223 811 353 851 etiam
371 810 558 851 humeris
577 815 822 862 susceptum
844 823 922 863 per
938 811 1102 863 urbem,

223 877 427 925 tanquam
446 872 501 911 de
518 872 682 913 Senatu
710 873 988 926 triumphans,
1006 886 1101 914 cum

222 947 387 975 summa
405 935 630 976 alacritate
650 937 905 987 portaverit.
939 937 1047 977 Oliv.

280 1000 347 1050 §2
378 999 549 1039 Colonioe
583 998 867 1049 veteranorum]
910 999 1101 1039 Coloniae

224 1062 494 1113 dicebantur,
511 1061 565 1101 ad
588 1074 692 1114 quas
712 1073 737 1101 e
754 1061 907 1113 maj0ri
926 1062 1103 1102 civitate

224 1125 366 1166 coloni
383 1125 680 1165 mittebantur.
731 1124 940 1165 Solebant
957 1131 1103 1165 autem

223 1188 477 1242 frequenter
490 1188 674 1230 Romani
692 1195 919 1230 veteranos
935 1196 980 1230 et
994 1202 1105 1230 eme-

222 1251 329 1293 ritos
345 1251 504 1292 milites
521 1252 575 1292 ad
595 1253 799 1305 ejiismodi
824 1253 983 1305 oppida
1007 1254 1104 1293 mit-

225 1321 334 1366 tere,
348 1327 576 1369 eorumque
606 1317 732 1365 bona,
761 1317 834 1369 qui
851 1316 931 1357 sibi
966 1317 1104 1357 rebel-

223 1380 304 1430 les,
331 1384 691 1433 contumacesque
717 1379 917 1431 fuissent,
947 1380 1104 1420 condo-

226 1453 344 1482 nare.
375 1442 524 1483 Olieer.

279 1506 523 1558 Municipia]
553 1506 780 1562 Civitates,
800 1519 896 1560 quae
925 1513 1107 1560 propter

226 1568 436 1610 beneficia
477 1570 660 1611 fuissent
696 1571 888 1611 Romana
929 1572 1107 1612 civitate

225 1632 412 1673 donatae.
447 1633 571 1674 Idem.

281 1699 350 1749 §3
380 1698 466 1738 Nec
494 1697 578 1738 divi
609 1698 763 1750 quidem
794 1698 991 1750 Augusti]
1032 1699 1104 1738 In-

226 1766 383 1802 ventus
419 1768 502 1813 est,
531 1762 682 1814 inquit,
714 1761 1106 1814 impudentissimus

226 1826 366 1874 bomo,
392 1825 467 1878 qui
491 1837 535 1871 se
553 1825 769 1876 Octaviae,
784 1823 972 1877 Augusti
991 1837 1106 1864 soro-

227 1887 302 1938 ris,
321 1893 366 1928 et
393 1888 532 1929 Marci
560 1887 741 1930 Antonii
771 1887 906 1929 filium
933 1888 1108 1929 mentiri

229 1961 354 1990 ausus
381 1949 527 1992 fuerit.
574 1951 700 1991 Idem.

285 2013 526 2055 clarissim
539 2009 586 2055 a'c
605 2015 876 2067 sanctissimae]
906 2015 1003 2055 Hoc
1022 2026 1107 2055 non

226 2089 528 2131 usquequaque
543 2080 872 2120 assentatorium
884 2092 929 2119 es
937 2085 967 2119 t.
994 2079 1108 2120 Nam

230 2145 415 2191 constat,
434 2145 548 2181 teste
574 2141 810 2182 Plutarcho
839 2142 883 2181 iu
901 2142 992 2182 vita
1023 2141 1109 2181 An-

230 2203 356 2254 tonii,
374 2203 482 2243 hanc
499 2202 630 2244 fuisse
648 2217 814 2256 magnae
843 2205 1014 2245 virtutis
1035 2203 1112 2245 foe·

229 2267 406 2314 minam,
421 2279 515 2322 quae
534 2268 689 2308 mirum
706 2268 750 2307 in
769 2267 940 2308 modurn
960 2268 1110 2320 dilige-

231 2335 355 2371 retur
371 2343 398 2371 a
415 2329 567 2382 fratre,
593 2330 681 2380 cui,
704 2343 801 2372 cum
833 2331 1032 2383 neglecta
1057 2330 1112 2372 ab

231 2393 424 2434 AntonIo
442 2395 584 2446 palam
602 2399 731 2446 esset,
749 2394 1002 2447 persuaderi
1027 2406 1113 2434 non

233 2457 388 2509 potuit,
403 2462 455 2498 ut
472 2457 627 2499 relicta
644 2457 824 2499 Antonii
850 2457 977 2498 domo
996 2469 1112 2498 seor-

232 2532 325 2562 sum
344 2521 572 2570 babitaret,
592 2525 719 2572 turpe
736 2520 988 2561 existimans
1004 2532 1112 2567 esse,

234 2589 285 2624 ut
313 2583 399 2624 duo
427 2583 716 2624 Romanorum
748 2585 1028 2636 imperatores
1057 2583 1112 2623 ad

233 2659 354 2688 arma
367 2647 511 2688 civilia
523 2648 859 2694 concitarentur,
874 2648 986 2688 alter
1000 2659 1114 2688 amo·

235 2710 294 2750 ris
323 2710 476 2762 gratia,
510 2711 622 2752 alter
649 2711 765 2764 quod
796 2712 940 2763 pellex
976 2712 1112 2751 sorori

233 2778 598 2826 anteponeretur3
626 2778 758 2826 atque
783 2774 878 2815 baec
907 2785 993 2814 non
1022 2786 1113 2814 ver·

234 2836 316 2888 bis,
347 2836 423 2877 sed
453 2849 500 2876 re
534 2838 631 2889 ipsa
665 2836 985 2889 comprobavit:
1015 2849 1114 2878 nam

235 2909 376 2951 neque
404 2897 581 2940 Antonii
613 2899 784 2940 domum
816 2899 1021 2951 deseruit,
1041 2911 1113 2940 ne-

237 2972 320 3013 que
334 2959 518 3002 filiorum
537 2962 632 3013 ejus
656 2974 804 3003 curam
833 2963 1016 3012 remisit,
1036 2963 1114 3002 sed

237 3023 472 3077 diligenter
500 3025 705 3077 excoluit,
736 3037 821 3065 non
842 3026 977 3065 solum
1004 3038 1116 3066 com-

236 3098 402 3140 munes,
420 3087 497 3127 sed
515 3087 647 3128 etiam
661 3099 715 3128 ex
736 3088 890 3128 Fulvia
907 3094 1007 3128 ante
1025 3101 1115 3129 sus-

237 3157 414 3202 ceptos;
454 3151 613 3192 amicos
648 3151 780 3191 etiam
820 3150 1011 3198 Antonii,
1043 3152 1116 3204 qui

236 3214 310 3254 vel
325 3214 505 3267 petendi
533 3214 826 3267 magistratus,
855 3215 924 3254 vel
941 3220 1117 3255 caetera-

238 3289 332 3318 rum
350 3289 493 3318 rerum
514 3278 652 3331 gratia
678 3279 857 3318 Romam
883 3278 1118 3329 venissent,

244 3339 521 3392 suscipiebat,
539 3339 730 3393 fovebat,
756 3346 802 3381 et
832 3341 869 3381 si
888 3340 990 3394 quid
1010 3352 1116 3393 opus

241 3408 352 3454 erat,
371 3404 558 3455 pro'illis
585 3416 611 3444 a
640 3405 811 3445 Caesare
841 3404 1115 3457 impetrabat.

243 3465 488 3507 Quinetiam
507 3465 670 3518 ferunt,
697 3480 792 3508 cum
822 3467 1034 3508 Antonius
1053 3467 1116 3506 di·

245 3529 373 3571 vortii
398 3528 584 3571 libellum
614 3531 811 3585 misisset,
837 3536 965 3583 atque
986 3530 1116 3572 etiam

1897 302 2038 356 1375

1163 434 1235 485 qui
1294 434 1521 474 Octaviam
1575 433 1701 473 domo
1757 433 2042 484 expellerent,

1162 506 1378 546 egressam
1406 497 1522 535 illam
1555 507 1653 535 cum
1681 494 1874 534 omnibus
1906 494 2041 534 Anto-

1163 558 1224 596 nii
1249 557 1364 607 fiHis,
1397 564 1559 610 praeter
1586 558 1791 610 majorem
1818 563 1935 608 natu,
1968 558 2041 609 qui

1165 626 1255 660 tum
1289 627 1384 660 erat
1414 634 1512 661 cum
1546 629 1687 674 patre,
1721 621 1957 672 plorantem
1996 628 2042 660 et

1164 683 1311 735 inique
1331 682 1558 734 ferentem,
1578 682 1690 736 quod
1711 688 1755 723 et
1774 684 1865 735 ipsa
1885 694 1969 722 una
1988 695 2041 722 ex

1164 750 1304 789 causis
1350 750 1578 791 discordiae
1625 750 1761 791 civilis
1805 755 2043 802 putaretur.

1166 814 1291 854 Idem.

1220 876 1362 928 Remo]
1388 877 1514 916 Unde
1531 878 1689 917 veteris
1705 883 1772 917 est
1785 877 1932 926 moris,
1950 890 2044 929 per-

1164 940 1347 980 niciosos
1363 947 1405 980 et
1421 940 1614 991 perditos
1630 940 1683 980 ad
1698 940 1921 991 remigium
1933 940 2048 981 dam-

1165 1015 1285 1043 nare.
1316 1004 1424 1044 Bad.

1222 1069 1287 1119 §4
1319 1067 1370 1113 Q.
1400 1067 1590 1118 Sertorii]
1619 1067 1703 1109 Qui
1739 1067 1900 1107 Nursia
1925 1067 2047 1108 Sabi-

1166 1142 1315 1171 norum
1348 1130 1454 1171 urbe
1492 1130 1712 1183 oriundus,
1746 1142 1831 1170 non
1866 1129 2047 1170 obscuro

1169 1205 1327 1245 genere
1364 1199 1508 1246 natus,
1541 1198 1687 1234 orator
1724 1194 1857 1245 prius,
1889 1192 2048 1232 deinde

1167 1257 1430 1297 clarissimus
1449 1256 1684 1309 imperator
1701 1262 1894 1309 tempore
1915 1256 2049 1296 bello-

1168 1332 1260 1360 rum
1288 1320 1474 1360 civilium
1499 1319 1597 1372 fnit,
1626 1326 1818 1373 utsupra
1837 1320 1940 1360 satis
1962 1319 2051 1360 dic-

1169 1389 1260 1424 tum
1280 1388 1359 1424 est.
1388 1385 1511 1425 Idem.

1223 1447 1290 1498 §5
1322 1446 1611 1487 centumvirale
1624 1447 1837 1500 judicium]
1867 1447 1935 1486 De
1965 1460 2048 1499 quo

1170 1521 1300 1561 supra
1323 1509 1483 1550 dietum
1514 1518 1580 1550 est
1598 1510 1639 1549 in
1659 1523 1756 1562 cap.
1777 1509 1832 1550 de
1851 1510 1879 1552 J
1886 1510 2052 1561 udiciis,

1171 1571 1244 1612 ubi
1263 1572 1316 1612 de
1334 1573 1457 1612 hasta
1475 1573 1787 1614 centumvirali.

1222 1635 1354 1676 Justis
1381 1640 1421 1676 et
1447 1636 1584 1687 oequis]
1613 1636 1677 1676 Ut
1706 1635 1775 1674 vix
1809 1635 2052 1686 permiserit

1172 1703 1322 1738 contra
1349 1710 1460 1745 eum,
1487 1705 1535 1738 ut
1547 1699 1712 1751 justum
1740 1703 1853 1750 erat,
1881 1703 2053 1739 senten·

1174 1760 1277 1801 tiam
1296 1759 1415 1801 ferri.
1445 1762 1551 1801 Bad.

1228 1823 1523 1874 consternatio]
1542 1823 1788 1863 Concitatio
1803 1822 1966 1875 populi,
1980 1823 2052 1874 qui

1173 1885 1309 1925 veluti
1342 1891 1487 1925 mente
1519 1897 1670 1926 carens
1695 1887 1738 1925 in
1755 1885 1958 1926 Trebellii
1987 1883 2052 1924 fa-

1175 1960 1318 1989 vorem
1375 1948 1614 1989 concitatus
1667 1960 1760 1989 esse
1811 1947 2050 1988 videbatur.

1177 2013 1284 2054 oliv.

1229 2078 1406 2130 Religio]
1447 2077 1575 2119 Justa
1612 2078 1851 2119 observatio
1875 2076 2054 2129 jurisju-

1175 2141 1299 2182 randi
1318 2154 1374 2182 cx
1394 2143 1616 2194 religione.
1644 2143 1750 2183 Bad.

1230 2206 1252 2257 §
1272 2208 1299 2244 6
1333 2204 1479 2245 Veram
1503 2210 1707 2257 postquam
1735 2218 1760 2244 a
1783 2203 1946 2256 Syllana
1972 2203 2053 2242 vio-

1174 2268 1296 2307 lentia
1316 2269 1544 2308 Gaesariana
1559 2269 1726 2320 <equitas
1742 2267 1900 2307 reduxit
1915 2266 2057 2316 guber-

1175 2332 1316 2370 nacula
1332 2331 1503 2370 Romani
1521 2331 1678 2382 imperii
1683 2331 1854 2379 justiore
1876 2329 2055 2381 principe

1176 2393 1371 2434 obtinente
1386 2393 1681 2446 rempublicam]
1713 2393 1783 2433 Ita
1797 2393 1940 2444 vulgo.
1969 2393 2054 2432 Ex-

1176 2461 1312 2497 trema
1338 2457 1486 2508 verba,
1517 2457 1808 2509 rempublicam,
1835 2457 1879 2496 in
1908 2461 2053 2496 vetus-

1176 2519 1232 2560 tis
1264 2520 1487 2561 codicibus
1529 2521 1716 2573 quinque
1759 2532 1845 2560 non
1888 2525 2052 2560 extant.

1176 2584 1235 2627 Et
1266 2584 1430 2635 abesse,
1455 2585 1574 2625 salva
1600 2586 1833 2635 sententia,
1861 2590 2054 2636 possunt,

1175 2647 1360 2699 legendo
1377 2648 1542 2700 relaxit,
1568 2659 1648 2700 pro
1670 2647 1847 2698 reduxit,
1866 2648 1948 2688 hoc
1965 2659 2054 2687 mo-

1177 2710 1258 2751 do:
1296 2711 1439 2751 Verum
1461 2715 1669 2763 postquam
1687 2724 1712 2750 a
1730 2709 1896 2750 Sullana
1912 2711 2054 2750 violen-

1177 2774 1236 2813 tia
1265 2774 1491 2815 Gaesariana
1517 2775 1682 2827 (equitas
1708 2775 1873 2826 reluxit,
1914 2774 2055 2825 guber-

1175 2837 1315 2877 nacula
1334 2838 1506 2878 Romani
1529 2837 1686 2890 imperii
1694 2837 1865 2886 justiore
1879 2838 2057 2889 principe

1176 2900 1384 2941 obtinente.
1423 2901 1532 2943 Quae
1549 2900 1686 2942 forma
1703 2900 1908 2953 loquendi
1929 2913 1954 2941 a
1970 2901 2056 2940 Va-

1175 2963 1282 3003 lerio
1299 2975 1384 3003 non
1402 2963 1543 3004 aliena
1560 2971 1641 3014 est,
1659 2971 1740 3004 nec
1758 2963 1866 3003 adeo
1886 2963 1939 3002 ab
1964 2963 2056 3014 ipsa

1176 3025 1393 3076 veritate;
1441 3031 1611 3067 constat
1642 3027 1756 3066 enim
1791 3031 1887 3077 post
1922 3026 2054 3065 Sullae

1177 3090 1509 3131 dominationem
1529 3103 1613 3131 non
1631 3090 1776 3130 statim
1795 3089 1962 3141 imperii
1981 3101 2055 3139 gu-

1176 3155 1411 3196 bernacula
1429 3155 1484 3195 ad
1503 3156 1716 3196 Caesarem
1737 3165 1829 3194 esse
1849 3154 2053 3193 revoluta.

1178 3218 1303 3268 Pigh.

1232 3281 1423 3334 Imperio]
1450 3280 1578 3323 Quod
1607 3277 1855 3319 Ariarathes
1883 3276 2052 3317 obtinu-

1176 3352 1287 3386 erat.

1232 3409 1300 3459 §2
1333 3406 1493 3457 Coegit]
1535 3405 1657 3446 Ordo
1690 3408 1780 3443 est:
1814 3402 1936 3442 Idem
1963 3401 2052 3442 Au-

1178 3476 1327 3522 gustus
1339 3469 1482 3521 coegit
1493 3467 1719 3508 barbarum
1733 3465 1960 3518 quendam,
1971 3468 2053 3505 διο.

1177 3533 1426 3585 impendere
1435 3531 1557 3583 justo
1574 3529 1799 3582 supplicio,
1813 3539 2053 3580 quanquam
