2320 4004
369 290 393 341 1
406 290 510 343 104

366 422 538 462 Praetor
547 419 770 473 judicium,
791 420 888 472 quia
914 425 1065 459 aestate
1085 419 1236 471 ageba-

925 303 1101 343 NOTAE
1143 301 1471 344 VARIORUM

1517 305 1578 345 [N

1301 427 1401 462 sunt
1444 420 1550 461 felix
1591 421 1864 475 faustumque
1923 422 2171 475 imperium3

368 489 454 532 tur,
478 483 568 522 sine
597 483 739 522 tunica
768 481 975 531 exercuit,
1004 483 1237 533 campestri
1291 484 1401 535 jussi
1413 483 1691 525 deindeinire
1705 485 2026 537 suffragium,ad
2042 497 2173 525 unum

366 546 444 586 sub
465 552 564 597 toga
582 546 762 596 cinctus,
781 546 824 584 in
843 543 1062 597 forumque
1082 548 1144 586 sic
1164 546 1239 586 de·

365 608 605 659 scendet-at,
615 609 770 659 jusque
802 606 989 658 dicebat,
1016 607 1142 659 idque
1173 619 1239 647 re-

366 671 554 722 petierat
581 681 635 708 ex
665 668 802 708 veteri
835 668 1157 718 consuetudine,
1174 681 1240 708 se-

365 732 547 772 cundum
594 743 718 783 quam
763 735 809 770 et
860 731 1032 771 Romuli
1087 738 1238 772 statuae

365 794 408 835 iu
437 793 664 844 Capitolio,
690 798 734 832 et
765 794 913 834 rostris
946 795 1116 835 Camilli
1148 794 1240 835 fue-

365 860 463 895 runt
491 860 647 907 togatae
669 857 760 895 sine
781 856 949 907 tunicis,
973 850 1125 909 quibus
1147 871 1240 898 ver-

363 917 428 956 bis
466 916 736 969 significabat
772 919 869 959 illos
910 920 1138 971 aliquando
1180 922 1248 961 sicv

363 979 406 1018 in
426 978 565 1020 forum
581 980 867 1022 descendisse.
925 983 1133 1022 Oliverius.

418 1042 541 1081 Nulla
556 1043 713 1082 indutus
732 1045 881 1093 tunica,
898 1046 962 1084 sed
980 1048 1241 1085 tantummodo

360 1105 578 1156 praetexta]
629 1105 695 1146 Ac
725 1107 760 1146 si
799 1108 964 1147 diceres
1001 1114 1119 1149 veste
1153 1110 1244 1149 sola

366 1181 493 1221 super
518 1170 704 1210 interula
738 1171 827 1210 sine
861 1172 1076 1223 dyploide.
1131 1174 1243 1212 Nam

364 1234 510 1273 tunica
541 1234 674 1274 vestis
709 1235 898 1284 interior,
934 1241 1033 1287 toga
1066 1248 1166 1276 vero
1198 1242 1246 1276 et

364 1302 578 1347 praetexta
597 1298 804 1338 exterior.
858 1299 980 1337 Idem.

419 1356 532 1398 CAP.
554 1370 637 1398 vn.
657 1360 679 1409 ς
701 1362 722 1397 1
752 1360 803 1398 P.
823 1364 864 1399 et
885 1360 961 1399 Cn.
981 1359 1246 1411 Scipionibus]

365 1421 475 1460 Post
511 1433 643 1460 caesos
684 1421 727 1459 in
766 1422 977 1474 Hispania
1018 1422 1244 1473 Scipiones

365 1481 524 1521 fratres
549 1494 643 1522 cum
675 1482 841 1522 duobus
869 1483 1144 1534 exercitibus,
1161 1495 1244 1523 non

365 1545 505 1585 Italiae
535 1546 625 1598 jam
669 1547 824 1598 major,
859 1559 982 1599 quam
1023 1547 1244 1598 Hispaniae

366 1620 470 1647 cura
493 1608 612 1648 Rom.
633 1614 750 1649 erat:
771 1609 1008 1648 exercitum
1023 1609 1184 1660 augeri,
1200 1614 1246 1648 et

366 1671 676 1723 Imperatorem
704 1674 819 1713 mitti
849 1673 1065 1724 placebat,
1082 1684 1163 1712 nec
1180 1678 1245 1713 ta-

366 1744 462 1772 men
477 1746 601 1785 quem
622 1735 861 1784 mitterent,
874 1735 977 1775 satis
993 1737 1215 1775 constabat
1233 1750 1242 1775 :

365 1796 440 1835 ubi
461 1796 544 1837 duo
560 1799 710 1836 summi
727 1799 1012 1849 Imperatores
1027 1799 1143 1838 intra
1157 1798 1247 1837 dies

366 1860 548 1911 triginta
567 1861 840 1911 cecidissent,
853 1861 1031 1913 quicum
1046 1861 1090 1900 in
1109 1862 1248 1901 locum

366 1922 547 1962 duorum
595 1924 862 1974 succederet,
909 1923 1249 1964 extraordinaria

367 1998 473 2027 cura
511 1987 785 2038 deligendum
822 2000 930 2028 esse.
1001 1988 1142 2030 Quum
1178 1989 1250 2028 alii

367 2049 496 2088 alium
523 2050 806 2099 nominarent,
826 2056 1086 2101 postremum
1106 2063 1158 2091 eo
1177 2051 1250 2090 de-

367 2123 539 2157 cursum
567 2117 648 2161 est,
667 2118 717 2151 ut
747 2114 926 2163 populus
955 2125 1034 2164 pro
1064 2113 1250 2153 Consule

366 2174 555 2214 creando
574 2178 617 2214 iu
640 2176 852 2226 Hispania
871 2177 1045 2216 comitia
1060 2177 1252 2228 liaberet,

363 2237 562 2289 diemque
575 2238 756 2278 comitiis
771 2238 1013 2278 edixerunt.
1043 2239 1251 2280 Consules

365 2299 504 2350 primo
522 2305 872 2351 expectaverant,
887 2307 935 2341 ut
962 2302 1032 2353 qui
1063 2314 1108 2341 se
1129 2307 1250 2342 tanto

364 2363 547 2413 imperio
598 2363 750 2414 dignos
793 2369 1037 2415 censerent,
1081 2364 1250 2403 nomina

365 2423 692 2475 profiterentur,
723 2437 818 2477 quae
851 2430 899 2464 ut
932 2425 1142 2464 destituta
1177 2438 1251 2465 ex-

366 2486 559 2538 pectatio
605 2491 686 2536 est,
736 2486 1053 2538 redintegratus
1112 2488 1250 2527 luctus

370 2552 564 2598 acceptae
585 2548 738 2598 cladis,
757 2549 1097 2601 desideriumque
1117 2550 1250 2601 impe-

366 2614 560 2649 ratorum
596 2611 859 2651 amissorum.
915 2613 1078 2651 Moesta
1104 2611 1251 2664 itaque

368 2670 521 2711 civitas
540 2683 676 2723 prope
703 2672 824 2724 inops
858 2673 1040 2723 consilii,
1060 2673 1249 2712 comitio-

367 2745 462 2774 rum
479 2734 547 2773 die
567 2739 708 2774 tamen
729 2735 772 2774 in
790 2747 988 2787 campum
1001 2736 1225 2776 descendit
1240 2742 1270 2787 ;v

370 2798 734 2848 circumspectant
767 2811 842 2838 ora
875 2799 1115 2851 principum
1149 2800 1252 2839 alio·

368 2869 463 2899 rum
510 2859 613 2898 alios
661 2860 934 2910 intuentium,
976 2859 1253 2913 fremuntque

369 2921 478 2961 adeo
528 2920 719 2972 perditas
765 2934 852 2973 res,
893 2923 1252 2975 desperatumque

369 2985 425 3024 de
458 2984 697 3035 Republica
733 2997 842 3035 esse,
862 2991 910 3024 ut
938 2997 1063 3025 nemo
1097 2987 1255 3027 audeat

367 3049 414 3089 iu
437 3047 648 3098 Hispania
677 3047 900 3098 imperium
920 3048 1135 3099 accipere,
1157 3061 1253 3089 cum

370 3112 516 3152 subito
535 3112 589 3151 P.
607 3112 830 3152 Cornelius
858 3112 1019 3163 Scipio,
1034 3111 1145 3152 filius
1166 3113 1254 3164 ejus

369 3175 597 3227 Scipionis,
615 3174 688 3226 qui
715 3174 758 3212 in
787 3174 997 3224 Hispania
1023 3175 1256 3226 ceciderat,

370 3242 554 3289 quatuor
575 3241 622 3277 et
640 3235 793 3287 viginti
811 3234 944 3275 ferme
964 3249 1094 3276 annos
1113 3242 1257 3287 natus,

369 3301 589 3354 professus
616 3304 684 3341 est
702 3312 749 3340 se
769 3306 935 3351 petere.
959 3299 1000 3339 in
1021 3301 1257 3352 superiore,

370 3367 485 3406 unde
522 3365 712 3416 conspici
743 3369 904 3415 posset,
923 3364 1017 3403 loco
1046 3364 1254 3415 constitit,

369 3429 416 3471 in
433 3440 559 3481 quem
593 3432 818 3480 postquam
838 3426 1023 3468 omnium
1055 3438 1128 3466 ora
1156 3437 1255 3465 con-

372 3500 498 3530 versa
521 3490 706 3531 clamore
739 3493 866 3541 atque
896 3488 1059 3540 favore,
1081 3488 1257 3529 ominati

1299 558 1446 595 omnes
1465 559 1547 587 non
1569 549 1771 588 centuriae
1796 547 1937 599 modo,
1952 548 2025 588 sed
2045 547 2175 587 etiam

1298 609 1505 659 homines,
1517 610 1570 651 P.
1582 611 1770 662 Scipioni
1784 611 2004 662 imperium
2016 611 2057 650 in
2071 610 2176 650 His-

1300 672 1427 722 pania
1448 672 1698 722 jusserunt:
1727 678 1772 713 et
1789 673 1856 713 hic
1875 673 1960 713 fuit
1977 673 2048 713 ille
2067 672 2175 713 fata-

1301 734 1352 772 lis
1387 733 1488 786 dux,
1523 734 1594 786 qui
1633 733 1889 775 Annibalem
1931 747 1986 776 ex
2029 734 2177 785 Italia,

1303 808 1428 848 quam
1448 796 1633 836 sedecim
1659 795 1796 836 ferme
1826 809 1956 837 annos
1974 797 2176 848 possede-

1302 864 1383 910 rat,
1400 859 1579 900 invitum
1598 859 1799 910 extraxit,
1815 866 1860 899 et
1878 859 2179 911 Carthaginem

1303 923 1462 973 populo
1507 922 1700 962 Romano
1746 921 2010 962 tributariam
2055 920 2177 962 fecit.

1306 984 1454 1024 Oliver.
1495 984 1689 1035 Contigit
1705 983 1761 1023 A.
1777 985 1832 1023 U.
1853 995 1980 1024 nxm.

1359 1049 1591 1099 Eademque,
1636 1048 1725 1098 ἔξω]
1782 1047 1978 1099 Contigit
2022 1045 2092 1088 A.
2121 1044 2178 1085 U.

1304 1120 1448 1151 nxmt.
1468 1115 1513 1151 et
1533 1122 1691 1151 nxuv,

1361 1172 1555 1224 Oppidum
1565 1171 1753 1223 Badiam]
1781 1170 2009 1211 Assidebat
2018 1182 2182 1223 oppug-

1305 1235 1522 1287 nabatque
1539 1235 1744 1286 oppidum
1758 1234 1800 1273 in
1814 1234 2024 1286 Hispania
2036 1233 2180 1284 situm,

1304 1298 1513 1337 moenibus
1557 1297 1935 1349 defensoribusque
1979 1295 2181 1347 validum,

1306 1365 1351 1400 et
1379 1361 1602 1410 munitum,
1624 1372 1669 1399 re
1697 1360 1825 1399 etiam
1853 1358 2015 1398 cibaria
2039 1358 2183 1410 copio-

1306 1434 1414 1472 sum,
1428 1423 1624 1475 nullaque
1638 1422 1730 1473 ejus
1745 1422 1937 1474 potiundi
1951 1433 2051 1473 spes
2065 1426 2184 1471 erat,

1307 1491 1353 1524 et
1373 1484 1555 1536 quodam
1573 1485 1642 1524 die
1666 1485 1755 1537 jus,
1773 1486 1816 1524 in
1843 1485 1992 1537 castris
2011 1484 2183 1534 sedens,

1306 1547 1508 1598 diceban
1538 1553 1666 1599 atque
1681 1561 1736 1588 ex
1748 1550 1903 1589 eoloco
1922 1547 1963 1587 id
1981 1547 2183 1599 oppidum
2228 1543 2234 1548 ”

1307 1611 1457 1660 procul
1477 1610 1677 1651 videbat:
1711 1616 1800 1651 tum
1821 1623 1845 1651 e
1864 1610 2082 1662 militibus,
2111 1605 2187 1662 qui

1306 1672 1458 1724 injure
1479 1673 1593 1725 apud
1607 1685 1703 1713 eum
1718 1673 1906 1724 stabant,
1923 1685 2032 1713 unus
2051 1673 2184 1712 inter-

1307 1735 1474 1785 rogavit
1506 1747 1562 1774 ex
1594 1747 1730 1786 more,
1747 1735 1791 1775 iu
1823 1747 1951 1787 quem
1983 1734 2097 1774 diem
2127 1733 2189 1773 lo·

1309 1809 1490 1849 cumque
1518 1797 1805 1838 vadimonium
1838 1798 2030 1849 permitti
2059 1797 2186 1849 jube-

1310 1864 1392 1909 ret,
1419 1865 1464 1898 et
1483 1859 1628 1910 Scipio
1647 1871 1817 1899 manum
1838 1858 1891 1898 ad
1914 1857 2048 1910 ipsam
2064 1859 2189 1912 oppi-

1311 1920 1369 1971 di,
1389 1922 1501 1973 quod
1533 1921 1825 1971 obsidebatur,
1843 1933 1985 1962 arcem
2014 1927 2189 1974 porten-

1311 1983 1436 2033 dens,
1467 1984 1696 2035 Pereudie,
1731 1984 1885 2036 inquit,
1913 1995 2007 2023 sese
2035 1984 2190 2024 sistant

1313 2058 1364 2086 eo
1382 2048 1425 2086 in
1444 2047 1569 2097 loco;
1602 2052 1731 2098 atque
1752 2048 1813 2086 ita
1831 2047 1901 2086 die
1924 2045 2083 2086 factum
2102 2046 2193 2096 illo,

1313 2109 1354 2148 in
1370 2122 1492 2161 quem
1508 2109 1654 2149 vadari
1662 2109 2078 2161 jusserat,oppidum
2089 2121 2189 2160 cap·

1314 2177 1405 2211 tum
1436 2178 1517 2212 est.
1572 2172 1624 2211 In
1657 2172 1821 2210 eodem.
1842 2183 2011 2224 quoque
2043 2171 2115 2211 die
2145 2171 2190 2211 in

1314 2246 1413 2274 arce
1452 2235 1543 2286 ejus
1574 2233 1736 2285 oppidi,
1764 2234 1876 2273 sieut
1915 2233 2191 2285 praedixerat,

1306 2296 1378 2346 jus
1395 2296 1520 2337 dixit.
1578 2296 1688 2336 Haec
1713 2294 1849 2335 Aulus
1868 2295 2050 2336 Gellius.
2105 2296 2191 2336 Oli-

1312 2371 1392 2398 ver.

1372 2415 1661 2471 Vadimonium]
1725 2421 2036 2472 Sponsionem:
2092 2432 2192 2461 nam

1313 2485 1425 2525 sicut
1445 2497 1471 2524 a
1501 2489 1612 2524 teste
1633 2483 1939 2534 testimonium,
1959 2483 2021 2523 ita
2040 2495 2065 2523 a
2083 2483 2191 2524 vade

1315 2547 1616 2587 vadimonium.
1684 2547 1769 2586 Sed
1814 2547 1929 2586 inter
1973 2547 2102 2587 vades
2147 2551 2195 2586 et

1316 2621 1543 2661 sponsores
1579 2609 1659 2648 hoc
1695 2605 1894 2658 interest,
1922 2608 2036 2661 quod
2067 2608 2196 2649 vades

1313 2670 1491 2722 publici,
1528 2681 1752 2721 sponsores
1787 2669 1944 2721 privati
1981 2669 2194 2710 dicuutur.

1321 2733 1447 2772 Ideni.

1370 2795 1457 2835 Nec
1484 2794 1611 2834 minus
1632 2794 1843 2845 animosus]
1868 2793 2016 2844 Scipio
2052 2793 2198 2835 debel-

1314 2858 1404 2898 lata
1423 2857 1653 2909 Hispania,
1671 2861 1848 2908 totaque
1885 2855 1929 2895 in
1961 2855 2197 2896 Romanam

1316 2923 1520 2964 ditionem
1536 2923 1728 2973 redacta,
1739 2934 1835 2962 cum
1847 2926 1968 2973 parte
1980 2920 2198 2961 exercitus

1317 2988 1496 3026 Romam
1515 2986 1660 3035 rediit,
1688 2986 1756 3025 cui
1775 2985 1958 3025 Senatus
1977 2989 2105 3024 extra
2125 2996 2196 3024 ur-

1317 3051 1413 3091 bem
1444 3051 1571 3090 datus
1601 3056 1682 3100 est,
1701 3049 1773 3088 ubi
1793 3047 2014 3099 expositis,
2032 3058 2127 3100 quae
2151 3046 2197 3086 iu

1317 3115 1535 3166 provincia
1569 3114 1788 3166 gessisset,
1817 3113 1943 3164 petiit
1968 3117 2016 3152 ut
2047 3108 2198 3150 Africa

1317 3177 1397 3218 sibi
1426 3178 1467 3217 in
1507 3176 1771 3228 provinciam
1805 3174 2126 3225 decerneretur,
2154 3173 2200 3212 in

1319 3252 1447 3292 quam
1477 3251 1641 3280 omnem
1671 3238 1769 3278 belli
1800 3238 1955 3277 molem
1975 3239 2199 3276 converte-

1319 3306 1400 3341 ret.
1458 3302 1535 3341 Cui
1571 3299 1778 3350 rogationi
1805 3299 1859 3340 Q.
1880 3298 2039 3338 Fabius
2058 3297 2198 3338 Maxi-

1318 3376 1411 3403 mus
1444 3362 1618 3411 invidia,
1635 3366 1684 3401 ut
1703 3360 1873 3413 quidam
1901 3360 2065 3411 dicunt,
2085 3371 2198 3402 com-

1320 3429 1474 3474 motus,
1490 3436 1650 3463 summa
1665 3435 1748 3474 ope
1764 3422 2023 3463 intercessit.
2054 3423 2200 3466 Quare

1320 3499 1403 3528 nou
1435 3486 1597 3537 Africa,
1617 3485 1693 3526 sed
1724 3485 1885 3537 Sicilia,
1903 3485 1942 3525 ei
1977 3484 2201 3538 provincia
