2346 3996
575 326 837 367 VALERH
881 327 1123 366 MAlei

234 449 523 503 superstitem,
557 453 602 488 et
637 446 895 487 brevissimae
934 445 1112 485 hominis

234 514 335 553 vitae
370 510 655 553 conditionem
691 521 833 549 secum
870 507 961 561 ipse
998 508 1112 559 eogi-

232 579 343 622 tans,
371 574 531 614 dicitur
549 573 884 624 illachrymasse,
904 578 949 612 et
967 584 1111 624 quam-

230 638 295 677 vis
311 635 513 677 Asiaticae
525 634 766 688 juventutis
795 636 931 676 vicem
965 635 1111 675 dolere

229 699 467 749 videretur,
497 711 616 739 suam
637 704 780 739 tamen
802 699 945 750 potius
964 697 1111 749 deplo-

230 762 357 802 ravit.
389 762 495 801 Oliv.

285 826 353 877 §2
382 824 570 874 Referam
599 837 701 865 nunc
733 824 816 876 eos]
845 825 1015 866 Novum
1044 835 1112 863 ca·

229 894 310 940 put
340 888 410 928 hic
427 888 639 940 incipiunt
660 890 819 939 vulgati
847 887 1035 937 codices,
1053 886 1110 927 ob

230 951 349 991 illam
382 951 674 992 inductionem
702 952 891 992 Valerii:
922 952 1110 1000 Referam

227 1027 331 1055 nunc
348 1026 424 1066 eos,
441 1014 592 1066 quibus,
611 1017 679 1066 &a
735 1014 796 1054 At
815 1014 977 1067 aliquot
1001 1015 1107 1054 Mss.

229 1079 402 1120 codices
430 1080 641 1131 superlori
673 1079 824 1132 capiti,
850 1079 903 1119 de
929 1078 1108 1131 Cupidi-

229 1147 321 1183 tate
356 1141 486 1193 Vim,
515 1147 767 1193 annectunt,
795 1153 874 1182 nec
902 1142 1028 1192 male,
1058 1147 1106 1183 ut

230 1204 331 1245 mihi
367 1205 556 1254 videtur,
592 1217 690 1245 cum
730 1205 870 1245 omnia
907 1206 1107 1257 exempla

223 1268 314 1309 sint
365 1275 546 1319 externa
600 1268 793 1321 ejusdem
851 1269 1104 1322 argumenti.

227 1332 357 1383 Pigh.

280 1394 394 1435 Inter
427 1407 569 1446 paucos
599 1396 876 1449 felicissimus]
922 1396 1105 1437 Constat

229 1456 528 1508 Massanisam,
565 1465 664 1510 post
700 1459 974 1511 conjunctam
1009 1472 1106 1500 cum

228 1519 387 1571 populo
404 1519 526 1560 Rom.
541 1520 789 1560 societatem
805 1526 848 1560 et
861 1521 1107 1573 amicitiam,

226 1583 370 1623 omnia
396 1582 598 1623 habuisse
619 1583 823 1630 secunda,
843 1590 892 1624 ut
910 1585 1027 1624 inter
1045 1583 1108 1624 fe-

224 1646 448 1686 licissimos
467 1647 764 1687 connumerari
789 1647 941 1687 merito
960 1647 1107 1699 possit.

229 1709 446 1750 0ιίῧηίωο

280 1772 470 1812 Custodia
488 1772 646 1824 canum]
685 1774 868 1814 Constat
881 1785 1014 1814 canes
1030 1774 1108 1815 ho·

224 1835 409 1876 minibus
429 1847 529 1876 esse
552 1836 836 1888 fidelissimos,
855 1844 902 1878 et
921 1838 1106 1879 testibus

224 1898 370 1940 solino
389 1907 435 1940 et
453 1899 568 1941 Plin.
590 1900 667 1940 lib.
685 1911 789 1941 vm.
811 1913 904 1954 cap.
928 1912 1006 1943 ιι.
1032 1901 1107 1943 do-

219 1962 356 2004 minos
376 1974 474 2003 snos
495 1964 721 2016 aeqnaliter
734 1975 883 2005 omnes
897 1963 1099 2017 diligere,

223 2027 336 2066 sieut
363 2027 508 2067 multis
555 2028 765 2080 exemplis
798 2034 932 2080 patet.
991 2029 1105 2069 Nam

222 2090 267 2129 in
287 2090 422 2142 Epiro
441 2090 598 2141 domini
616 2103 910 2143 percussorem
930 2093 974 2132 in
989 2099 1105 2134 caetu

224 2153 419 2204 agnitum
452 2154 613 2194 latratu
633 2154 750 2194 canis
771 2155 977 2207 prodidit.
1030 2156 1105 2198 Ja-

223 2226 326 2255 sone
352 2215 486 2268 Lycio
524 2215 773 2268 interfecto,
803 2217 922 2258 canis
957 2218 1105 2270 ipsius,

224 2284 480 2330 aspernatus
499 2278 818 2330 cibumfinedia
837 2279 960 2320 obiit.
1025 2281 1105 2332 Ly·

222 2343 395 2383 simachi
414 2343 528 2395 regis
541 2345 656 2383 canis
675 2342 856 2384 flammae
872 2356 918 2384 se
937 2344 1106 2396 injecit,

225 2417 408 2445 accenso
429 2418 531 2458 rogo
549 2407 727 2457 domini,
755 2412 801 2447 et
821 2409 985 2459 pariter
1016 2408 1105 2461 igni

221 2469 474 2521 absumptus
495 2476 579 2510 est.
629 2469 938 2511 Garamantum
959 2483 1104 2523 regem

223 2531 399 2576 ducenti
432 2544 563 2573 canes
583 2532 638 2573 ab
663 2533 793 2573 exilio
827 2533 1105 2586 reduxerunt,

221 2594 470 2647 proeliantes
488 2597 694 2637 adversus
714 2597 981 2639 resistentes.
1022 2599 1106 2639 Co·

223 2659 411 2711 lophonii
430 2665 476 2700 et
495 2660 840 2712 Castabalenses,
865 2661 1042 2701 canibus
1062 2662 1104 2701 in

222 2722 338 2763 bella
369 2725 525 2776 ductis,
568 2726 727 2777 primas
763 2725 876 2765 acies
919 2726 1104 2765 instruea

223 2787 344 2830 bant.
398 2789 545 2842 Appio
572 2789 718 2839 Junio,
747 2787 833 2841 Ap.
856 2789 965 2829 Sisio
985 2789 1103 2831 Coss.

224 2854 477 2896 damnatum
497 2853 715 2894 dominum
729 2853 860 2903 canis,
875 2865 970 2893 cum
992 2853 1106 2906 abigi

222 2929 308 2958 non
347 2920 510 2969 posset,
536 2916 765 2956 comitatus
801 2916 842 2955 in
870 2928 1104 2966 carcerem,

222 2992 322 3020 mox
359 2991 608 3031 percussum
641 2979 807 3018 ululatu
853 2985 1105 3031 prosecutus

223 3048 318 3091 est3
361 3053 545 3094 cumque
591 3053 645 3080 ex
692 3042 962 3081 miseratione
1000 3055 1103 3094 pop.

221 3107 345 3148 Rom.
373 3110 566 3157 potestas
602 3105 641 3143 ei
678 3104 763 3144 cibi
799 3103 939 3154 fieret,
968 3104 1021 3144 ad
1056 3117 1103 3144 os

222 3167 419 3209 defuncti
435 3178 572 3207 escam
595 3167 717 3206 tulit:
748 3167 896 3206 ultimo
915 3167 1012 3207 inde
1028 3167 1102 3207 de-

216 3233 383 3284 jectum
406 3231 451 3270 in
476 3230 667 3271 Tiberim
688 3230 888 3280 cadaver,
908 3231 1103 3271 innatans

222 3298 464 3335 sustentare
509 3299 688 3333 conatus
736 3299 818 3332 est.
878 3293 1102 3346 Multaque

225 3357 308 3396 alia
337 3357 501 3397 caninae
522 3356 742 3399 fidelitatis
761 3358 959 3409 exempla
985 3370 1101 3398 com·

225 3425 433 3460 memorat
454 3419 633 3471 Plinius,
661 3434 756 3473 quae
777 3421 970 3461 consulto
990 3433 1100 3473 prae-

226 3482 434 3533 termitto,
462 3494 515 3522 ne
542 3482 654 3524 forte
672 3482 846 3525 fastidio
862 3485 960 3524 sint.
1015 3485 1100 3524 Sed

226 3545 544 3597 constanqnod
574 3557 699 3586 canes
731 3547 810 3587 soli
834 3547 1002 3587 nomina
1021 3559 1100 3588 sua

1172 330 1290 370 [ΑΒ.
1323 330 1412 368 lx.
1453 329 1587 368 cAP.
1615 316 1700 368 13.
1911 317 2050 370 1371

1176 454 1504 499 recognoscunt,
1519 454 1564 488 et
1582 449 1736 488 iterum
1753 447 2051 488 meminerunt.

1179 510 1285 550 Oliv.

1228 573 1458 614 Liberorum
1485 573 1682 625 numerus]
1711 574 1829 615 Quos
1849 574 2052 627 qninqua-

1175 635 1297 687 ginta
1315 635 1461 688 fuisse,
1480 638 1663 677 diximus
1683 638 1727 676 in
1748 650 1844 688 cap.
1866 637 1920 676 de
1942 637 2052 676 Gra·

1176 698 1373 739 titudine.

1230 762 1252 812 ς
1281 764 1304 800 3
1333 762 1578 814 Alexander]
1610 764 1708 804 Non
1741 764 1942 813 Macedo,
1975 765 2051 804 sed

1174 824 1395 873 pheraeus,
1415 837 1440 865 a
1465 826 1645 867 Pheraea
1664 828 1844 868 civitate
1863 827 2053 867 denomi-

1173 894 1317 940 natus,
1337 890 1407 928 cui
1436 890 1679 941 imperavit.
1735 892 1813 930 Est
1831 896 1971 930 antem
1993 893 2052 932 ci-

1172 953 1282 992 vitas
1316 951 1447 992 Asiae.
1502 953 1640 1004 Hujus
1675 966 1776 993 vero
1814 954 2052 994 Alexandri

1172 1015 1327 1055 Cicero
1347 1015 1524 1056 Rhetor.
1541 1015 1613 1055 lib.
1635 1026 1688 1055 ¹1.
1709 1017 1966 1056 mentionem
1987 1015 2049 1056 fa-

1171 1078 1246 1119 cit.
1278 1079 1383 1119 Oliv.

1227 1143 1511 1194 Compunctum
1546 1142 1671 1194 notis]
1715 1143 1974 1182 Damnatum
2008 1149 2054 1183 et

1168 1206 1441 1259 stigmatibus
1460 1212 1652 1247 notatum
1669 1221 1679 1246 :
1710 1219 1804 1245 nam
1822 1207 1922 1258 quia
1940 1206 2053 1257 fugi-

1168 1270 1283 1309 tivus
1313 1268 1470 1321 fuerat,
1488 1276 1610 1310 notas
1630 1271 1692 1309 illi
1712 1269 1916 1310 candenti
1935 1268 2052 1309 ferro

1169 1333 1382 1373 inusserat
1396 1332 1534 1373 herus.
1562 1334 1687 1374 Idem.

1209 1397 1416 1448 Threiciis]
1436 1397 1532 1437 Hoc
1547 1396 1646 1435 ideo
1661 1396 1788 1447 dixit,
1801 1397 1902 1449 quia
1915 1397 2051 1436 Thra-

1167 1472 1238 1500 ces
1258 1460 1393 1499 servis
1414 1461 1500 1499 suis
1520 1458 1713 1510 fugitivis
1732 1460 1805 1498 lias
1825 1465 1948 1499 notas
1967 1461 2046 1499 im·—

1168 1523 1355 1575 primere
1374 1523 1528 1563 solent.
1547 1523 1671 1562 Idem.
1701 1523 1823 1562 Notis
1840 1523 2054 1574 Threiciis]

1167 1585 1434 1628 Quibusdam
1467 1586 1697 1637 stigmatis,
1734 1585 1886 1638 quibus
1915 1587 2051 1626 Thra-

1167 1662 1258 1702 ces,
1278 1656 1478 1702 tanquam
1499 1650 1552 1689 ad
1572 1651 1739 1701 insigne
1765 1648 2049 1697 fortitudinis,

1170 1725 1216 1754 se
1253 1718 1464 1764 pungunt.
1516 1712 1645 1752 Unde
1683 1724 1767 1753 non
1803 1712 1963 1752 accedo
1993 1713 2048 1751 ad

1167 1782 1354 1817 mentem
1370 1775 1566 1827 Oliverii,
1587 1775 1660 1828 qui
1679 1775 1858 1816 crimine
1877 1775 2050 1816 convic-

1170 1848 1257 1880 tum
1277 1840 1339 1880 sic
1358 1843 1554 1879 notatum
1574 1844 1785 1878 autumat.
1813 1840 1923 1879 Bad.

1221 1901 1456 1953 pellicum]
1503 1900 1732 1942 Adulterii.
1801 1901 1881 1942 Est
1935 1901 2048 1941 enim

1167 1966 1329 2018 pellexi,
1355 1978 1450 2019 quae
1484 1978 1579 2006 cum
1607 1965 1747 2005 alieno
1774 1966 1863 2006 viro
1891 1977 2049 2006 concu-

1168 2030 1279 2080 buit,
1315 2034 1362 2069 et
1397 2028 1557 2069 dicitur
1588 2029 1732 2079 pellex
1768 2029 1911 2069 uxoris
1943 2029 2051 2080 ejus,

1169 2104 1252 2144 quo
1286 2104 1382 2133 cum
1420 2103 1511 2131 rem
1545 2091 1691 2143 habet,
1725 2103 1750 2131 a
1786 2091 2048 2143 pelliciendo

1167 2155 1297 2196 dicta.
1329 2155 1438 2195 oliv.

1221 2221 1244 2272 ς
1266 2223 1293 2259 4
1310 2218 1414 2270 Age,
1432 2218 1648 2270 Dionysius
1666 2217 1955 2270 Syracusanus]
1977 2217 2048 2257 Ci-

1167 2294 1269 2324 cero
1287 2282 1460 2322 Tuscul.
1493 2282 1567 2321 lib.
1590 2282 1806 2334 v.inquit‚
1842 2281 2046 2322 ‘Duode-

1167 2345 1454 2399 quadraginta
1471 2357 1602 2385 annos
1634 2350 1835 2398 tyrannus
1863 2345 2046 2396 Syracu·

1168 2420 1366 2448 sanorum
1385 2406 1467 2447 fuit
1486 2407 1730 2460 Dionysius,
1745 2420 1840 2448 cum
1856 2408 2044 2460 quinque

1167 2477 1214 2512 et
1245 2471 1399 2523 viginti
1435 2477 1560 2510 natus
1603 2483 1735 2511 annos
1783 2471 2045 2510 dominatum

1166 2539 1445 2589 occupasset:
1496 2548 1579 2588 qua
1623 2534 1939 2587 pulchritudine
1977 2545 2044 2573 ur-

1167 2601 1282 2652 bem,
1301 2599 1455 2654 quibus
1479 2605 1624 2639 autem
1643 2598 1798 2650 opibus
1819 2597 2045 2649 praeditam

1167 2664 1378 2704 servitute
1424 2674 1674 2715 oppressam
1725 2661 1866 2701 tenuit
1900 2660 2048 2700 civita-

1169 2727 1284 2766 tem?
1312 2725 1457 2777 Atque
1486 2725 1542 2765 de
1574 2725 1654 2764 boc
1687 2723 1858 2763 homine
1878 2735 1903 2762 a
1922 2722 2044 2762 bonis

1168 2790 1412 2829 auctoribus
1447 2789 1510 2828 sic
1543 2788 1745 2840 scriptum
1781 2786 2045 2838 accepimus,

1168 2864 1374 2892 summam
1404 2851 1538 2892 fuisse
1558 2852 1648 2903 ejus
1667 2851 1708 2890 in
1743 2850 1862 2890 victu
1880 2856 2046 2902 tempe·

1168 2916 1367 2966 tantiam,
1402 2915 1446 2954 in
1496 2914 1622 2955 rebus
1672 2913 1870 2966 gerendis
1906 2913 2045 2953 virum

1167 2990 1310 3018 acrem
1339 2982 1386 3018 et
1410 2974 1684 3028 industrium,
1702 2977 1883 3018 eundem
1903 2982 2045 3017 tamen

1166 3040 1406 3081 maleficum
1445 3046 1601 3081 natura
1629 3047 1674 3080 et
1703 3040 1922 3092 injustum.
1976 3040 2043 3079 Ex

1166 3117 1250 3156 quo
1270 3104 1465 3145 omnibus
1495 3104 1605 3144 bene
1629 3104 1853 3144 veritatem
1874 3102 2044 3142 intuen-

1166 3166 1295 3218 tibus,
1312 3167 1451 3207 videri
1475 3178 1652 3207 necesse
1681 3172 1763 3215 est,
1782 3177 1875 3204 esse
1894 3164 2042 3204 miser·

1166 3231 1346 3272 rimum:
1375 3243 1428 3271 ea
1446 3231 1556 3270 enim
1579 3231 1671 3282 ipsa
1689 3242 1783 3282 quae
1812 3227 2042 3278 concupie-

1165 3299 1247 3344 rat,
1277 3306 1332 3334 ne
1361 3299 1450 3334 tum
1480 3293 1668 3345 quidem,
1696 3303 1792 3331 cum
1824 3290 1962 3330 omnia
1990 3301 2037 3330 se

1166 3368 1289 3408 posse
1309 3357 1527 3406 censebat,
1559 3354 1930 3406 consequebatur;
1966 3354 2040 3404 qui

1163 3431 1260 3459 cum
1299 3424 1412 3460 esset
1450 3418 1570 3458 bonis
1620 3415 1869 3467 parentibus
1907 3421 2039 3467 atque

1163 3484 1342 3524 honesto
1370 3484 1464 3523 loco
1492 3486 1631 3530 natus,
1662 3478 1766 3531 (etsi
1799 3478 1839 3517 id
1868 3477 2038 3530 quidem

1163 3547 1269 3587 alius
1291 3547 1372 3586 alio
1391 3543 1517 3585 modo
1530 3540 1700 3593 tradit‚)
1718 3540 2037 3593 abundaretque
