2288 3990
522 352 781 394 vALERn
824 349 1067 390 MAXIMI
1110 350 1228 389 ms.
1272 350 1310 388 1.
1353 347 1490 387 cAr.
1517 333 1570 386 8,

131 484 176 522 et
196 490 271 520 nos
290 477 388 518 alibi
408 474 669 517 docebimus.
699 472 883 523 Pighius.

185 543 347 595 Bruttii]
381 540 494 582 Vide
514 550 641 591 supra
662 537 714 577 ad
735 549 832 589 cap.
852 539 891 576 6.
922 535 1007 575 Ex·

134 608 261 659 empl.
277 610 319 647 9.

183 669 353 721 Lucani]
397 669 510 709 Vide
530 678 659 720 supra
679 665 731 705 ad
753 677 846 717 cap.
865 666 906 702 6.
926 664 1008 702 Ex-

132 736 261 788 empl.
283 738 324 775 8.

189 797 395 849 'I'lmr-inae]
452 794 674 848 Oppidum
700 797 768 834 est
799 789 1009 832 Calabriae

132 864 174 904 in
206 863 300 903 sinu
331 860 564 902 Tarentino
593 857 799 910 positum,
833 853 1010 895 Crotoni

132 925 459 975 conterminum,
476 921 588 975 quod
604 921 703 961 olim
716 909 876 959 Tur'ino
894 917 1011 958 dice·

133 990 276 1041 batur,
289 1002 314 1028 a
328 987 494 1029 Graecis
513 984 747 1025 conditum.
793 981 931 1022 Autor
943 986 1011 1021 est

133 1051 304 1093 Strabo.
358 1050 467 1090 Haec
485 1047 618 1100 igitur
635 1046 785 1086 civitas
813 1050 907 1084 erat
926 1045 1012 1083 Ro-

109 1138 113 1139 *
134 1117 266 1156 manis
283 1114 445 1155 foedere
465 1118 509 1153 et
535 1111 743 1152 societate
763 1109 1011 1161 conjuncta,

135 1186 180 1220 et
215 1178 314 1219 ideo
351 1174 667 1218 defendebatur
697 1187 725 1214 a-
748 1186 849 1226 pop.
885 1173 1012 1213 Rom.

138 1244 289 1284 Oliver.

194 1305 368 1358 Vanum]
396 1306 475 1346 Est
501 1307 699 1356 aggestus
712 1313 736 1341 e
755 1306 870 1342 terra
885 1305 930 1340 et
947 1312 1015 1341 su·

136 1371 277 1423 dibus,
298 1369 351 1410 ad
372 1368 536 1409 labrum
553 1367 732 1406 interius
750 1364 876 1404 fossae
895 1365 1017 1403 velut

138 1446 295 1475 murus.
349 1435 464 1474 Duae
484 1431 614 1483 igitur
628 1430 723 1482 ejus
743 1434 907 1480 partes,
926 1426 1014 1480 Ag-

140 1509 214 1550 ger
233 1503 279 1538 et
297 1496 449 1538 Sudes.
507 1494 652 1547 Agger
671 1498 738 1533 est
771 1493 865 1545 ipsa
883 1497 1016 1543 terra,

139 1573 236 1601 cum
251 1560 438 1612 cespites
455 1556 824 1599 circumciduntur
842 1568 866 1595 e
886 1562 1016 1609 terra,

138 1632 184 1665 et
203 1636 255 1664 ex
286 1624 372 1664 illis
391 1624 509 1663 velut
529 1633 674 1662 murus
695 1620 937 1671 instruitur,
955 1621 1015 1660 al-

137 1692 205 1728 tus
252 1686 388 1727 tribus
436 1685 618 1738 pedibus
663 1696 793 1736 supra
840 1689 1014 1725 terram.

137 1752 300 1803 cespes
330 1749 464 1790 fiebat
490 1750 601 1789 altus
632 1747 866 1799 semissem,
899 1748 1014 1790 latus

136 1814 306 1868 pedem,
336 1814 486 1866 longus
529 1812 684 1866 pedem
720 1811 869 1853 semis:
917 1825 1014 1853 nam

137 1890 218 1919 nec
249 1883 428 1930 temere,
463 1883 536 1918 aut
573 1889 654 1929 pro
691 1876 868 1917 arbitrio
901 1876 1015 1918 hunc

137 1942 395 1983 exscindere
422 1941 562 1992 licuit,
579 1940 652 1981 sed
673 1940 814 1981 omnia
833 1940 888 1981 ad
918 1953 1014 1982 nor·

136 2017 262 2048 mam.
315 2006 362 2047 Si
381 2011 496 2047 terra
514 2005 708 2052 solutior,
728 2011 776 2045 ut
795 2005 848 2045 ad
868 2005 1015 2047 simili-

134 2071 326 2112 tudinem
345 2070 490 2112 lateris
509 2080 662 2122 cespes
676 2082 761 2110 non
777 2075 922 2123 posset
941 2070 1016 2111 ab.

132 2132 285 2186 scindi,
301 2139 392 2175 tum
410 2146 514 2174 sane
542 2138 618 2174 aut
648 2131 765 2174 fossa
793 2133 1016 2186 praeduce-

134 2197 278 2253 batur,
289 2200 409 2253 cujus
428 2200 683 2241 intrinsecus
700 2211 833 2252 agger
847 2204 1019 2240 exeres-

132 2263 276 2316 eebat,
313 2270 396 2306 aut>
419 2265 593 2318 sepibus
620 2264 778 2315 ductis,
795 2264 864 2305 vel
883 2264 1017 2305 inter·

135 2329 286 2380 positis
303 2329 540 2382 stipitibus,
559 2329 772 2382 ramisque
801 2329 1017 2381 arborum,

133 2403 190 2432 ne
209 2398 329 2434 terra
346 2393 473 2434 facile
487 2393 718 2444 dilabatur,
734 2404 863 2445 agger
882 2393 1019 2446 erige-

136 2454 279 2497 batur.
334 2455 462 2497 Altus
481 2458 553 2497 ille
573 2469 690 2509 saepe
703 2456 850 2497 decem
868 2457 1017 2509 pedes,

135 2518 403 2573 totidemque
420 2521 548 2561 latus.
577 2521 731 2572 Sudes,
750 2520 822 2574 qui
842 2521 1018 2574 proprie

136 2583 253 2635 valli,
276 2588 322 2624 et
341 2583 440 2624 iude
455 2585 738 2636 compositum
759 2596 813 2624 ex
835 2590 1017 2638 utroque

133 2645 284 2687 dixere
304 2646 487 2687 vallum:
526 2659 623 2687 nam
645 2647 801 2687 vallum
821 2653 868 2688 et
886 2648 1015 2689 sudes

133 2709 249 2751 idem
268 2715 367 2751 sunt
389 2711 554 2752 Servio.
610 2710 753 2764 Magis
771 2710 902 2763 prisci
921 2711 1015 2754 dix·

134 2785 209 2814 ere
225 2780 272 2815 et
286 2785 428 2814 suros:
459 2773 560 2814 inde
581 2773 754 2826 surculi,
778 2779 824 2814 et
853 2774 1015 2816 crebri·

134 2848 278 2878 surum
310 2837 467 2885 Ennio,
500 2838 659 2878 vallum
696 2838 860 2879 crebris
890 2839 1016 2893 suris,

134 2898 180 2940 id
212 2907 296 2952 est,
323 2901 448 2953 palis,
478 2901 705 2944 munitum.
759 2901 935 2943 Sudium
953 2909 1015 2945 ta·

135 2975 235 3005 meu
264 2976 347 3005 vox
381 2965 658 3008 creberrima.
714 2966 853 3008 Sudes
890 2974 1016 3010 erant

134 3038 189 3068 ex
206 3039 460 3081 quocunque
477 3034 523 3069 et
538 3029 666 3070 obvio
685 3030 817 3083 ligno,
838 3031 1015 3074 robusto

135 3095 296 3142 tamen,
314 3102 412 3131 cum
430 3090 632 3132 daretur:
673 3106 728 3133 ex
759 3094 914 3135 robore
942 3109 1015 3137 eas

133 3153 243 3196 facit
271 3155 485 3208 Valerius,
511 3169 566 3197 ex
598 3169 723 3198 acere
743 3159 1015 3213 Propertius,

135 3218 188 3259 In
206 3219 379 3272 oppidis
398 3220 529 3261 etiam
549 3220 645 3262 istae
666 3222 807 3265 sudes.
838 3225 1014 3267 Sudium

134 3283 298 3326 forma:
345 3283 445 3324 Non
475 3283 650 3326 fuerunt
681 3299 735 3327 ex
755 3289 955 3342 aequabili
972 3296 1017 3333 et

136 3345 321 3399 simplici
357 3347 488 3399 liguo,
520 3348 596 3389 sed
633 3349 872 3393 habuerunt
909 3354 1016 3397 duas

136 3409 406 3461 eminentias,
425 3416 472 3451 et
491 3413 609 3453 velut
625 3426 800 3467 cornua,
817 3423 892 3458 aut
911 3427 1015 3471 tres,

139 3477 215 3541 eut
233 3478 431 3525 quatuor,
451 3474 494 3514 id
506 3481 590 3526 est,
604 3489 757 3528 ramOS,
771 3479 816 3519 in
828 3482 1014 3534 majores

141 3533 325 3586 stipites,
345 3537 419 3587 qui
450 3538 593 3589 recisi,
613 3545 660 3579 ut
681 3552 840 3583 cornua
859 3544 1016 3585 emine-

140 3594 272 3639 bant:
313 3599 419 3639 tales
464 3603 704 3652 praesertim
760 3605 805 3645 in
851 3619 1014 3650 summo

1847 331 1955 386 985

1073 475 1209 511 erant.
1264 468 1468 510 Studiose
1499 468 1640 506 acutae
1670 463 1848 504 fuerunt
1871 463 1955 503 illae

1073 533 1322 574 eminentiae
1357 532 1581 580 vallorum,
1619 540 1673 567 ne
1705 527 1801 579 quis
1830 525 1956 566 facile

1073 597 1210 649 possit
1229 594 1590 648 apprehendendo
1606 591 1813 641 evellere,
1831 589 1961 629 lubri-

1073 673 1125 702 co
1165 661 1332 701 scilicet
1363 660 1505 712 ligno:
1553 662 1600 697 et
1635 660 1789 696 contra
1820 658 1960 693 trans·

1074 737 1266 777 gressum
1326 731 1372 764 et
1417 730 1730 764 transcensum.
1802 717 1959 770 Itaque

1073 790 1360 842 longiusculos
1390 788 1520 828 fuisse
1548 784 1742 839 oportuit
1772 782 1852 823 hos
1871 783 1961 822 val·

1073 855 1154 907 los,
1175 866 1273 895 cum
1304 865 1403 906 pars
1433 853 1475 892 in
1509 858 1667 892 terram
1688 847 1964 899 deligeretur,

1072 917 1330 959 firmamenti
1352 929 1496 967 causa,
1527 920 1573 955 et
1598 926 1698 967 pars
1720 911 1959 953 emineret:

1076 984 1160 1024 etsi
1194 983 1403 1035 implexos
1435 985 1479 1019 et
1510 979 1733 1019 devinctos
1770 977 1884 1016 inter
1914 987 1961 1015 se

1076 1046 1206 1087 etiam
1223 1046 1356 1086 fuisse
1369 1045 1516 1085 sciam.
1541 1041 1655 1082 Valli
1671 1039 1820 1080 modus
1837 1046 1965 1091 parte

1076 1123 1160 1150 una
1197 1113 1320 1151 2017.
1358 1108 1536 1163 pedum,
1582 1106 1721 1146 altero
1767 1103 1963 1156 plusculo

1076 1175 1211 1227 major
1228 1178 1352 1215 2050.
1382 1173 1555 1225 Lipsius.

1138 1238 1335 1279 Vaztarem
1354 1236 1554 1288 coronam]
1594 1235 1691 1277 Qua
1719 1230 1873 1273 donari
1902 1241 1968 1271 so-

1077 1302 1242 1355 lebant,
1287 1302 1361 1355 qui
1400 1301 1528 1354 primi
1560 1300 1717 1340 vallum
1748 1295 1968 1337 ascendis—

1078 1373 1200 1407 sent:
1247 1373 1343 1407 erat
1390 1371 1534 1407 autem
1582 1363 1818 1417 graminea,
1864 1359 1966 1414 quia

1080 1442 1255 1482 gramen
1268 1429 1401 1471 Marti
1415 1433 1724 1470 consecratum.
1752 1426 1968 1466 Militares

1081 1506 1270 1546 coronae,
1290 1500 1338 1535 ut
1357 1494 1522 1535 Gellius
1542 1491 1691 1543 tradit,
1717 1488 1966 1529 multifariae

1079 1563 1198 1609 sunt,
1218 1570 1395 1611 quarum
1430 1569 1527 1610 quae
1547 1554 1822 1596 nobilissimae
1850 1558 1968 1602 sunt,

1078 1621 1154 1661 has
1187 1621 1322 1661 ferme
1350 1621 1460 1662 dicit
1499 1632 1610 1672 esse,
1648 1618 1968 1671 triumphalem,

1080 1685 1410 1736 obsidionalem,
1426 1685 1622 1736 civicam,
1635 1684 1859 1731 muralem,
1875 1693 1977 1722 cas·.

1077 1754 1280 1800 trensem,
1290 1749 1503 1790 navalem.
1533 1750 1615 1789 Est
1629 1759 1797 1802 quoque
1811 1757 1970 1787 corona

1078 1827 1171 1868 quae
1191 1814 1328 1860 ovalis
1347 1813 1523 1855 dicitur.
1579 1814 1660 1853 Est
1678 1812 1782 1852 item
1799 1806 1970 1863 postre-

1077 1891 1150 1920 ma
1168 1880 1407 1933 oleaginea,
1435 1891 1521 1933 qua
1551 1878 1617 1918 uti
1646 1876 1861 1928 solebant,
1892 1874 1970 1928 qui

1079 1942 1122 1982 in
1139 1944 1291 1995 praelio
1307 1956 1391 1984 non
1408 1942 1604 1995 fuissent,
1616 1942 1692 1982 sed
1704 1940 1970 1993 triumphum

1080 2012 1404 2060 procurassent.
1460 2006 1761 2060 Triumphales
1795 2016 1967 2046 coronae

1079 2076 1204 2112 erant
1224 2084 1386 2123 aureae,
1413 2084 1511 2125 quae
1545 2068 1891 2123 Imperatoribus
1912 2067 1968 2108 ob

1079 2135 1283 2176 honorem
1321 2134 1526 2188 triumphi
1557 2133 1860 2176 mittebantur.
1915 2131 1969 2172 Id

1080 2200 1209 2252 vulgo
1233 2198 1460 2240 dicebatur
1497 2211 1647 2239 aurum
1683 2198 1969 2239 coronarium.

1081 2263 1167 2306 11ae
1190 2264 1427 2317 antiquitus
1448 2276 1472 2304 e
1502 2264 1624 2304 lauro
1651 2262 1842 2314 fueraut,
1869 2268 1971 2315 post

1079 2327 1173 2368 fieri
1209 2340 1264 2369 ex
1301 2340 1407 2368 auro
1442 2333 1613 2379 coeptae.
1671 2327 1969 2368 Obsidionalis

1081 2397 1167 2444 est,
1186 2405 1313 2445 quam
1330 2392 1390 2443 hi,
1415 2391 1488 2445 qui
1517 2391 1694 2432 liberati
1723 2390 1967 2438 obsidione,

1081 2459 1242 2501 dabant
1279 2459 1320 2500 ei
1356 2459 1458 2500 duci
1483 2459 1556 2513 qui
1590 2459 1834 2500 liberasset.
1902 2458 1972 2498 Ea

1079 2536 1239 2565 corona
1278 2524 1497 2577 graminea
1528 2523 1626 2572 fuit,
1658 2523 1971 2576 observarique

1079 2588 1271 2639 solitum,
1290 2593 1338 2628 ut
1356 2587 1483 2629 fieret
1502 2601 1526 2629 e
1560 2588 1772 2642 gramine,
1794 2588 1908 2642 quod
1925 2588 1971 2628 iu

1079 2663 1132 2693 eo
1152 2653 1247 2692 loeo
1267 2658 1523 2703 generatum
1540 2653 1728 2704 esset,in
1751 2665 1834 2707 quo
1852 2653 1969 2693 clau-

1077 2717 1114 2757 si
1154 2722 1296 2769 erant,
1330 2716 1403 2770 qui
1438 2716 1763 2757 obsidebantur.
1840 2716 1969 2757 Hanc

1077 2792 1281 2821 eoronam
1313 2780 1359 2822 S.
1391 2781 1445 2821 P.
1466 2782 1524 2823 Q.
1547 2781 1597 2822 R.
1634 2781 1800 2823 Quinto
1830 2781 1966 2823 Fabio

1078 2844 1273 2885 Maximo
1292 2844 1414 2885 dedit
1433 2844 1549 2885 bello
1568 2845 1801 2885 Poenorum
1816 2857 1968 2885 seeun-

1080 2906 1151 2959 do,
1185 2907 1301 2961 quod
1330 2906 1480 2948 urbem
1514 2908 1692 2948 Romam
1731 2908 1970 2960 obsidione,

1078 2971 1265 3012 hostium
1316 2971 1558 3012 liberasset.
1615 2971 1767 3012 Civica
1810 2984 1969 3012 corona

1079 3035 1340 3087 appellatur,
1358 3047 1485 3088 quam
1516 3035 1641 3086 civis,
1661 3035 1715 3087 ei,
1734 3048 1758 3075 a
1775 3047 1859 3087 quo
1879 3047 1967 3075 ser·

1079 3104 1203 3138 vatus
1230 3098 1404 3150 erat,iu
1437 3094 1663 3150 praemium
1696 3104 1741 3138 et
1776 3097 1968 3138 testimo-

1078 3161 1194 3202 nium
1211 3161 1315 3202 vitae
1336 3162 1574 3214 salutisque
1604 3166 1796 3212 receptae
1816 3159 1966 3208 dabat,

1078 3229 1125 3266 et
1154 3224 1292 3265 fiebat
1319 3236 1344 3264 e
1371 3223 1525 3264 froude
1557 3236 1736 3276 querna,
1763 3222 1963 3275 quoniam

1077 3288 1201 3329 cibus
1244 3289 1471 3341 victusque
1531 3287 1852 3338 antiquissimus
1910 3298 1966 3326 ex

1079 3363 1241 3404 quercu
1260 3352 1358 3403 capi
1377 3351 1528 3391 solitus
1557 3350 1638 3390 sit:
1681 3348 1815 3388 fiebat
1835 3348 1963 3389 etiam

1078 3426 1134 3455 ex
1155 3415 1271 3466 ilice,
1293 3414 1407 3467 quod
1428 3426 1561 3465 genus
1583 3412 1795 3465 superiori
1818 3414 1964 3464 proxi-

1078 3490 1190 3518 mum
1208 3484 1288 3519 est.
1346 3478 1443 3517 Hac
1459 3476 1598 3516 civica
1613 3487 1771 3515 corona
1790 3476 1841 3514 L.
1858 3476 1963 3516 Gel-

1077 3540 1159 3580 lius
1181 3542 1247 3580 vir
1282 3539 1529 3588 Censorius,
1547 3538 1588 3577 in
1606 3538 1768 3578 Senatu
1788 3538 1962 3580 Cicero·

1078 3615 1175 3646 nem
1201 3603 1428 3646 Consulem
1449 3602 1642 3643 donaria
1666 3601 1834 3655 republ.
1865 3614 1963 3643 cen-
