2346 3996
334 260 478 316 1264

332 394 436 436 filio.
492 395 619 437 Hunc
639 396 816 437 Orosius
838 396 1047 436 seniorem
1074 396 1209 436 Anni-

335 459 475 500 balem
506 467 648 502 vocat.
707 461 911 513 Polybius
945 467 989 501 et
1023 462 1212 502 Zonaras

335 523 536 576 Gisgonis
555 524 687 565 filium
709 525 946 577 appellant,
974 527 1044 578 qui
1075 527 1211 578 primo

334 586 500 627 Punico
532 588 644 628 bello
682 587 763 627 fuit
797 588 883 627 dux
912 589 1081 641 quidem
1102 591 1213 630 cele-

335 650 437 700 bris,
454 651 527 690 sed
550 651 716 691 infelix,
747 652 869 701 Pigh.

390 715 593 760 Quendam
610 727 660 754 ex
678 715 832 767 amicis]
859 715 970 756 Vide
1005 722 1210 769 quantum

335 777 558 817 dissentiat
577 790 599 817 a
623 779 792 820 Plinio:
823 791 919 819 nam
940 780 1105 819 Plinius
1126 793 1210 819 non

333 841 498 881 misisse
534 842 792 893 quempiam,
832 843 906 882 sed
939 845 1078 895 ipsum
1115 856 1211 896 pro-

332 902 493 956 fugisse
520 905 690 957 ducem,
721 906 1110 960 Carthaginemque
1139 920 1212 959 pe·

332 968 466 1020 tiisse,
502 973 548 1007 et
582 981 607 1008 a
644 970 807 1010 Senatu
846 971 1051 1024 quaesisse
1090 972 1211 1021 dicit,

331 1031 434 1084 quid
472 1032 552 1072 sibi
588 1031 832 1074 faciendum
885 1040 1008 1075 esset.
1060 1036 1210 1077 Oliver.

334 1096 536 1142 Quendam
554 1109 604 1136 ex
623 1098 761 1137 amicis
775 1098 1023 1149 compositum
1040 1102 1078 1138 et
1097 1111 1210 1138 orna·

329 1163 416 1199 tum
445 1160 725 1210 Carthaginem
757 1160 889 1211 misit]
920 1160 1060 1200 Locus
1080 1160 1210 1200 etiam

330 1222 374 1262 in
395 1223 565 1274 scriptis
597 1223 912 1275 exemplaribus
947 1224 1211 1263 contamina-

332 1285 537 1337 tissimus,
567 1286 638 1338 qui
669 1286 813 1325 nescio
833 1298 885 1324 an
918 1290 1038 1325 recte
1071 1286 1211 1325 sanari

331 1347 469 1387 adhuc
489 1349 666 1400 poterit.
705 1348 755 1388 In
775 1347 1018 1388 Cauchiano
1036 1353 1082 1388 et
1096 1349 1213 1389 Win-

331 1410 440 1450 chel.
461 1410 643 1461 legitur:
673 1412 862 1462 quendam
879 1423 930 1450 ex
954 1412 1092 1452 amicis
1109 1425 1210 1452 com-

325 1474 497 1525 positum
513 1479 552 1513 et
569 1474 836 1515 subornatum.
893 1475 943 1514 ln
965 1476 1058 1516 aliis
1078 1476 1211 1515 omni-

328 1536 432 1577 bus:
462 1538 714 1589 compositum
733 1541 772 1577 et
787 1538 1023 1587 formatum.
1080 1539 1211 1579 Forte

328 1599 581 1651 legendum:
603 1599 808 1649 confestim
822 1601 1087 1655 informatum.
1125 1602 1212 1643 Sed

331 1664 429 1715 quia
458 1663 559 1703 nihil
593 1665 721 1716 certi,
748 1665 854 1705 nihil
886 1666 1015 1706 etiam
1044 1673 1212 1708 mutare

331 1726 459 1766 volui.
489 1727 613 1778 Pigh.

385 1791 408 1842 ξ
427 1794 452 1830 8
481 1790 598 1831 Alter
620 1791 716 1832 item
735 1791 925 1846 Annibal,
949 1794 1036 1846 ξω]
1067 1794 1211 1835 Livius

328 1852 404 1893 lib.
421 1864 535 1893 xxn.
555 1853 898 1906 ‘Accesserant,’
920 1857 1072 1909 inquit,
1089 1863 1100 1880 ‘
1115 1857 1210 1898 duae

327 1929 397 1957 res
415 1917 465 1956 ad
485 1919 721 1970 augendam
736 1919 979 1960 Dictatoris
993 1921 1217 1971 invidiam3

331 1991 418 2019 una
453 1978 606 2019 fraude
645 1993 695 2021 ac
734 1981 830 2021 dolo
869 1983 1110 2035 Annibalis,
1141 1984 1214 2036 qui

330 2054 427 2082 cum
458 2055 485 2083 a
518 2042 712 2095 profugis
746 2044 784 2083 ei
815 2051 1076 2086 monstratus
1110 2059 1214 2099 ager

330 2108 569 2150 Dictatoris
591 2115 722 2163 esset,
751 2112 946 2152 omnibus
983 2113 1099 2153 circa
1123 2113 1213 2153 solo

331 2172 529 2225 aequatis,
544 2173 596 2213 ab
614 2185 664 2213 eo
677 2186 760 2214 uno
779 2173 958 2224 ferrum,
970 2174 1214 2228 ignemque,

331 2240 375 2275 et
425 2236 510 2277 vim
558 2248 724 2277 omnem
770 2238 957 2278 hostium
1008 2239 1214 2279 abstineri

322 2299 472 2351 jussit,
508 2304 557 2340 ut
595 2302 755 2342 occulti
792 2303 970 2355 alicujus
1007 2303 1126 2354 pacti
1163 2316 1215 2343 ea

328 2374 496 2405 merces
516 2364 656 2404 videri
692 2371 872 2417 posset3
913 2367 1049 2406 altera
1084 2367 1214 2419 ipsius

328 2425 462 2479 facto,
493 2429 631 2480 primo
651 2428 832 2470 forsitan
849 2430 994 2480 dubio,
1014 2431 1109 2484 quia
1129 2445 1213 2472 non

328 2496 565 2543 expectata
599 2493 642 2532 in
677 2506 727 2533 eo
760 2494 941 2533 Senatus
977 2495 1214 2534 auctoritas

328 2561 411 2606 est,
440 2555 494 2595 ad
523 2560 759 2596 extremum
791 2558 905 2597 haud
935 2559 1134 2610 ambigue
1168 2561 1213 2599 in

327 2618 558 2657 maximam
593 2619 762 2660 laudem
789 2632 930 2670 verso,
961 2621 1004 2660 in
1042 2633 1214 2673 permu-

330 2681 474 2721 tandis
509 2683 706 2734 captivis·
764 2684 890 2725 Quod
927 2684 1040 2724 sicut
1078 2685 1214 2736 primo

329 2744 497 2784 Punico
530 2743 835 2786 bello‘factum
866 2753 976 2798 erat,
1004 2759 1214 2788 convene-

329 2811 398 2846 rat
431 2807 544 2847 inter
575 2807 723 2860 duces,
755 2809 991 2849 Romanum
1015 2811 1215 2849 Poenum-

329 2881 430 2922 que,
443 2875 493 2909 ut
509 2883 603 2923 quae
621 2883 720 2923 pars
743 2873 837 2923 plus
855 2873 1073 2923 reciperet
1090 2885 1213 2925 quam

330 2933 472 2984 daret,
492 2936 659 2987 argenti
682 2936 825 2988 pondo
846 2936 947 2976 bina
968 2942 1013 2977 et
1032 2937 1215 2977 selibras

328 2997 372 3037 in
401 2998 580 3039 militem
606 3005 863 3051 praestaret3
893 3011 1089 3040 cchvn.
1119 3013 1213 3041 cum

330 3062 477 3113 plures
497 3064 728 3114 Romanus,
757 3076 882 3116 quam
917 3064 1078 3103 Poenus
1099 3077 1216 3105 rece-

330 3125 484 3177 pisset,
499 3131 811 3179 argentumque
833 3139 911 3178 pro
928 3128 989 3166 eis
1005 3127 1215 3176 debitum,

328 3188 467 3242 (saepe
480 3189 654 3241 jactata
673 3190 716 3229 in
735 3190 899 3230 Senatu
920 3189 1004 3241 re,)
1021 3192 1216 3243 quoniam

328 3262 413 3291 non
434 3252 721 3292 consuluisset
740 3253 910 3303 Patres,
936 3253 1102 3293 tardius
1124 3267 1217 3295 ero-

330 3320 523 3365 garetur,
551 3315 804 3355 inviolatum
830 3315 883 3355 ab
911 3316 1030 3355 hoste
1053 3329 1216 3368 agrum,

329 3378 461 3418 misso
488 3378 669 3418 Romam
697 3378 803 3429 filio,
830 3378 1040 3431 vendidit,
1069 3378 1217 3420 fidem-

330 3452 413 3492 que
435 3441 649 3493 publicam
669 3442 886 3494 impendio
907 3443 1077 3495 privato
1098 3445 1216 3484 exol-

331 3506 424 3547 vit.'
480 3508 714 3550 Frontinus
746 3520 876 3549 vero:
906 3511 918 3533 ‘
946 3508 1136 3550 Annibal
1169 3509 1213 3548 in

915 278 1092 332 NOTAE
1136 279 1469 319 VARIORUM
1514 281 1577 320 IN

1274 398 1464 449 Fabium,
1491 399 1556 438 cui
1584 410 1722 457 neque
1751 399 1926 451 virtute,
1953 397 2159 443 nee'arte‘

1273 461 1460 501 bellandi
1483 475 1559 514 par
1577 468 1686 514 erat,
1714 468 1763 503 ut
1782 463 1958 504 infamia
1978 464 2152 505 distrin-

1275 531 1412 576 geret,
1440 527 1548 576 agris
1581 527 1673 578 ejus
1710 527 1931 578 abstinuit,
1967 534 2159 568 caeteros·

1275 591 1518 641 populatus.
1574 591 1736 631 Contra
1763 592 1835 632 ille
1863 603 1917 632 ne
1951 597 2153 643 suspecta

1275 652 1439 691 civibus
1459 651 1566 692 fides
1595 658 1710 693 esset
1737 655 2029 706 magnitudine
2062 655 2153 694 ani-

1274 714 1331 752 mi
1361 712 1522 765 effecit,
1552 715 1782 767 publicatis
1813 717 2152 768 possessionibus

1273 777 1388 816 suis!
1458 778 1556 818 Hoc
1594 779 1706 818 idem
1745 778 1900 820 fecisse
1936 779 2158 821 Periclem

1275 841 1410 880 tradit
1429 841 1641 882 Justinus.
1665 842 1814 884 Oliver.

1327 907 1393 958 §9
1424 907 1669 958 Tusculanis]
1697 907 1925 947 Tusculum
1946 907 2150 960 oppidum

1274 969 1386 1009 Latii
1407 970 1625 1020 Straboni,
1644 970 1886 1021 quindecim
1907 971 2041 1010 millia
2057 983 2154 1023 pas-

1273 1043 1391 1072 suum
1413 1033 1466 1072 ab
1486 1034 1604 1075 urbe.
1646 1033 1784 1074 Hodie
1804 1034 1999 1086 ignobilis
2015 1035 2153 1086 vicus,

1273 1102 1317 1134 et
1355 1097 1583 1137 Fuscatam
1620 1098 1852 1150 appellant.
1909 1099 2151 1152 Tusculanis,

1273 1158 1360 1209 &ej
1399 1159 1629 1200 Tusculani
1680 1174 1795 1213 saepe
1835 1161 2089 1204 defecerant
2127 1177 2153 1203 a

1274 1222 1488 1262 Romanis.
1546 1224 1671 1264 Hanc
1712 1225 1907 1276 iujuriam
1945 1237 2041 1266 cum
2067 1220 2153 1267 Ro⁶

1273 1284 1386 1322 mani
1421 1283 1535 1325 ferre
1567 1298 1653 1325 non
1691 1294 1882 1340 possent,
1924 1289 2151 1330 Camillum

1274 1358 1369 1386 cum
1408 1350 1602 1388 exercitu
1641 1351 1865 1401 miseruut,
1907 1352 1979 1403 qui
2027 1355 2153 1404 agros

1274 1416 1474 1462 vastaret,
1536 1413 1681 1453 urbem
1737 1412 1931 1454 funditus
1984 1419 2152 1464 everte-

1274 1479 1355 1513 ret.
1411 1474 1495 1513 Sed
1514 1475 1743 1515 Tusculani
1776 1476 2016 1516 calliditate
2050 1489 2152 1517 con—

1274 1536 1354 1576 silii
1393 1537 1476 1576 vim
1512 1538 1744 1577 Romanam
1784 1546 2044 1590 arcuerunt3
2089 1541 2153 1580 in-

1274 1601 1493 1640 trantibus
1514 1603 1626 1641 euim
1647 1615 1791 1642 eorum
1811 1602 1917 1642 fines
1937 1604 2161 1655 Romanis,

1275 1675 1359 1703 non
1380 1663 1665 1715 demigratum
1689 1678 1741 1705 ex
1765 1666 2010 1719 propinquis
2028 1666 2155 1714 itine-

1274 1728 1331 1767 ris
1362 1729 1482 1778 locis,
1509 1741 1593 1768 non
1628 1731 1770 1769 cultus
1797 1742 1992 1782 agrorum
2019 1730 2154 1770 inter·

1274 1791 1425 1832 missus
1447 1805 1460 1842 3
1490 1794 1740 1845 patentibus
1770 1794 1883 1835 urbis
1906 1795 2058 1846 portis,
2085 1799 2151 1835 to·-

1275 1856 1363 1907 gati
1396 1857 1564 1897 obviam
1593 1857 1846 1910 frequentes
1875 1859 2154 1910 Imperatori-

1278 1920 1353 1959 bus
1374 1921 1575 1960 Romanis
1598 1932 1861 1972 processere,
1891 1926 2153 1962 commeatus

1276 1985 1484 2023 exercitui
1515 1986 1694 2024 comiter
1718 1985 1761 2025 in
1796 1990 1937 2024 castra
1965 1997 2019 2024 ex
2045 1986 2152 2024 urbe

1276 2054 1321 2086 et
1340 2060 1392 2086 ex
1414 2048 1528 2100 agris
1544 2047 1783 2088 devehitur.
1813 2049 1919 2088 Turn
1934 2049 2154 2100 Camillus,

1276 2111 1430 2151 castris
1470 2118 1570 2151 ante
1604 2117 1751 2163 portas
1783 2111 1946 2163 positis,
1982 2111 2153 2152 eadem-

1277 2185 1330 2212 ne
1349 2173 1485 2214 forma
1507 2175 1642 2226 pacis,
1672 2187 1764 2227 quae
1795 2175 1838 2214 in
1872 2174 1984 2227 agris
2010 2180 2154 2215 osten-

1276 2243 1455 2288 taretur,
1483 2238 1611 2278 etiam
1659 2238 1773 2278 intra
1819 2238 1979 2278 moenia
2024 2244 2156 2288 esset,

1277 2302 1385 2341 scire
1419 2302 1614 2354 cupiens,
1640 2302 1852 2353 ingressus
1887 2302 2052 2354 urbem,
2081 2301 2154 2342 ubi

1274 2370 1477 2416 patentes
1497 2366 1668 2417 januas,
1694 2371 1739 2406 et
1767 2365 1958 2406 tabernis
1992 2366 2155 2419 apertis

1277 2430 1499 2482 proposita
1531 2430 1673 2470 omnia
1705 2430 1746 2469 in
1779 2430 1920 2470 medio
1940 2430 2063 2478 vidit,
2091 2430 2155 2470 in-

1278 2500 1503 2546 tentosque
1519 2493 1696 2545 opifices
1709 2506 2008 2548 suo-quemque
2021 2495 2157 2547 operi,

1277 2563 1322 2598 et
1353 2558 1476 2597 ludos
1508 2558 1730 2597 literarum
1763 2563 1958 2609 strepere
1986 2556 2155 2598 discen·

1277 2622 1382 2662 tium
1405 2622 1598 2674 vocibus,
1625 2626 1669 2661 et
1689 2621 1875 2673 repletas
1898 2621 2072 2661 semitas
2091 2621 2163 2660 in·'

1277 2690 1346 2724 ter
1365 2686 1512 2736 vulgus
1526 2696 1754 2736 puerorum
1771 2691 1817 2724 et
1833 2684 2055 2724 mulierum
2071 2685 2156 2723 huc

1275 2755 1321 2788 et
1347 2748 1447 2787 illuc
1468 2748 1673 2798 euntium,
1702 2759 1785 2799 qua
1817 2758 2025 2800 quemque
2058 2759 2155 2786 suo-

1276 2826 1368 2852 rum
1386 2826 1533 2852 usuum
1553 2825 1682 2853 causa
1697 2811 1957 2863 ferret,niliil
1978 2823 2156 2863 usquam

1274 2876 1358 2916 non
1397 2876 1565 2929 pavidis
1602 2876 1746 2926 modo,
1790 2875 1866 2915 sed
1903 2875 2156 2914 mirantibus

1277 2940 1448 2992 quidem
1484 2939 1620 2979 simile
1654 2938 2042 2991 circumspiciebat,
2070 2949 2160 2978 om-

1275 3003 1346 3042 nia
1377 3003 1594 3056 inquirens
1626 3003 1776 3053 oculis,
1803 3002 1976 3042 ubinam
2001 3002 2169 3041 bellum'

1275 3065 1442 3105 fuisset.
1507 3064 1632 3106 Adeo
1669 3077 1750 3105 nec
1787 3070 1942 3104 amotae
1979 3064 2040 3103 rei
2088 3075 2158 3102 us-

1277 3142 1422 3182 quam,
1451 3141 1528 3169 nec
1557 3130 1720 3169 oblatae
1749 3128 1803 3168 ad
1835 3134 2003 3179 tempus
2029 3127 2155 3167 vesti-

1278 3195 1390 3245 gium
1413 3194 1543 3233 ullum
1564 3200 1684 3244 erat3
1714 3193 1790 3233 sed
1816 3193 1875 3232 ita
1897 3192 2036 3232 omnia
2056 3203 2157 3231 con·

1278 3258 1410 3297 stanti
1434 3257 1748 3309 tranquillaque
1769 3266 1893 3308 pace,
1923 3261 1970 3293 ut
1997 3266 2049 3294 eo
2084 3253 2156 3292 vix

1276 3318 1392 3360 fama
1427 3320 1528 3359 belli
1577 3319 1746 3371 perlata
1801 3318 1940 3357 videri
1995 3323 2157 3369 posset.

1277 3382 1430 3421 Victus
1463 3380 1674 3433 patientia
1717 3380 1900 3419 hostium
1941 3380 2160 3431 Camillus,

1276 3445 1347 3484 ubi
1366 3444 1506 3484 omnia
1543 3443 1650 3483 vidit
1693 3455 1787 3483 esse
1823 3448 1991 3494 pacata,
2034 3448 2080 3482 et
2113 3442 2156 3481 in

1277 3509 1391 3560 agris
1410 3512 1456 3548 et
1474 3508 1516 3548 in
1539 3509 1659 3559 urbe,
1672 3507 1931 3548 Tusculanos
1951 3506 2003 3547 ad
2023 3507 2157 3547 Sena-
