2320 4004
334 288 476 342 1196
917 300 1096 339 NoTAE

390 417 604 470 Claustris]
628 417 806 458 Scilicet
823 423 1057 468 portarum.

389 484 498 524 CAP·
517 494 561 523 v.
601 483 649 521 In
667 483 797 521 eodem
814 480 1027 531 domicilio]
1053 480 1104 520 In
1125 493 1208 532 quo

334 549 425 588 scil.
447 555 491 588 et
511 547 661 598 frater,
680 547 760 586 hoc
779 550 859 597 est,
878 545 920 584 in
939 553 1090 585 ventre
1122 558 1209 585 ma-

338 611 434 650 tris,

391 675 412 725 ς
434 676 454 712 l
484 674 612 723 Atque
631 672 712 711 hoec
729 676 826 712 teste
844 672 1041 724 Scipione]
1094 673 1210 712 Han-

336 735 453 775 nibal
466 736 588 775 devic
596 736 647 774 tis
660 736 1098 788 Carthaginiensibus,
1114 749 1209 777 cum

337 798 388 837 ad
412 799 526 849 rupti
547 797 718 838 foederis
737 811 882 851 poenas
903 800 1210 852 deposceretur

337 875 361 900 a
381 861 597 912 Romanis,
610 863 662 909 ad
677 861 936 903 Antiochum
952 877 1092 914 regem
1113 877 1211 904 con·

336 923 464 976 fugit,
488 929 532 964 et
550 925 666 964 illum
687 926 739 966 ad
771 926 1039 967 inferendum
1062 929 1213 967 Roma-

336 987 402 1025 nis
420 986 578 1026 bellum
607 987 792 1040 induxit,
825 994 873 1028 ut
905 989 1108 1040 diximus,
1128 1002 1213 1042 quo

337 1054 532 1101 tempore
552 1051 744 1091 consules
764 1058 887 1091 erant
916 1053 964 1091 L.
986 1052 1148 1103 Scipio,
1167 1058 1212 1092 et

338 1113 389 1153 C.
409 1114 590 1164 Laelius;
621 1126 797 1166 quorum
826 1121 1006 1167 uterque
1042 1115 1212 1166 provin-

339 1177 450 1216 ciam
473 1177 614 1216 Asiam
639 1177 719 1217 sibi
748 1178 924 1218 decerni
958 1178 1214 1230 exoptabat,

342 1241 465 1292 cujus
487 1241 625 1292 gratia
645 1253 730 1280 non
764 1254 896 1293 parva
914 1241 1026 1280 inter
1055 1252 1126 1280 eos
1158 1241 1217 1280 vi-

340 1305 521 1345 debatur
536 1304 681 1344 futura
699 1305 944 1344 contentio:
977 1305 1052 1343 sed
1073 1316 1140 1343 res
1162 1304 1214 1343 ad

339 1368 560 1408 arbitrium
596 1372 768 1407 senatus
800 1368 963 1418 rejecta
991 1366 1089 1418 fuit,
1119 1380 1214 1419 quae

338 1432 482 1470 studia
512 1432 690 1470 Patrum
716 1430 871 1482 erexit,
901 1430 1216 1482 Senatoresque

340 1495 490 1534 dubios
510 1493 699 1533 reddidit
714 1493 767 1532 de
786 1494 916 1533 tantis
943 1494 1043 1532 viris
1055 1493 1217 1545 judicia

339 1555 558 1605 facturos;
600 1568 743 1594 verum
765 1559 906 1595 tamen
928 1555 1039 1606 apud
1064 1556 1215 1596 Patres

340 1620 474 1672 major
508 1619 628 1658 Laelii
663 1620 816 1671 gratia,
857 1619 1076 1670 majorque
1123 1624 1218 1659 erat

340 1683 615 1732 existimatio,
633 1689 678 1722 et
697 1689 928 1734 propterea
947 1683 1129 1722 Senatus
1163 1683 1217 1723 ad

342 1758 437 1785 eum
467 1746 689 1797 inclinare,
719 1745 1021 1799 negotiumque
1050 1745 1218 1786 deferre

344 1809 470 1862 plane
515 1809 754 1850 videbatur.
810 1809 934 1851 Quod
970 1810 1040 1849 ubi
1085 1810 1221 1850 sensit

340 1873 505 1925 Scipio,
536 1873 684 1913 fratris
718 1873 880 1926 pietate
908 1880 1066 1922 motus,
1085 1874 1137 1914 ab
1167 1885 1219 1913 eo

344 1937 602 1989 deprecatus
649 1943 713 1977 est
756 1938 869 1977 illam
929 1937 1218 1989 ignominiam.

343 2001 458 2042 Nam
493 2007 537 2041 et
570 2002 612 2041 in
641 2002 802 2041 Senatu
829 2001 1007 2041 fratrem
1028 2001 1221 2041 laudavit

345 2065 477 2104 virum
499 2064 654 2105 fortem
673 2071 719 2105 et
744 2065 995 2117 sapientem.
1049 2066 1107 2105 Et
1126 2077 1220 2105 cum

343 2128 415 2168 illo
436 2141 482 2168 se
501 2128 658 2169 iturum
679 2130 864 2180 legatum
892 2129 935 2168 in
957 2129 1222 2181 provinciam

343 2192 461 2230 ultro
481 2190 698 2243 professus
717 2196 809 2241 est3
838 2204 919 2245 qua
935 2204 1037 2232 voce
1056 2204 1221 2233 omnem

347 2258 525 2297 Patrum
557 2257 870 2297 dubitationem
905 2257 958 2297 de
993 2257 1143 2307 fratre,
1179 2262 1224 2296 et

347 2319 655 2360 demandandae
705 2320 939 2371 provinciae
987 2320 1223 2360 cunctatio·

346 2395 443 2422 nem
463 2383 664 2424 excussit.
723 2384 832 2423 Nam
860 2382 1076 2436 frequenti
1094 2384 1224 2423 Sena·

348 2452 395 2486 tu
417 2447 635 2486 decretum
656 2451 736 2497 est,
752 2453 798 2486 ut
814 2447 863 2487 L.
877 2446 1023 2499 Scipio
1042 2447 1085 2486 in
1105 2447 1225 2487 Grae-

349 2512 459 2549 ciam
481 2510 684 2550 adversus
702 2511 1049 2561 AEtolos,deinde
1071 2513 1112 2550 in
1133 2510 1226 2551 Asi-

349 2586 417 2613 am
436 2572 636 2613 adversus
650 2573 905 2614 Antiochum
919 2586 1014 2614 cum
1025 2575 1227 2627 Scipione

349 2636 485 2677 fratre
503 2639 721 2689 transiret,
736 2651 860 2691 quem
880 2637 1082 2678 Annibali
1101 2640 1231 2691 victo,

349 2707 395 2742 et
412 2714 488 2754 pro
512 2700 723 2742 Antiocho
744 2703 860 2753 Rege
881 2702 1121 2754 dimicanti,
1141 2705 1229 2743 vic-

354 2772 490 2806 torem
537 2772 788 2818 opponeret.
854 2766 961 2807 Quis
1006 2767 1138 2818 igitur
1175 2769 1229 2808 P.

351 2829 563 2879 Scipionis
585 2829 790 2881 pietatem
805 2841 887 2868 non
901 2829 1002 2880 jure
1023 2830 1231 2870 miretur?

354 2906 479 2946 quam
500 2905 583 2933 non
614 2893 746 2932 solum
769 2905 794 2932 a
814 2894 950 2944 prima
984 2893 1230 2933 adolescen-

354 2958 415 2998 tia
434 2957 631 2997 Cornelio
660 2956 788 3008 patri,
806 2962 854 2996 ut
884 2969 1013 3008 supra
1033 2957 1233 3004 diximus,

354 3019 432 3060 sed
452 3019 608 3059 deinde
627 3031 795 3072 quoque
814 3020 863 3058 1..
882 3017 1004 3058 fratri
1021 3019 1062 3058 id
1078 3020 1235 3070 aetatis,

355 3083 505 3136 hisque
536 3082 664 3122 rebus
696 3081 908 3133 egregiam
941 3082 1162 3133 praestitit,
1190 3087 1235 3122 et

358 3158 599 3199 quanquam
636 3149 732 3184 erat
760 3142 985 3184 Africanus
1021 3150 1065 3184 et
1098 3146 1234 3197 major

356 3216 477 3259 natu,
495 3213 540 3248 et
568 3207 641 3260 qui
673 3205 930 3247 Annibalem
962 3207 1143 3258 vicerat,
1163 3209 1234 3261 qui

359 3273 414 3312 de
445 3271 592 3311 Poenis
624 3269 977 3321 triumphaverat,
998 3270 1068 3322 qui
1088 3283 1234 3312 omnes

362 3348 449 3378 suae
487 3334 628 3374 aetatis
658 3333 936 3385 imperatores
967 3333 1067 3373 belli
1103 3335 1237 3384 gloria

363 3406 409 3439 et
442 3398 602 3438 virtute
633 3394 845 3447 anteibat,
874 3396 1055 3448 imperio
1094 3403 1236 3438 tamen

365 3462 536 3516 minoris
568 3465 673 3509 natu
700 3472 746 3503 se
779 3465 932 3512 sponte
965 3460 1172 3510 submisit,
1190 3467 1240 3501 ut

366 3525 403 3567 is
435 3525 477 3565 in
513 3524 674 3564 honore
720 3522 962 3565 obtinendae
1007 3524 1238 3578 provinciae

1141 300 1466 340 VARIORUM
1510 301 1574 339 ΙΝ

1270 418 1456 468 gratioso
1498 416 1676 467 collegae
1723 414 2014 468 praeferretur.
2079 418 2148 459 Ex

1272 493 1354 532 quo
1386 481 1496 519 bello
1534 478 1672 519 frater
1712 481 1845 532 ipsius
1889 482 2065 522 consilio
2102 488 2149 522 et

1271 556 1404 594 opera
1423 555 1520 582 usus
1541 544 1762 583 maximam
1796 545 1971 595 gloriam
2003 546 2046 586 in
2075 557 2152 598 pa-

1274 609 1396 646 triam
1419 607 1672 658 reportavit.
1706 608 1852 648 Oliver.
2070 641 2072 644 .

1324 670 1561 709 Aretissima
1568 670 1851 722 familiaritas]
1878 670 2002 710 Adeo
2021 674 2070 711 nt
2087 671 2152 711 in·

1273 739 1340 771 ter
1377 744 1513 782 pauca
1542 733 1615 771 illa
1639 733 1870 772 amicorum
1898 733 2032 784 paria,
2052 745 2150 784 quae

1274 800 1499 846 tantopere
1533 795 1769 834 admiratur
1793 795 2039 847 antiquitas,
2057 795 2151 836 Sci-

1275 861 1440 909 pionem
1461 864 1506 898 et
1525 859 1701 898 Laelium
1733 858 1889 898 Cicero
1913 858 2039 898 vdicat
2057 870 2153 899 esse

1274 922 1654 962 connumerandos.
1682 923 1806 962 Idem.

1331 986 1476 1025 Laudis
1502 986 1626 1037 inopi]
1670 984 1814 1024 Fratri
1842 983 2024 1034 scilicet,
2051 982 2155 1037 qnia

1275 1049 1377 1088 nihil
1398 1049 1534 1088 adhuc
1556 1047 1785 1100 gloriosum
1807 1052 2014 1098 gesserat.

1330 1112 1513 1150 Nondum
1558 1111 1757 1162 Asiatico]
1813 1111 1926 1153 Quia
1967 1109 2154 1152 nondum

1277 1174 1566 1215 debellaverat
1585 1174 1746 1215 Asiam.

1331 1239 1511 1279 Alterum
1554 1238 1682 1288 dedit]
1736 1237 1916 1278 Scilicet
1962 1235 2158 1284 Asiatici,

1280 1301 1379 1353 quia
1415 1301 1506 1352 ejus
1539 1301 1719 1341 consilio
1766 1306 1812 1340 et
1847 1299 2155 1340 intercessione

1278 1363 1382 1403 Asia
1403 1364 1577 1404 devicta
1594 1369 1674 1403 est.

1336 1426 1598 1477 Proetextam]
1643 1425 1960 1477 Triumphalem
1979 1431 2158 1477 vestem.

1335 1491 1399 1541 §2
1432 1491 1593 1530 Marcus
1607 1501 1698 1529 vero
1714 1488 1865 1529 Fabius.
1879 1487 2043 1540 Consul]
2088 1488 2160 1530 Li-

1282 1553 1372 1591 vius
1391 1552 1463 1593 lib.
1483 1563 1534 1593 1¹.
1591 1553 1699 1592 Cum
1729 1552 1792 1592 Μ.
1825 1551 1983 1591 Fabius
2011 1552 2160 1602 consul

1282 1614 1484 1658 adversus
1515 1615 1771 1666 Hetruscos,
1802 1614 1871 1667 qui
1902 1620 2004 1655 tunc
2033 1626 2158 1666 agros

1283 1679 1496 1723 Romanos
1529 1679 1789 1729 invaserant,
1812 1677 2011 1718 ‚duxisset
2042 1689 2162 1718 exer·

1282 1742 1431 1791 citum,
1456 1748 1500 1781 et
1521 1741 1758 1793 praesertim
1779 1745 1932 1780 contra
1949 1740 2160 1782 Veientes

1283 1811 1329 1844 et
1381 1805 1646 1857 AEquiculos,
1684 1816 1756 1844 eos
1800 1804 1962 1855 ingenti
2010 1805 2160 1855 proelio

1283 1881 1380 1908 cum
1399 1881 1552 1920 magna
1581 1880 1723 1908 eorum
1753 1873 1896 1919 strage
1925 1869 2162 1920 superavit.

1282 1931 1366 1971 Sed
1397 1944 1482 1971 nou
1515 1931 1599 1971 fuit
1631 1932 1909 1971 Romanorum
1939 1931 2164 1972 incruenta

1283 1998 1481 2038 victoria.
1540 1997 1651 2037 Nam
1685 1998 1808 2037 multi
1829 2009 1884 2036 ex
1915 1997 2163 2038 clarissimis

1285 2062 1385 2101 viris
1416 2063 1456 2101 in
1489 2074 1537 2102 ea
1565 2074 1709 2114 pugna
1737 2061 2010 2111 ceciderunt3
2038 2060 2166 2102 *inter

1285 2138 1390 2178 quos
1410 2127 1522 2166 alter
1556 2126 1703 2165 consul
1733 2131 1778 2164 et
1810 2125 1865 2166 Q.
1886 2124 2045 2164 Fabius
2064 2137 2167 2165 cou-

1287 2191 1388 2230 sulis
1408 2189 1560 2242 frater,
1577 2190 1664 2242 qui,
1694 2202 1789 2229 cum
1809 2189 1925 2234 inter.
1940 2187 2166 2230 confertis-

1287 2253 1412 2293 simos
1442 2253 1584 2293 hostes
1615 2252 1788 2292 fortiter
1818 2251 2058 2304 dimicaret,
2073 2253 2167 2293 vul-

1286 2322 1461 2358 net-atus
1483 2329 1624 2369 pugna
1643 2316 1846 2368 excessit,
1865 2320 1909 2355 et
1922 2315 2048 2367 paulo
2069 2317 2166 2366 post

1289 2381 1517 2433 expiravit.
1573 2381 1680 2421 Cum
1710 2380 1843 2430 igitur
1875 2378 2109 2430 triumphus
2141 2389 2168 2417 a

1288 2446 1450 2487 Senatu
1484 2447 1651 2486 delatus
1677 2450 1794 2486 esset
1820 2443 1982 2484 consuli
2011 2442 2067 2482 ob
2096 2452 2166 2482 res

1290 2509 1517 2562 magnifice
1549 2514 1709 2561 gestas,
1741 2509 1830 2558 ille,
1849 2507 1988 2548 amissi
2020 2505 2170 2547 fratris

1292 2573 1540 2622 gravissimo
1574 2572 1721 2611 dolore
1749 2569 1990 2621 confectus,
2021 2570 2169 2619 trium-

1293 2636 1422 2687 phum
1444 2634 1664 2685 suscipere
1682 2632 1908 2681 recusavit,
1928 2643 2168 2685 quanquam

1294 2703 1415 2737 tanta
1451 2696 1638 2748 dignitas
1683 2696 1739 2734 ab
1784 2693 1976 2734 omnibus
2019 2692 2172 2745 expeti

1293 2760 1578 2802 consueverit.
1625 2759 1773 2799 Oliver.
1829 2756 2021 2808 Contigit
2040 2754 2097 2797 A.
2112 2755 2172 2796 U.

1295 2836 1500 2865 ccnxxn.

1353 2889 1504 2941 Inclyta
1530 2899 1664 2939 pugna
1698 2884 1904 2926 Hetruscis
1922 2888 1962 2924 et
1998 2882 2172 2929 Veienti-

1296 2953 1364 2992 bus
1389 2951 1603 3004 superatis]
1648 2950 1834 2989 Veteres
1860 2948 1959 2988 libri
1988 2947 2174 2987 obscura

1298 3017 1475 3068 vestigia
1494 3028 1604 3055 verae
1625 3012 1826 3054 lectionis
1845 3010 2051 3051 retinent.
2093 3009 2175 3050 Su-

1293 3080 1435 3120 sianus
1469 3079 1581 3119 enim
1600 3084 1647 3118 et
1676 3074 1978 3117 Atrebatensis
2004 3073 2095 3114 ita:
2135 3076 2176 3121 et

1294 3143 1431 3183 amicis
1470 3146 1510 3182 et
1554 3139 1791 3182 Veientibus.
1860 3135 2177 3178 Winchelianns

1293 3206 1452 3258 aliique
1470 3205 1573 3256 duo,
1603 3208 1641 3244 et
1672 3201 1838 3243 Amic-lis
1866 3203 1906 3240 et
1939 3197 2177 3239 Veientibus.

1296 3269 1505 3312 Mendose
1537 3276 1718 3317 semper.
1771 3263 1824 3302 In
1854 3261 2084 3313 Campensi
2104 3272 2178 3303 au·

1297 3340 1382 3372 tem
1404 3332 1579 3384 legitur,
1598 3334 1636 3370 et
1654 3329 1847 3378 amicalis,
1864 3326 1940 3367 sed
1960 3327 2176 3379 corrigen-

1299 3396 1399 3435 dum
1421 3405 1515 3434 esse
1544 3393 1709 3445 opinor,
1737 3395 1774 3430 et
1803 3390 2046 3441 AEquicolis5
2088 3390 2178 3430 bel-

1297 3462 1384 3500 lum
1414 3459 1526 3499 enim
1555 3463 1656 3497 tunc
1690 3455 1893 3506 temporis
1926 3454 2176 3494 continuum

1301 3522 1431 3566 fuisse
1451 3534 1545 3563 cum
1582 3519 1743 3573 AEquis,
1772 3519 1901 3559 etiam
1920 3529 1974 3559 ex
1999 3516 2108 3557 Livii
2129 3521 2176 3557 et
