2320 4004
389 298 532 355 1206

389 438 436 474 et
471 431 692 485 patricius,
720 442 804 472 non
844 431 943 472 trib.
983 431 1145 484 plebis:
1186 431 1262 471 sed

389 509 484 537 cum
506 497 682 536 tribunis
702 495 967 535 commodum
991 495 1127 546 plebis
1148 507 1262 546 quae-

388 560 580 600 rentibus
603 568 701 599 tunc
719 559 868 599 coiisse
888 558 942 597 ad
975 571 1091 597 suam
1124 559 1263 610 legem

389 622 706 676 perferendam,
722 635 803 662 non
818 622 924 662 adeo
939 620 1146 674 refragari
1166 634 1262 674 pos-

390 698 548 727 sumuS.
581 687 699 736 Pigh.

441 748 656 798 Agrai-iam
672 747 812 799 legem]
840 749 907 789 De
925 761 1027 800 agro
1047 755 1169 801 quem
1191 759 1263 798 po·

388 813 513 863 pnlus
543 814 755 853 Romanus
778 815 888 854 bello
908 814 1192 866 acquisiverat
1206 825 1262 853 ae-

386 875 479 928 quis
499 877 763 928 portionibus
783 877 1026 917 dividendo.

443 940 591 980 Necari
611 941 755 992 Jussz’t]
793 942 959 981 Plinius
991 941 1065 981 lib.
1099 952 1262 981 xxxiv.

388 1014 480 1054 cap·
513 1008 553 1045 4.
579 1005 756 1046 ‘Romae
789 1006 1055 1046 simulacrum
1089 1018 1144 1045 ex
1177 1017 1264 1045 aere

388 1066 548 1107 factum
569 1068 715 1108 Cereri
737 1070 913 1120 primum
930 1070 1097 1122 reperio
1119 1082 1171 1108 ex
1190 1082 1265 1121 pe·

389 1132 500 1172 colio
520 1132 596 1184 Sp.
617 1133 767 1185 Cassii,
795 1146 919 1185 quem
942 1146 1115 1184 regnum
1137 1131 1265 1173 affec-

389 1201 554 1236 tantem
601 1202 727 1248 pater
779 1196 912 1248 ipsius
957 1195 1267 1236 interemerat!

389 1259 507 1300 Huic
520 1260 778 1312 interempto
791 1261 959 1299 domum
975 1261 1103 1300 etiam
1121 1271 1266 1310 super-

384 1323 547 1374 jectam
581 1324 712 1364 fuisse
744 1324 1092 1365 traditValerius
1109 1323 1183 1363 lib.
1204 1335 1266 1365 vl.

391 1400 489 1439 cap.
508 1392 548 1427 3.
580 1389 706 1429 Coler.

444 1451 510 1504 §3
543 1451 717 1491 Manlius
739 1452 969 1504 Torquatus]
1004 1451 1267 1503 Pomponius

390 1514 445 1554 de
483 1514 605 1567 Orig.
637 1515 782 1557 Juris:
829 1516 962 1556 ‘Post
987 1516 1060 1556 lios
1091 1514 1268 1556 fuerunt

389 1578 444 1618 P.
463 1579 627 1619 Mutius
644 1585 688 1620 et
702 1581 863 1621 Brutus
877 1586 922 1621 et
934 1581 1132 1620 Manilius
1150 1581 1268 1632 (lego

390 1648 435 1682 et
455 1643 662 1695 Manlius)
693 1645 764 1696 qui
795 1643 1085 1684 fundaverunt
1105 1643 1185 1684 Jus
1209 1644 1269 1682 ci-

391 1706 509 1747 vile!
555 1708 756 1748 Meminit
787 1709 910 1761 hujus
946 1708 1097 1748 Manlii
1115 1708 1267 1748 Cicero

392 1769 446 1810 de
463 1771 557 1810 Fin.
599 1772 671 1811 lib.
687 1783 718 1813 1.
774 1771 899 1814 Quod
929 1783 1010 1811 nec
1041 1771 1096 1810 ab
1130 1770 1270 1811 Hoto-

391 1846 563 1886 manno,
593 1847 674 1875 nec
707 1834 887 1887 Cujacio
917 1835 1268 1874 animadversum.

396 1900 528 1939 Coler.
585 1899 760 1951 contig.
780 1899 899 1940 A.U.
922 1911 1069 1940 Dcxn.

450 1961 663 2014 Religiosi]
708 1963 848 2003 Anxie
891 1963 1101 2003 servantis
1139 1963 1271 2015 jusju-

395 2027 588 2078 randum,
604 2040 686 2081 quo
697 2029 869 2080 judices
888 2029 1065 2080 obligari
1084 2029 1235 2068 solent.

447 2092 586 2143 Imago
603 2092 750 2144 posita]
780 2093 831 2132 In
848 2093 967 2132 atriis
988 2093 1183 2133 solebant
1201 2105 1272 2132 ve-

395 2160 509 2195 teres
529 2159 732 2208 majorum
764 2169 951 2203 suorum,
983 2157 1053 2209 qui
1074 2157 1209 2208 gloria
1227 2162 1273 2195 et

396 2219 523 2259 rebus
572 2219 702 2271 gestis
749 2220 1020 2270 claruissent,
1066 2219 1272 2272 imagines

395 2284 620 2324 collocare.
649 2284 899 2326 Juvenalis:
929 2285 942 2306 ‘
957 2285 1066 2323 Tota
1084 2284 1185 2323 licet
1202 2295 1274 2324 ve·

394 2354 510 2388 teres
543 2354 754 2388 exornent
774 2348 962 2400 undique
987 2360 1099 2388 cerae
1121 2348 1240 2388 Atria
1261 2362 1273 2398 ;

396 2412 616 2453 Nobilitas
637 2412 726 2452 sola
741 2419 808 2452 est
826 2419 956 2465 atque
972 2413 1094 2452 unica
1109 2412 1273 2452 virtus.'

394 2477 610 2528 Majorum
646 2477 774 2527 igitur
805 2488 977 2516 suorum
1019 2476 1272 2527 imaginibus

397 2551 512 2591 saepe
531 2540 583 2578 ad
604 2540 787 2579 virtutes
820 2546 866 2580 et
895 2552 1036 2579 rerum
1065 2539 1273 2591 gerenda-

398 2614 490 2641 rum
513 2602 689 2654 gloriam
711 2602 1070 2653 incendebantur,
1103 2609 1151 2642 ut
1182 2603 1274 2642 illo·

398 2677 491 2705 rum
519 2666 752 2705 imitatione
772 2666 972 2706 clariores
991 2665 1162 2706 fierent.
1191 2666 1275 2706 Oli·

397 2741 479 2768 ver.

454 2793 477 2844 ᾧ
495 2795 522 2832 4
551 2793 612 2832 Μ.
627 2804 717 2832 vero
731 2792 918 2843 Scaurus]
942 2792 1133 2844 Contigit
1153 2790 1206 2831 A.
1220 2792 1275 2832 U.

398 2857 540 2887 nemi.

453 2909 728 2960 Conspectum]
757 2910 872 2960 Ergo
905 2907 1086 2948 formula
1105 2909 1176 2948 ilia
1194 2907 1276 2948 fuit

399 2973 646 3024 peculiaris,
661 2984 744 3024 qua
759 2979 903 3022 patres
915 2971 1023 3011 filios
1040 2972 1245 3023 abjiciunt
1263 2985 1274 3011 :

393 3026 429 3074 *a
457 3045 715 3075 conspecu-n
734 3045 831 3074 MEO
861 3045 1016 3075 ABEAS.
1070 3035 1140 3074 Sic
1173 3036 1277 3074 Tor-

401 3106 554 3151 quatus
584 3099 711 3150 paulo
743 3106 868 3138 ante:
915 3100 926 3120 ‘
947 3100 1003 3138 Et
1043 3099 1278 3150 Republica

400 3176 497 3203 eum
519 3169 564 3204 et
592 3163 716 3203 domo
738 3176 832 3203 mea
864 3163 1080 3215 indignum
1107 3164 1276 3216 judico,

407 3227 684 3279 protinusque
705 3237 732 3266 Ε
746 3237 1002 3267 conspr-:cru
1022 3239 1120 3268 MEO
1135 3238 1279 3267 AmRE

401 3288 575 3331 sunno!
631 3291 701 3330 Sic
733 3290 807 3329 lib.
828 3301 890 3330 vx.
938 3301 1033 3340 cap.
1055 3294 1092 3330 1.
1134 3290 1188 3330 de
1221 3291 1278 3332 Q.

406 3354 539 3394 Fabio
562 3354 750 3393 Maximo
769 3353 1026 3394 Serviliano:
1056 3355 1069 3376 ‘
1085 3354 1279 3406 Exegita

404 3416 492 3457 filio
525 3417 651 3457 unico
683 3429 830 3468 poenas
866 3417 1007 3457 dubiae
1035 3418 1276 3458 castitatis:

405 3480 440 3519 is
468 3492 540 3519 eas
577 3480 803 3532 pependit,
837 3481 1075 3520 voluntario
1109 3493 1279 3521 secessu

405 3550 676 3596 conspectum
699 3545 831 3597 patris
853 3543 1056 3586 vitando!
1085 3545 1213 3586 Coler.

963 312 1140 352 NOTAE
1182 311 1516 355 VARIORUM
1555 316 1621 355 IN

1383 433 1635 485 Conspectum
1653 436 1877 486 degenerati
1905 437 2036 489 putris
2049 437 2205 479 vitatu»

1322 495 1428 546 rum]
1464 497 1692 543 Vitaret‚in
1714 500 1971 540 Canchiano.
2009 501 2205 542 Rectius.

1323 556 1384 597 At
1403 571 1499 599 meo
1515 561 1686 612 quidem
1703 562 1867 614 judicio
1891 563 2145 614 rectissime,
2163 564 2202 603 si

1325 622 1406 662 sit:
1455 629 1701 675 conspectum
1739 627 1905 677 degener
1939 628 2035 668 irati
2072 625 2207 680 patrie

1324 685 1479 726 vitaret.
1552 688 1609 726 Et
1660 689 1753 740 ipsa
1791 701 1894 730 vero
1929 691 2062 731 verba
2104 691 2200 730 haee

1323 747 1471 788 Scauri
1493 750 1628 800 patris
1644 748 1772 790 fuisse
1795 751 2007 804 videntur,
2027 766 2122 806 qum
2150 752 2202 792 fi-

1323 811 1426 851 lium
1445 812 1497 852 ad
1519 818 1699 854 mortem
1719 814 1919 865 adegere.
1949 816 2070 866 Pigh.

1379 877 1487 916 CAP.
1502 878 1603 929 ηιξ
1620 881 1641 917 1
1657 878 1706 918 L.
1725 878 1891 929 Gellius,
1901 879 2076 919 omnibus
2087 879 2202 920 hono-

1323 940 1448 990 ribus]
1462 940 1627 980 Gellius
1638 953 1734 981 cum
1747 953 1825 993 pro
1840 943 2062 994 explorato
2074 943 2202 983 babe-

1326 1010 1408 1054 ret,
1422 1003 1552 1043 filinm
1573 1017 1660 1044 rem
1676 1005 1876 1046 habuisse
1887 1018 1984 1046 cum
1999 1017 2203 1052 noverca,

1328 1071 1373 1106 et
1402 1079 1497 1106 cum
1536 1080 1588 1107 ea
1621 1068 1676 1108 de
1715 1081 1820 1109 nece
1859 1070 1993 1121 patris
2025 1070 2202 1110 consilia

1327 1134 1549 1179 tractasse,
1578 1143 1661 1171 non
1680 1132 1734 1171 ad
1760 1133 2013 1173 sumendum
2041 1133 2095 1174 de
2114 1133 2203 1174 filio

1327 1194 1583 1245 supplicium
1603 1196 1744 1234 statim
1762 1196 1824 1234 ira
1843 1196 2034 1247 percitus
2053 1201 2204 1236 cucur·

1328 1255 1399 1304 rit,
1418 1256 1491 1295 sed
1511 1258 1705 1296 consulto
1721 1257 1894 1309 Senatu,
1906 1257 1994 1298 filio
2008 1257 2205 1299 dicendae

1329 1333 1470 1361 causae
1488 1326 1748 1372 potestatem
1765 1321 1890 1372 fecit,
1907 1323 1995 1375 qui,
2011 1324 2207 1375 purgatis

1329 1396 1423 1436 quae
1467 1385 1547 1424 sibi
1579 1384 1908 1436 objiciebantur,
1944 1393 1990 1426 et
2031 1388 2205 1438 cognita

1328 1445 1650 1498 diligentissime
1680 1459 1826 1498 causa,
1856 1454 2059 1502 tanquam
2086 1451 2204 1490 inno·

1329 1521 1431 1548 cens
1459 1511 1678 1550 absolutus
1712 1516 1792 1551 est.
1862 1513 1974 1552 Nam
2004 1514 2113 1553 hunc
2133 1514 2203 1554 ci-

1330 1585 1431 1612 cero
1451 1572 1659 1625 defendit,
1678 1575 1795 1627 cujus
1812 1575 1947 1616 adhuc
1967 1582 2091 1617 extat
2109 1589 2206 1618 ora-

1331 1637 1406 1676 tio.
1439 1637 1591 1677 Oliver.

1382 1702 1434 1741 L.
1452 1702 1622 1754 Gellius]
1654 1703 1742 1743 Lib.
1764 1704 1962 1745 Lavernii
1977 1718 1990 1745 ε
2016 1705 2065 1746 L.
2081 1705 2206 1756 Agel-

1330 1766 1417 1805 lius.
1464 1766 1648 1806 Gellium
1688 1774 1831 1808 tamen
1877 1770 2039 1810 rectius
2074 1776 2204 1810 vocat

1331 1831 1485 1871 Cicero
1515 1832 1568 1871 de
1590 1832 1774 1883 Legibus
1807 1839 1853 1873 et
1884 1833 1928 1873 in
1951 1834 2102 1876 Bruto.
2143 1835 2205 1875 A·

1331 1895 1481 1946 gellius
1502 1896 1575 1936 lib.
1588 1908 1631 1936 ν.
1650 1909 1746 1949 cap.
1761 1901 1802 1937 6.
1834 1898 1963 1938 Coler-

1385 1960 1452 2011 §2
1483 1960 1534 2005 Q.
1563 1964 1693 2000 autem
1733 1961 1954 2013 Hortensii]
1990 1962 2091 2003 Fuit
2133 1962 2207 2003 bic

1331 2022 1484 2060 nobilis
1526 2031 1686 2071 orator,
1717 2031 1762 2064 et
1806 2037 1901 2065 cum
1938 2026 1994 2068 Q.
2027 2026 2209 2068 Caecilio

1331 2085 1513 2125 Metello
1547 2088 1707 2127 consul.
1761 2089 1961 2140 Scripsit,
1991 2095 2041 2129 ut
2069 2089 2207 2130 Asco-

1330 2149 1425 2189 nius
1459 2156 1660 2201 testatur‚
1709 2160 1867 2204 praeter
1899 2155 2127 2208 orationes,
2157 2161 2204 2195 et

1331 2213 1492 2253 lasciva
1541 2216 1752 2266 poe'mata,
1799 2230 1976 2271 quornm
2023 2218 2206 2259 Ovidius

1333 2276 1375 2314 in
1408 2277 1567 2328 Elegiis
1603 2279 1815 2330 meminit,
1847 2288 1893 2321 et
1929 2281 2093 2322 Gellius
2128 2281 2206 2322 lib.

1335 2351 1437 2381 x1x.
1470 2353 1564 2393 cap.
1578 2346 1619 2383 9.
1651 2344 1780 2384 etiam
1811 2343 2014 2396 Annales,
2035 2349 2083 2385 ut
2109 2346 2208 2386 Vel·

1333 2405 1441 2444 leius
1462 2406 1718 2447 Patercnlus
1743 2414 1924 2449 testatur
1943 2409 2019 2449 lib.
2035 2420 2084 2450 11.
2137 2410 2209 2450 De

1333 2469 1454 2521 hujus
1476 2470 1697 2511 Hortensii
1711 2470 1909 2512 facundia
1928 2478 2088 2525 praeter
2103 2473 2208 2513 alios

1334 2533 1516 2573 Tullium
1536 2535 1634 2574 vide
1653 2535 1694 2574 in
1715 2537 1810 2575 Fin.
1844 2537 1915 2576 lib.
1930 2547 2002 2577 ιιι.
2021 2537 2076 2576 de
2095 2536 2208 2578 Ora·

1335 2601 1418 2636 tor.
1450 2598 1551 2637 item
1584 2599 1626 2637 in
1663 2600 1819 2650 Bruto,
1850 2600 1922 2640 ubi
1961 2600 2206 2641 memoriam

1336 2659 1429 2710 ejus
1462 2661 1670 2702 celebrat.
1743 2663 1868 2704 Quod
1904 2668 1950 2704 et
1981 2665 2046 2704 M.
2073 2665 2206 2705 Sene·

1336 2734 1389 2761 ca
1425 2721 1533 2762 facit
1582 2724 1624 2763 in
1662 2725 1918 2776 praefatione
1963 2734 2208 2768 controver-

1337 2785 1508 2825 siarum.
1565 2787 1627 2827 Ut
1661 2785 1841 2828 Porcius
1874 2790 1996 2835 Cato,
2032 2801 2208 2830 consen·

1336 2849 1474 2888 tiente
1495 2861 1643 2889 socero
1662 2850 1878 2904 Philippo,
1904 2864 2020 2892 suam
2040 2853 2081 2893 ei
2106 2865 2209 2892 uxo·

1337 2923 1443 2959 rem,
1480 2912 1658 2952 liberum
1700 2915 2018 2966 quaerendorum
2068 2917 2210 2967 gratia

1337 2974 1520 3016 dederit.
1590 2978 1687 3018 Qua
1715 2977 1769 3017 de
1800 2990 1845 3017 re
1874 2979 2022 3030 legere
2046 2979 2211 3031 poteris

1338 3041 1452 3091 apud
1473 3041 1751 3082 Plutarchum
1770 3043 1812 3082 in
1834 3043 2014 3082 Catone.
2056 3043 2211 3094 Neque

1337 3104 1488 3143 mirum
1507 3103 1639 3144 filium
1654 3105 1834 3157 perditis
1859 3105 2046 3144 moribus
2065 3103 2211 3152 fuisse,

1339 3180 1435 3207 cum
1456 3168 1498 3207 in
1518 3174 1637 3219 patre
1667 3180 1829 3208 summa
1862 3168 2047 3208 eluxerit
2078 3168 2211 3208 molli-

1338 3231 1434 3271 ties.
1490 3232 1628 3273 Quam
1661 3231 1792 3271 fuerit
1812 3232 1950 3271 mollis
1979 3232 2022 3271 in
2053 3233 2214 3272 vestitu

1341 3308 1392 3335 ac
1427 3301 1712 3346 sumptuosam,
1743 3294 1960 3334 docebunt
1986 3295 2125 3335 Varro
2156 3295 2211 3335 de

1341 3359 1393 3397 R.
1417 3358 1469 3397 R.
1503 3359 1612 3397 libro
1641 3369 1711 3397 111.
1745 3369 1844 3409 cap.
1863 3361 1902 3398 6.
1944 3363 1990 3398 et
2021 3358 2213 3409 inprimis

1340 3432 1435 3472 cap.
1453 3420 1530 3460 ult.
1552 3419 1761 3459 Plimlib.
1776 3430 1843 3459 1x.
1862 3431 1901 3459 c.
1917 3423 1985 3460 55.
2010 3425 2055 3459 et
2069 3419 2144 3460 lib.
2163 3430 2210 3460 x.

1340 3497 1437 3536 cap.
1452 3487 1519 3524 20.
1541 3483 1656 3524 Gell.
1676 3483 1786 3523 libro
1799 3495 1830 3523 1.
1851 3495 1946 3535 cap.
1961 3489 2002 3524 5.
2017 3483 2212 3525 Macrob.

1339 3548 1415 3588 lib.
1434 3558 1504 3588 ιιι.
1535 3559 1632 3599 cap.
1653 3550 1717 3587 13.
1772 3546 1928 3601 Itaque
1959 3548 2212 3590 Consulibus
