<?xml version="1.0" encoding="UTF-8"?>
<!DOCTYPE html PUBLIC "-//W3C//DTD XHTML 1.0 Transitional//EN"
    "http://www.w3.org/TR/xhtml1/DTD/xhtml1-transitional.dtd">
<html xmlns="http://www.w3.org/1999/xhtml" xml:lang="en" lang="en">
 <head>
  <title>
</title>
<meta http-equiv="Content-Type" content="text/html;charset=utf-8" />
  <meta name='ocr-system' content='tesseract 3.04.00' />
  <meta name='ocr-capabilities' content='ocr_page ocr_carea ocr_par ocr_line ocrx_word'/>
</head>
<body>
  <div class='ocr_page' id='page_1' title='image "./factorumdictorum03valeuoft_0039.png"; bbox 0 0 2288 3990; ppageno 0'>
   <div class='ocr_carea' id='block_1_1' title="bbox 548 255 1596 311">
    <p class='ocr_par' dir='ltr' id='par_1_1' title="bbox 548 255 1596 311">
     <span class='ocr_line' id='line_1_1' title="bbox 548 255 1596 311; baseline -0.007 0"><span class='ocrx_word' id='word_1_1' title='bbox 548 272 810 311; x_wconf 71' lang='lat' dir='ltr'><strong>vALuRu</strong></span> <span class='ocrx_word' id='word_1_2' title='bbox 855 270 1096 309; x_wconf 75' lang='lat' dir='ltr'>MAXIMI</span> <span class='ocrx_word' id='word_1_3' title='bbox 1143 271 1259 307; x_wconf 74' lang='lat' dir='ltr'><strong>mn.</strong></span> <span class='ocrx_word' id='word_1_4' title='bbox 1300 269 1340 307; x_wconf 91' lang='lat'><strong>1.</strong></span> <span class='ocrx_word' id='word_1_5' title='bbox 1381 269 1517 307; x_wconf 77' lang='lat' dir='ltr'><strong>cAP.</strong></span> <span class='ocrx_word' id='word_1_6' title='bbox 1545 255 1596 308; x_wconf 86' lang='lat'><strong>3.</strong></span> 
     </span>
    </p>
   </div>
   <div class='ocr_carea' id='block_1_2' title="bbox 142 389 1054 3559">
    <p class='ocr_par' dir='ltr' id='par_1_2' title="bbox 142 389 1054 3559">
     <span class='ocr_line' id='line_1_2' title="bbox 178 389 1054 447; baseline -0.011 -11"><span class='ocrx_word' id='word_1_7' title='bbox 178 393 382 447; x_wconf 79' lang='lat' dir='ltr'><strong>pitudinis</strong></span> <span class='ocrx_word' id='word_1_8' title='bbox 402 391 576 432; x_wconf 84' lang='lat' dir='ltr'><strong>lieentia</strong></span> <span class='ocrx_word' id='word_1_9' title='bbox 596 390 741 431; x_wconf 83' lang='lat' dir='ltr'>Liberi</span> <span class='ocrx_word' id='word_1_10' title='bbox 763 389 898 441; x_wconf 89' lang='lat' dir='ltr'><strong>patris</strong></span> <span class='ocrx_word' id='word_1_11' title='bbox 933 400 1054 428; x_wconf 83' lang='lat' dir='ltr'><strong>sacra</strong></span> 
     </span>
     <span class='ocr_line' id='line_1_3' title="bbox 175 452 1053 505; baseline -0.013 -6"><span class='ocrx_word' id='word_1_12' title='bbox 175 459 220 499; x_wconf 86' lang='lat' dir='ltr'><strong>in</strong></span> <span class='ocrx_word' id='word_1_13' title='bbox 251 456 444 497; x_wconf 85' lang='lat' dir='ltr'><strong>omnibus</strong></span> <span class='ocrx_word' id='word_1_14' title='bbox 477 453 677 505; x_wconf 88' lang='lat' dir='ltr'><strong>compitis</strong></span> <span class='ocrx_word' id='word_1_15' title='bbox 716 452 1053 504; x_wconf 80' lang='lat' dir='ltr'>peragebantur,</span> 
     </span>
     <span class='ocr_line' id='line_1_4' title="bbox 175 515 1053 571; baseline -0.009 -10"><span class='ocrx_word' id='word_1_16' title='bbox 175 528 224 561; x_wconf 85' lang='lat' dir='ltr'><strong>ut</strong></span> <span class='ocrx_word' id='word_1_17' title='bbox 259 521 303 560; x_wconf 90' lang='lat' dir='ltr'><strong>in</strong></span> <span class='ocrx_word' id='word_1_18' title='bbox 341 519 433 571; x_wconf 87' lang='lat' dir='ltr'><strong>ejus</strong></span> <span class='ocrx_word' id='word_1_19' title='bbox 469 518 671 557; x_wconf 85' lang='lat' dir='ltr'><strong>bonorem</strong></span> <span class='ocrx_word' id='word_1_20' title='bbox 706 516 842 555; x_wconf 86' lang='lat' dir='ltr'><strong>virilia</strong></span> <span class='ocrx_word' id='word_1_21' title='bbox 862 515 1053 555; x_wconf 88' lang='lat' dir='ltr'><strong>coleren-</strong></span> 
     </span>
     <span class='ocr_line' id='line_1_5' title="bbox 175 569 1054 635; baseline -0.007 -11"><span class='ocrx_word' id='word_1_22' title='bbox 175 569 246 624; x_wconf 69' lang='lat' dir='ltr'><strong>tur</strong></span> <span class='ocrx_word' id='word_1_23' title='bbox 265 582 482 635; x_wconf 87' lang='lat' dir='ltr'><strong>pudenda,</strong></span> <span class='ocrx_word' id='word_1_24' title='bbox 504 582 641 633; x_wconf 84' lang='lat' dir='ltr'><strong>palam</strong></span> <span class='ocrx_word' id='word_1_25' title='bbox 661 581 885 621; x_wconf 84' lang='lat' dir='ltr'><strong>exultante</strong></span> <span class='ocrx_word' id='word_1_26' title='bbox 907 580 1054 631; x_wconf 85' lang='lat' dir='ltr'><strong>nequi-</strong></span> 
     </span>
     <span class='ocr_line' id='line_1_6' title="bbox 174 644 1053 695; baseline -0.006 -8"><span class='ocrx_word' id='word_1_27' title='bbox 174 648 249 688; x_wconf 79' lang='lat' dir='ltr'><strong>tia.</strong></span> <span class='ocrx_word' id='word_1_28' title='bbox 299 645 412 686; x_wconf 85' lang='lat' dir='ltr'><strong>Nam</strong></span> <span class='ocrx_word' id='word_1_29' title='bbox 431 644 577 685; x_wconf 81' lang='lat' dir='ltr'>Liberi</span> <span class='ocrx_word' id='word_1_30' title='bbox 595 644 829 684; x_wconf 82' lang='lat' dir='ltr'><strong>membrum</strong></span> <span class='ocrx_word' id='word_1_31' title='bbox 848 656 923 695; x_wconf 85' lang='lat' dir='ltr'><strong>per</strong></span> <span class='ocrx_word' id='word_1_32' title='bbox 942 644 1053 682; x_wconf 89' lang='lat' dir='ltr'><strong>bunc</strong></span> 
     </span>
     <span class='ocr_line' id='line_1_7' title="bbox 173 706 1052 758; baseline -0.006 -9"><span class='ocrx_word' id='word_1_33' title='bbox 173 709 288 750; x_wconf 86' lang='lat' dir='ltr'><strong>diem</strong></span> <span class='ocrx_word' id='word_1_34' title='bbox 321 706 480 748; x_wconf 86' lang='lat' dir='ltr'><strong>festum</strong></span> <span class='ocrx_word' id='word_1_35' title='bbox 502 717 655 758; x_wconf 87' lang='lat' dir='ltr'><strong>magna</strong></span> <span class='ocrx_word' id='word_1_36' title='bbox 684 706 941 746; x_wconf 78' lang='lat' dir='ltr'><strong>celebritate</strong></span> <span class='ocrx_word' id='word_1_37' title='bbox 963 706 1052 757; x_wconf 90' lang='lat' dir='ltr'><strong>plo-</strong></span> 
     </span>
     <span class='ocr_line' id='line_1_8' title="bbox 171 770 1051 822; baseline -0.002 -10"><span class='ocrx_word' id='word_1_38' title='bbox 171 771 309 812; x_wconf 78' lang='lat' dir='ltr'><strong>stellis</strong></span> <span class='ocrx_word' id='word_1_39' title='bbox 347 782 426 822; x_wconf 84' lang='lat' dir='ltr'><strong>per</strong></span> <span class='ocrx_word' id='word_1_40' title='bbox 461 782 584 822; x_wconf 85' lang='lat' dir='ltr'><strong>agros</strong></span> <span class='ocrx_word' id='word_1_41' title='bbox 618 770 754 822; x_wconf 87' lang='lat' dir='ltr'><strong>prius,</strong></span> <span class='ocrx_word' id='word_1_42' title='bbox 790 782 889 809; x_wconf 89' lang='lat' dir='ltr'><strong>mox</strong></span> <span class='ocrx_word' id='word_1_43' title='bbox 929 776 972 809; x_wconf 88' lang='lat' dir='ltr'><strong>et</strong></span> <span class='ocrx_word' id='word_1_44' title='bbox 1009 770 1051 810; x_wconf 90' lang='lat' dir='ltr'><strong>in</strong></span> 
     </span>
     <span class='ocr_line' id='line_1_9' title="bbox 170 834 1052 886; baseline -0.006 -10"><span class='ocrx_word' id='word_1_45' title='bbox 170 835 319 876; x_wconf 85' lang='lat' dir='ltr'><strong>urbem</strong></span> <span class='ocrx_word' id='word_1_46' title='bbox 350 834 619 886; x_wconf 81' lang='lat' dir='ltr'><strong>vectabatur,</strong></span> <span class='ocrx_word' id='word_1_47' title='bbox 636 845 720 885; x_wconf 89' lang='lat' dir='ltr'><strong>quo</strong></span> <span class='ocrx_word' id='word_1_48' title='bbox 745 839 837 873; x_wconf 88' lang='lat' dir='ltr'><strong>toto</strong></span> <span class='ocrx_word' id='word_1_49' title='bbox 857 839 1052 885; x_wconf 86' lang='lat' dir='ltr'><strong>tempore</strong></span> 
     </span>
     <span class='ocr_line' id='line_1_10' title="bbox 171 896 1053 951; baseline -0.005 -12"><span class='ocrx_word' id='word_1_50' title='bbox 171 898 463 951; x_wconf 87' lang='lat' dir='ltr'><strong>unusquisque</strong></span> <span class='ocrx_word' id='word_1_51' title='bbox 483 896 766 950; x_wconf 83' lang='lat' dir='ltr'><strong>spurcissimis</strong></span> <span class='ocrx_word' id='word_1_52' title='bbox 794 897 1053 937; x_wconf 79' lang='lat' dir='ltr'><strong>abutebatur</strong></span> 
     </span>
     <span class='ocr_line' id='line_1_11' title="bbox 171 959 1051 1014; baseline -0.005 -11"><span class='ocrx_word' id='word_1_53' title='bbox 171 963 332 1014; x_wconf 79' lang='lat' dir='ltr'><strong>verbis,</strong></span> <span class='ocrx_word' id='word_1_54' title='bbox 348 962 485 1002; x_wconf 86' lang='lat' dir='ltr'><strong>donec</strong></span> <span class='ocrx_word' id='word_1_55' title='bbox 500 972 577 1013; x_wconf 88' lang='lat' dir='ltr'><strong>per</strong></span> <span class='ocrx_word' id='word_1_56' title='bbox 595 959 733 1000; x_wconf 90' lang='lat' dir='ltr'><strong>forum</strong></span> <span class='ocrx_word' id='word_1_57' title='bbox 755 960 1051 1000; x_wconf 85' lang='lat' dir='ltr'><strong>transvehere·</strong></span> 
     </span>
     <span class='ocr_line' id='line_1_12' title="bbox 173 1023 1051 1075; baseline -0.003 -10"><span class='ocrx_word' id='word_1_58' title='bbox 173 1031 244 1065; x_wconf 84' lang='lat' dir='ltr'><strong>tur</strong></span> <span class='ocrx_word' id='word_1_59' title='bbox 261 1024 495 1068; x_wconf 78' lang='lat' dir='ltr'><strong>membrum</strong></span> <span class='ocrx_word' id='word_1_60' title='bbox 525 1024 644 1073; x_wconf 88' lang='lat' dir='ltr'><strong>illud,</strong></span> <span class='ocrx_word' id='word_1_61' title='bbox 666 1024 749 1075; x_wconf 87' lang='lat' dir='ltr'><strong>cui,</strong></span> <span class='ocrx_word' id='word_1_62' title='bbox 769 1023 1051 1075; x_wconf 85' lang='lat' dir='ltr'><strong>inspectanti-</strong></span> 
     </span>
     <span class='ocr_line' id='line_1_13' title="bbox 142 1086 1051 1139; baseline -0.003 -10"><span class='ocrx_word' id='word_1_63' title='bbox 142 1101 151 1106; x_wconf 59' lang='lat'><em>*</em></span> <span class='ocrx_word' id='word_1_64' title='bbox 172 1088 250 1130; x_wconf 89' lang='lat' dir='ltr'><strong>bus</strong></span> <span class='ocrx_word' id='word_1_65' title='bbox 268 1087 480 1139; x_wconf 86' lang='lat' dir='ltr'><strong>omnibus,</strong></span> <span class='ocrx_word' id='word_1_66' title='bbox 509 1086 880 1127; x_wconf 80' lang='lat' dir='ltr'><strong>matremfamilias</strong></span> <span class='ocrx_word' id='word_1_67' title='bbox 899 1087 1051 1127; x_wconf 87' lang='lat' dir='ltr'><strong>hones-</strong></span> 
     </span>
     <span class='ocr_line' id='line_1_14' title="bbox 169 1152 1051 1203; baseline -0.001 -10"><span class='ocrx_word' id='word_1_68' title='bbox 169 1152 373 1193; x_wconf 79' lang='lat' dir='ltr'><strong>tissimam</strong></span> <span class='ocrx_word' id='word_1_69' title='bbox 392 1163 568 1192; x_wconf 84' lang='lat' dir='ltr'><strong>necesse</strong></span> <span class='ocrx_word' id='word_1_70' title='bbox 583 1157 677 1191; x_wconf 86' lang='lat' dir='ltr'><strong>erat</strong></span> <span class='ocrx_word' id='word_1_71' title='bbox 694 1152 915 1203; x_wconf 84' lang='lat' dir='ltr'><strong>imponere</strong></span> <span class='ocrx_word' id='word_1_72' title='bbox 929 1163 1051 1192; x_wconf 90' lang='lat' dir='ltr'><strong>coro-</strong></span> 
     </span>
     <span class='ocr_line' id='line_1_15' title="bbox 168 1214 1049 1266; baseline -0.002 -11"><span class='ocrx_word' id='word_1_73' title='bbox 168 1227 282 1255; x_wconf 85' lang='lat' dir='ltr'><strong>nam.</strong></span> <span class='ocrx_word' id='word_1_74' title='bbox 335 1215 406 1254; x_wconf 87' lang='lat' dir='ltr'><strong>Sic</strong></span> <span class='ocrx_word' id='word_1_75' title='bbox 446 1215 566 1254; x_wconf 85' lang='lat' dir='ltr'><strong>Deus</strong></span> <span class='ocrx_word' id='word_1_76' title='bbox 602 1215 674 1254; x_wconf 86' lang='lat' dir='ltr'><strong>ille</strong></span> <span class='ocrx_word' id='word_1_77' title='bbox 718 1214 1049 1266; x_wconf 79' lang='lat' dir='ltr'><strong>propitiabatur.</strong></span> 
     </span>
     <span class='ocr_line' id='line_1_16' title="bbox 168 1278 1047 1332; baseline -0.003 -13"><span class='ocrx_word' id='word_1_78' title='bbox 168 1279 314 1332; x_wconf 83' lang='lat' dir='ltr'><strong>Atque</strong></span> <span class='ocrx_word' id='word_1_79' title='bbox 334 1279 427 1319; x_wconf 81' lang='lat' dir='ltr'><strong>baec</strong></span> <span class='ocrx_word' id='word_1_80' title='bbox 447 1291 571 1319; x_wconf 86' lang='lat' dir='ltr'><strong>sacra</strong></span> <span class='ocrx_word' id='word_1_81' title='bbox 586 1278 735 1318; x_wconf 81' lang='lat' dir='ltr'><strong>Romae</strong></span> <span class='ocrx_word' id='word_1_82' title='bbox 753 1285 797 1318; x_wconf 88' lang='lat' dir='ltr'><strong>et</strong></span> <span class='ocrx_word' id='word_1_83' title='bbox 819 1290 893 1329; x_wconf 87' lang='lat' dir='ltr'><strong>per</strong></span> <span class='ocrx_word' id='word_1_84' title='bbox 913 1282 1047 1317; x_wconf 90' lang='lat' dir='ltr'><strong>totam</strong></span> 
     </span>
     <span class='ocr_line' id='line_1_17' title="bbox 168 1343 1048 1395; baseline -0.003 -12"><span class='ocrx_word' id='word_1_85' title='bbox 168 1343 339 1383; x_wconf 77' lang='lat' dir='ltr'><strong>Italiam</strong></span> <span class='ocrx_word' id='word_1_86' title='bbox 368 1343 517 1393; x_wconf 84' lang='lat' dir='ltr'><strong>vetita,</strong></span> <span class='ocrx_word' id='word_1_87' title='bbox 541 1343 616 1395; x_wconf 89' lang='lat' dir='ltr'><strong>Sp.</strong></span> <span class='ocrx_word' id='word_1_88' title='bbox 645 1343 912 1391; x_wconf 71' lang='lat' dir='ltr'><strong>Posfflumio,</strong></span> <span class='ocrx_word' id='word_1_89' title='bbox 929 1347 974 1381; x_wconf 85' lang='lat' dir='ltr'><strong>et</strong></span> <span class='ocrx_word' id='word_1_90' title='bbox 995 1343 1048 1384; x_wconf 83' lang='lat' dir='ltr'><strong>Q.</strong></span> 
     </span>
     <span class='ocr_line' id='line_1_18' title="bbox 165 1407 1048 1459; baseline -0.002 -12"><span class='ocrx_word' id='word_1_91' title='bbox 165 1407 333 1448; x_wconf 86' lang='lat' dir='ltr'><strong>Martio</strong></span> <span class='ocrx_word' id='word_1_92' title='bbox 354 1407 554 1459; x_wconf 76' lang='lat' dir='ltr'><strong>Phiiippo</strong></span> <span class='ocrx_word' id='word_1_93' title='bbox 572 1408 692 1446; x_wconf 82' lang='lat' dir='ltr'><strong>Coss.</strong></span> <span class='ocrx_word' id='word_1_94' title='bbox 726 1407 962 1458; x_wconf 76' lang='lat' dir='ltr'><strong>Progressa</strong></span> <span class='ocrx_word' id='word_1_95' title='bbox 980 1418 1048 1446; x_wconf 86' lang='lat' dir='ltr'><strong>ve-</strong></span> 
     </span>
     <span class='ocr_line' id='line_1_19' title="bbox 169 1470 1050 1522; baseline -0.002 -13"><span class='ocrx_word' id='word_1_96' title='bbox 169 1482 216 1510; x_wconf 88' lang='lat' dir='ltr'><strong>ro</strong></span> <span class='ocrx_word' id='word_1_97' title='bbox 235 1471 459 1522; x_wconf 86' lang='lat' dir='ltr'><strong>temporis,</strong></span> <span class='ocrx_word' id='word_1_98' title='bbox 475 1476 624 1522; x_wconf 85' lang='lat' dir='ltr'><strong>turpes</strong></span> <span class='ocrx_word' id='word_1_99' title='bbox 644 1475 690 1510; x_wconf 90' lang='lat' dir='ltr'><strong>et</strong></span> <span class='ocrx_word' id='word_1_100' title='bbox 707 1470 871 1509; x_wconf 88' lang='lat' dir='ltr'><strong>ociosas</strong></span> <span class='ocrx_word' id='word_1_101' title='bbox 901 1481 1050 1520; x_wconf 88' lang='lat' dir='ltr'><strong>super-</strong></span> 
     </span>
     <span class='ocr_line' id='line_1_20' title="bbox 167 1533 1047 1585; baseline -0.002 -13"><span class='ocrx_word' id='word_1_102' title='bbox 167 1534 382 1585; x_wconf 86' lang='lat' dir='ltr'><strong>stitiones,</strong></span> <span class='ocrx_word' id='word_1_103' title='bbox 397 1539 444 1574; x_wconf 88' lang='lat' dir='ltr'><strong>ut</strong></span> <span class='ocrx_word' id='word_1_104' title='bbox 455 1534 742 1573; x_wconf 85' lang='lat' dir='ltr'><strong>Tertullianus</strong></span> <span class='ocrx_word' id='word_1_105' title='bbox 762 1533 966 1584; x_wconf 89' lang='lat' dir='ltr'><strong>loquitur,</strong></span> <span class='ocrx_word' id='word_1_106' title='bbox 981 1544 1047 1571; x_wconf 94' lang='lat' dir='ltr'><strong>re-</strong></span> 
     </span>
     <span class='ocr_line' id='line_1_21' title="bbox 166 1596 1046 1647; baseline -0.005 -9"><span class='ocrx_word' id='word_1_107' title='bbox 166 1598 404 1639; x_wconf 84' lang='lat' dir='ltr'><strong>stituerunt</strong></span> <span class='ocrx_word' id='word_1_108' title='bbox 437 1596 634 1646; x_wconf 88' lang='lat' dir='ltr'><strong>Romani,</strong></span> <span class='ocrx_word' id='word_1_109' title='bbox 665 1596 881 1647; x_wconf 83' lang='lat' dir='ltr'><strong>abrogatis</strong></span> <span class='ocrx_word' id='word_1_110' title='bbox 902 1602 1046 1635; x_wconf 91' lang='lat' dir='ltr'><strong>tamen</strong></span> 
     </span>
     <span class='ocr_line' id='line_1_22' title="bbox 165 1659 1046 1713; baseline -0.001 -12"><span class='ocrx_word' id='word_1_111' title='bbox 165 1660 266 1707; x_wconf 81' lang='lat' dir='ltr'><strong>inis,</strong></span> <span class='ocrx_word' id='word_1_112' title='bbox 285 1673 380 1713; x_wconf 83' lang='lat' dir='ltr'><strong>quae</strong></span> <span class='ocrx_word' id='word_1_113' title='bbox 401 1660 571 1700; x_wconf 87' lang='lat' dir='ltr'><strong>nimiam</strong></span> <span class='ocrx_word' id='word_1_114' title='bbox 605 1664 651 1700; x_wconf 91' lang='lat' dir='ltr'><strong>et</strong></span> <span class='ocrx_word' id='word_1_115' title='bbox 684 1659 953 1711; x_wconf 86' lang='lat' dir='ltr'><strong>profligatam</strong></span> <span class='ocrx_word' id='word_1_116' title='bbox 974 1661 1046 1700; x_wconf 91' lang='lat' dir='ltr'><strong>ba-</strong></span> 
     </span>
     <span class='ocr_line' id='line_1_23' title="bbox 165 1723 1046 1776; baseline -0.002 -12"><span class='ocrx_word' id='word_1_117' title='bbox 165 1724 320 1764; x_wconf 88' lang='lat' dir='ltr'><strong>berent</strong></span> <span class='ocrx_word' id='word_1_118' title='bbox 342 1723 668 1776; x_wconf 86' lang='lat' dir='ltr'><strong>turpitudinem.</strong></span> <span class='ocrx_word' id='word_1_119' title='bbox 710 1723 822 1762; x_wconf 86' lang='lat' dir='ltr'><strong>Vide</strong></span> <span class='ocrx_word' id='word_1_120' title='bbox 843 1723 1046 1763; x_wconf 86' lang='lat' dir='ltr'><strong>Ovidium</strong></span> 
     </span>
     <span class='ocr_line' id='line_1_24' title="bbox 166 1785 1045 1837; baseline -0.001 -12"><span class='ocrx_word' id='word_1_121' title='bbox 166 1785 286 1825; x_wconf 78' lang='lat' dir='ltr'><strong>Fast.</strong></span> <span class='ocrx_word' id='word_1_122' title='bbox 322 1797 397 1826; x_wconf 85' lang='lat'>111.</span> <span class='ocrx_word' id='word_1_123' title='bbox 454 1785 552 1826; x_wconf 91' lang='lat' dir='ltr'><strong>Hoc</strong></span> <span class='ocrx_word' id='word_1_124' title='bbox 589 1786 683 1837; x_wconf 87' lang='lat' dir='ltr'><strong>ipso</strong></span> <span class='ocrx_word' id='word_1_125' title='bbox 714 1786 1045 1836; x_wconf 67' lang='lat' dir='ltr'><strong>praetereadie,</strong></span> 
     </span>
     <span class='ocr_line' id='line_1_25' title="bbox 167 1849 1045 1903; baseline 0.001 -13"><span class='ocrx_word' id='word_1_126' title='bbox 167 1863 251 1903; x_wconf 88' lang='lat' dir='ltr'><strong>quo</strong></span> <span class='ocrx_word' id='word_1_127' title='bbox 270 1851 432 1892; x_wconf 84' lang='lat' dir='ltr'><strong>Bacchi</strong></span> <span class='ocrx_word' id='word_1_128' title='bbox 459 1852 650 1892; x_wconf 83' lang='lat' dir='ltr'><strong>solennia</strong></span> <span class='ocrx_word' id='word_1_129' title='bbox 668 1849 847 1902; x_wconf 88' lang='lat' dir='ltr'><strong>fiebant,</strong></span> <span class='ocrx_word' id='word_1_130' title='bbox 860 1856 906 1891; x_wconf 83' lang='lat' dir='ltr'><strong>et</strong></span> <span class='ocrx_word' id='word_1_131' title='bbox 926 1857 1045 1891; x_wconf 86' lang='lat' dir='ltr'><strong>ante-</strong></span> 
     </span>
     <span class='ocr_line' id='line_1_26' title="bbox 166 1913 1045 1966; baseline 0.001 -12"><span class='ocrx_word' id='word_1_132' title='bbox 166 1913 351 1955; x_wconf 82' lang='lat' dir='ltr'><strong>cedente</strong></span> <span class='ocrx_word' id='word_1_133' title='bbox 381 1914 637 1965; x_wconf 77' lang='lat' dir='ltr'><strong>etiam‚‘cnm</strong></span> <span class='ocrx_word' id='word_1_134' title='bbox 658 1915 929 1966; x_wconf 84' lang='lat' dir='ltr'><strong>processione</strong></span> <span class='ocrx_word' id='word_1_135' title='bbox 950 1928 1045 1966; x_wconf 91' lang='lat' dir='ltr'><strong>per-</strong></span> 
     </span>
     <span class='ocr_line' id='line_1_27' title="bbox 165 1977 1044 2030; baseline 0 -12"><span class='ocrx_word' id='word_1_136' title='bbox 165 1977 328 2030; x_wconf 84' lang='lat' dir='ltr'><strong>gebant</strong></span> <span class='ocrx_word' id='word_1_137' title='bbox 345 1978 400 2018; x_wconf 90' lang='lat' dir='ltr'><strong>ad</strong></span> <span class='ocrx_word' id='word_1_138' title='bbox 421 1978 626 2030; x_wconf 90' lang='lat' dir='ltr'><strong>templum</strong></span> <span class='ocrx_word' id='word_1_139' title='bbox 656 1978 847 2018; x_wconf 88' lang='lat' dir='ltr'><strong>Castoris</strong></span> <span class='ocrx_word' id='word_1_140' title='bbox 877 1986 922 2018; x_wconf 87' lang='lat' dir='ltr'><strong>et</strong></span> <span class='ocrx_word' id='word_1_141' title='bbox 945 1979 1044 2018; x_wconf 91' lang='lat' dir='ltr'><strong>Pol-</strong></span> 
     </span>
     <span class='ocr_line' id='line_1_28' title="bbox 163 2041 1044 2094; baseline 0.002 -13"><span class='ocrx_word' id='word_1_142' title='bbox 163 2041 289 2094; x_wconf 90' lang='lat' dir='ltr'><strong>lucis,</strong></span> <span class='ocrx_word' id='word_1_143' title='bbox 325 2042 441 2094; x_wconf 88' lang='lat' dir='ltr'><strong>quod</strong></span> <span class='ocrx_word' id='word_1_144' title='bbox 476 2051 772 2082; x_wconf 89' lang='lat' dir='ltr'><strong>consecratum</strong></span> <span class='ocrx_word' id='word_1_145' title='bbox 810 2041 894 2082; x_wconf 86' lang='lat' dir='ltr'><strong>fuit</strong></span> <span class='ocrx_word' id='word_1_146' title='bbox 929 2044 1044 2094; x_wconf 89' lang='lat' dir='ltr'><strong>apud</strong></span> 
     </span>
     <span class='ocr_line' id='line_1_29' title="bbox 165 2106 1044 2160; baseline 0.001 -14"><span class='ocrx_word' id='word_1_147' title='bbox 165 2117 319 2158; x_wconf 77' lang='lat' dir='ltr'><strong>aquam</strong></span> <span class='ocrx_word' id='word_1_148' title='bbox 349 2106 596 2156; x_wconf 82' lang='lat' dir='ltr'><strong>Juturnam‚</strong></span> <span class='ocrx_word' id='word_1_149' title='bbox 633 2106 684 2145; x_wconf 90' lang='lat' dir='ltr'><strong>iis</strong></span> <span class='ocrx_word' id='word_1_150' title='bbox 718 2107 760 2145; x_wconf 91' lang='lat' dir='ltr'><strong>in</strong></span> <span class='ocrx_word' id='word_1_151' title='bbox 792 2107 918 2158; x_wconf 91' lang='lat' dir='ltr'><strong>locis,</strong></span> <span class='ocrx_word' id='word_1_152' title='bbox 949 2119 1044 2160; x_wconf 84' lang='lat' dir='ltr'><strong>quae</strong></span> 
     </span>
     <span class='ocr_line' id='line_1_30' title="bbox 163 2169 1044 2223; baseline 0.001 -13"><span class='ocrx_word' id='word_1_153' title='bbox 163 2170 382 2222; x_wconf 80' lang='lat' dir='ltr'><strong>appellata</strong></span> <span class='ocrx_word' id='word_1_154' title='bbox 415 2169 590 2211; x_wconf 82' lang='lat' dir='ltr'><strong>fuerunt</strong></span> <span class='ocrx_word' id='word_1_155' title='bbox 617 2170 776 2223; x_wconf 86' lang='lat' dir='ltr'><strong>Argea,</strong></span> <span class='ocrx_word' id='word_1_156' title='bbox 809 2171 918 2211; x_wconf 83' lang='lat' dir='ltr'><strong>sicut</strong></span> <span class='ocrx_word' id='word_1_157' title='bbox 939 2172 1044 2212; x_wconf 89' lang='lat' dir='ltr'><strong>Ovi-</strong></span> 
     </span>
     <span class='ocr_line' id='line_1_31' title="bbox 161 2233 1044 2287; baseline 0.001 -13"><span class='ocrx_word' id='word_1_158' title='bbox 161 2233 260 2274; x_wconf 82' lang='lat' dir='ltr'><strong>dius</strong></span> <span class='ocrx_word' id='word_1_159' title='bbox 295 2234 390 2275; x_wconf 84' lang='lat' dir='ltr'><strong>loco</strong></span> <span class='ocrx_word' id='word_1_160' title='bbox 418 2247 547 2287; x_wconf 88' lang='lat' dir='ltr'><strong>supra</strong></span> <span class='ocrx_word' id='word_1_161' title='bbox 583 2235 719 2275; x_wconf 89' lang='lat' dir='ltr'><strong>citato</strong></span> <span class='ocrx_word' id='word_1_162' title='bbox 755 2235 897 2276; x_wconf 88' lang='lat' dir='ltr'><strong>docet.</strong></span> <span class='ocrx_word' id='word_1_163' title='bbox 938 2236 1044 2286; x_wconf 84' lang='lat' dir='ltr'><strong>Hos-</strong></span> 
     </span>
     <span class='ocr_line' id='line_1_32' title="bbox 158 2297 314 2348; baseline 0.013 -12"><span class='ocrx_word' id='word_1_164' title='bbox 158 2297 314 2348; x_wconf 76' lang='lat' dir='ltr'><strong>pinian.</strong></span> 
     </span>
     <span class='ocr_line' id='line_1_33' title="bbox 207 2361 1044 2414; baseline 0.002 -14"><span class='ocrx_word' id='word_1_165' title='bbox 207 2361 502 2412; x_wconf 50' lang='lat' dir='ltr'><strong>Lutatium-a]</strong></span> <span class='ocrx_word' id='word_1_166' title='bbox 519 2362 711 2414; x_wconf 85' lang='lat' dir='ltr'><strong>Contigit</strong></span> <span class='ocrx_word' id='word_1_167' title='bbox 724 2362 775 2402; x_wconf 85' lang='lat' dir='ltr'><strong>A.</strong></span> <span class='ocrx_word' id='word_1_168' title='bbox 789 2364 843 2402; x_wconf 91' lang='lat' dir='ltr'><strong>U.</strong></span> <span class='ocrx_word' id='word_1_169' title='bbox 866 2373 1044 2402; x_wconf 80' lang='lat' dir='ltr'><strong>anvn.</strong></span> 
     </span>
     <span class='ocr_line' id='line_1_34' title="bbox 208 2423 1044 2476; baseline 0 -13"><span class='ocrx_word' id='word_1_170' title='bbox 208 2423 347 2464; x_wconf 72' lang='lat' dir='ltr'><strong>Sortes</strong></span> <span class='ocrx_word' id='word_1_171' title='bbox 359 2425 547 2464; x_wconf 77' lang='lat' dir='ltr'><strong>Fortunae</strong></span> <span class='ocrx_word' id='word_1_172' title='bbox 559 2425 833 2476; x_wconf 80' lang='lat' dir='ltr'><strong>Proenestinae]</strong></span> <span class='ocrx_word' id='word_1_173' title='bbox 853 2426 950 2464; x_wconf 73' lang='lat' dir='ltr'><strong>Illa!</strong></span> <span class='ocrx_word' id='word_1_174' title='bbox 961 2438 1044 2475; x_wconf 87' lang='lat' dir='ltr'><strong>um,</strong></span> 
     </span>
     <span class='ocr_line' id='line_1_35' title="bbox 163 2487 1044 2538; baseline 0.002 -12"><span class='ocrx_word' id='word_1_175' title='bbox 163 2497 261 2537; x_wconf 86' lang='lat' dir='ltr'><strong>quae</strong></span> <span class='ocrx_word' id='word_1_176' title='bbox 281 2499 372 2538; x_wconf 83' lang='lat' dir='ltr'><strong>prae</strong></span> <span class='ocrx_word' id='word_1_177' title='bbox 394 2487 568 2526; x_wconf 85' lang='lat' dir='ltr'><strong>caeteris</strong></span> <span class='ocrx_word' id='word_1_178' title='bbox 587 2488 875 2538; x_wconf 68' lang='lat' dir='ltr'><strong>nobilissimae,</strong></span> <span class='ocrx_word' id='word_1_179' title='bbox 891 2495 936 2529; x_wconf 90' lang='lat' dir='ltr'><strong>et</strong></span> <span class='ocrx_word' id='word_1_180' title='bbox 955 2489 1044 2528; x_wconf 90' lang='lat' dir='ltr'><strong>diu-</strong></span> 
     </span>
     <span class='ocr_line' id='line_1_36' title="bbox 160 2548 1043 2603; baseline 0.005 -16"><span class='ocrx_word' id='word_1_181' title='bbox 160 2548 324 2603; x_wconf 72' lang='lat' dir='ltr'><strong>¹tissime</strong></span> <span class='ocrx_word' id='word_1_182' title='bbox 351 2550 613 2600; x_wconf 89' lang='lat' dir='ltr'><strong>claruerunt,</strong></span> <span class='ocrx_word' id='word_1_183' title='bbox 643 2553 740 2591; x_wconf 89' lang='lat' dir='ltr'><strong>talis</strong></span> <span class='ocrx_word' id='word_1_184' title='bbox 773 2553 961 2592; x_wconf 81' lang='lat' dir='ltr'><strong>traditur</strong></span> <span class='ocrx_word' id='word_1_185' title='bbox 983 2553 1043 2591; x_wconf 91' lang='lat' dir='ltr'><strong>in-</strong></span> 
     </span>
     <span class='ocr_line' id='line_1_37' title="bbox 160 2611 1041 2666; baseline 0.005 -16"><span class='ocrx_word' id='word_1_186' title='bbox 160 2611 321 2651; x_wconf 85' lang='lat' dir='ltr'><strong>ventio.</strong></span> <span class='ocrx_word' id='word_1_187' title='bbox 378 2612 607 2653; x_wconf 89' lang='lat' dir='ltr'><strong>Numerius</strong></span> <span class='ocrx_word' id='word_1_188' title='bbox 656 2614 826 2666; x_wconf 86' lang='lat' dir='ltr'><strong>quidam</strong></span> <span class='ocrx_word' id='word_1_189' title='bbox 868 2613 1041 2665; x_wconf 89' lang='lat' dir='ltr'><strong>Suffius,</strong></span> 
     </span>
     <span class='ocr_line' id='line_1_38' title="bbox 159 2673 1039 2726; baseline 0.006 -13"><span class='ocrx_word' id='word_1_190' title='bbox 159 2673 363 2715; x_wconf 86' lang='lat' dir='ltr'><strong>honestus</strong></span> <span class='ocrx_word' id='word_1_191' title='bbox 377 2675 504 2717; x_wconf 88' lang='lat' dir='ltr'><strong>homo</strong></span> <span class='ocrx_word' id='word_1_192' title='bbox 520 2682 565 2716; x_wconf 83' lang='lat' dir='ltr'><strong>et</strong></span> <span class='ocrx_word' id='word_1_193' title='bbox 577 2677 742 2726; x_wconf 89' lang='lat' dir='ltr'><strong>nobilis,</strong></span> <span class='ocrx_word' id='word_1_194' title='bbox 753 2691 848 2719; x_wconf 88' lang='lat' dir='ltr'><strong>cum</strong></span> <span class='ocrx_word' id='word_1_195' title='bbox 863 2679 1039 2718; x_wconf 86' lang='lat' dir='ltr'><strong>somniis</strong></span> 
     </span>
     <span class='ocr_line' id='line_1_39' title="bbox 161 2737 1038 2789; baseline 0.006 -12"><span class='ocrx_word' id='word_1_196' title='bbox 161 2737 342 2789; x_wconf 83' lang='lat' dir='ltr'><strong>crebris,</strong></span> <span class='ocrx_word' id='word_1_197' title='bbox 363 2738 418 2778; x_wconf 86' lang='lat' dir='ltr'><strong>ad</strong></span> <span class='ocrx_word' id='word_1_198' title='bbox 433 2745 670 2780; x_wconf 82' lang='lat' dir='ltr'><strong>extremum</strong></span> <span class='ocrx_word' id='word_1_199' title='bbox 687 2743 817 2782; x_wconf 89' lang='lat' dir='ltr'><strong>etiam</strong></span> <span class='ocrx_word' id='word_1_200' title='bbox 838 2743 1038 2783; x_wconf 89' lang='lat' dir='ltr'><strong>minanti-</strong></span> 
     </span>
     <span class='ocr_line' id='line_1_40' title="bbox 158 2802 1038 2856; baseline 0.009 -13"><span class='ocrx_word' id='word_1_201' title='bbox 158 2802 240 2843; x_wconf 81' lang='lat' dir='ltr'><strong>bus</strong></span> <span class='ocrx_word' id='word_1_202' title='bbox 267 2804 496 2856; x_wconf 82' lang='lat' dir='ltr'><strong>juberetur</strong></span> <span class='ocrx_word' id='word_1_203' title='bbox 526 2813 648 2849; x_wconf 86' lang='lat' dir='ltr'><strong>certo</strong></span> <span class='ocrx_word' id='word_1_204' title='bbox 679 2808 721 2847; x_wconf 91' lang='lat' dir='ltr'><strong>in</strong></span> <span class='ocrx_word' id='word_1_205' title='bbox 749 2809 845 2850; x_wconf 83' lang='lat' dir='ltr'><strong>loco</strong></span> <span class='ocrx_word' id='word_1_206' title='bbox 867 2810 1038 2851; x_wconf 87' lang='lat' dir='ltr'><strong>silicem</strong></span> 
     </span>
     <span class='ocr_line' id='line_1_41' title="bbox 160 2865 1039 2921; baseline 0.01 -16"><span class='ocrx_word' id='word_1_207' title='bbox 160 2865 346 2917; x_wconf 61' lang='lat' dir='ltr'><strong>camere,</strong></span> <span class='ocrx_word' id='word_1_208' title='bbox 358 2869 614 2919; x_wconf 84' lang='lat' dir='ltr'><strong>perterritus</strong></span> <span class='ocrx_word' id='word_1_209' title='bbox 630 2870 745 2921; x_wconf 90' lang='lat' dir='ltr'><strong>visis,</strong></span> <span class='ocrx_word' id='word_1_210' title='bbox 762 2873 1039 2914; x_wconf 87' lang='lat' dir='ltr'><strong>irridentibus</strong></span> 
     </span>
     <span class='ocr_line' id='line_1_42' title="bbox 159 2928 1038 2986; baseline 0.011 -19"><span class='ocrx_word' id='word_1_211' title='bbox 159 2928 246 2968; x_wconf 86' lang='lat' dir='ltr'><strong>suis</strong></span> <span class='ocrx_word' id='word_1_212' title='bbox 264 2929 428 2970; x_wconf 84' lang='lat' dir='ltr'><strong>civibus</strong></span> <span class='ocrx_word' id='word_1_213' title='bbox 446 2931 488 2970; x_wconf 91' lang='lat' dir='ltr'><strong>id</strong></span> <span class='ocrx_word' id='word_1_214' title='bbox 507 2944 633 2983; x_wconf 84' lang='lat' dir='ltr'><strong>agere</strong></span> <span class='ocrx_word' id='word_1_215' title='bbox 652 2934 797 2986; x_wconf 88' lang='lat' dir='ltr'><strong>coepit.</strong></span> <span class='ocrx_word' id='word_1_216' title='bbox 834 2935 1038 2977; x_wconf 86' lang='lat' dir='ltr'><strong>Perfrac·</strong></span> 
     </span>
     <span class='ocr_line' id='line_1_43' title="bbox 155 2998 1041 3049; baseline 0.011 -18"><span class='ocrx_word' id='word_1_217' title='bbox 155 2998 206 3032; x_wconf 79' lang='lat' dir='ltr'><strong>to</strong></span> <span class='ocrx_word' id='word_1_218' title='bbox 216 3004 335 3043; x_wconf 84' lang='lat' dir='ltr'><strong>saxo,</strong></span> <span class='ocrx_word' id='word_1_219' title='bbox 345 3005 444 3033; x_wconf 85' lang='lat' dir='ltr'><strong>mox</strong></span> <span class='ocrx_word' id='word_1_220' title='bbox 452 3002 589 3035; x_wconf 90' lang='lat' dir='ltr'><strong>sortes</strong></span> <span class='ocrx_word' id='word_1_221' title='bbox 602 3003 853 3049; x_wconf 87' lang='lat' dir='ltr'><strong>eruperunt,</strong></span> <span class='ocrx_word' id='word_1_222' title='bbox 867 2999 907 3038; x_wconf 89' lang='lat' dir='ltr'><strong>in</strong></span> <span class='ocrx_word' id='word_1_223' title='bbox 919 3001 1041 3040; x_wconf 91' lang='lat' dir='ltr'><strong>robo-</strong></span> 
     </span>
     <span class='ocr_line' id='line_1_44' title="bbox 155 3058 1038 3112; baseline 0.008 -14"><span class='ocrx_word' id='word_1_224' title='bbox 155 3070 207 3099; x_wconf 75' lang='lat' dir='ltr'><strong>re</strong></span> <span class='ocrx_word' id='word_1_225' title='bbox 220 3058 447 3110; x_wconf 73' lang='lat' dir='ltr'><strong>insculptae</strong></span> <span class='ocrx_word' id='word_1_226' title='bbox 461 3061 696 3112; x_wconf 85' lang='lat' dir='ltr'><strong>priscarum</strong></span> <span class='ocrx_word' id='word_1_227' title='bbox 713 3064 952 3104; x_wconf 88' lang='lat' dir='ltr'><strong>litterarum</strong></span> <span class='ocrx_word' id='word_1_228' title='bbox 963 3077 1038 3105; x_wconf 90' lang='lat' dir='ltr'><strong>no·</strong></span> 
     </span>
     <span class='ocr_line' id='line_1_45' title="bbox 159 3122 1038 3182; baseline 0.008 -20"><span class='ocrx_word' id='word_1_229' title='bbox 159 3127 233 3163; x_wconf 77' lang='lat' dir='ltr'><strong>tae.</strong></span> <span class='ocrx_word' id='word_1_230' title='bbox 253 3122 298 3163; x_wconf 86' lang='lat' dir='ltr'><strong>Is</strong></span> <span class='ocrx_word' id='word_1_231' title='bbox 308 3128 454 3175; x_wconf 85' lang='lat' dir='ltr'><strong>postea</strong></span> <span class='ocrx_word' id='word_1_232' title='bbox 464 3125 580 3165; x_wconf 89' lang='lat' dir='ltr'><strong>locus</strong></span> <span class='ocrx_word' id='word_1_233' title='bbox 590 3131 739 3177; x_wconf 88' lang='lat' dir='ltr'><strong>septus</strong></span> <span class='ocrx_word' id='word_1_234' title='bbox 748 3127 944 3179; x_wconf 82' lang='lat' dir='ltr'><strong>religiose</strong></span> <span class='ocrx_word' id='word_1_235' title='bbox 955 3135 1038 3182; x_wconf 84' lang='lat' dir='ltr'><strong>est,</strong></span> 
     </span>
     <span class='ocr_line' id='line_1_46' title="bbox 151 3186 1035 3241; baseline 0.009 -17"><span class='ocrx_word' id='word_1_236' title='bbox 151 3191 338 3239; x_wconf 69' lang='lat' dir='ltr'><strong>propter</strong></span> <span class='ocrx_word' id='word_1_237' title='bbox 354 3186 475 3228; x_wconf 85' lang='lat' dir='ltr'><strong>Jovis</strong></span> <span class='ocrx_word' id='word_1_238' title='bbox 504 3189 643 3239; x_wconf 88' lang='lat' dir='ltr'><strong>pueri,</strong></span> <span class='ocrx_word' id='word_1_239' title='bbox 662 3189 733 3241; x_wconf 92' lang='lat' dir='ltr'><strong>qui</strong></span> <span class='ocrx_word' id='word_1_240' title='bbox 751 3191 920 3230; x_wconf 88' lang='lat' dir='ltr'><strong>lactens</strong></span> <span class='ocrx_word' id='word_1_241' title='bbox 939 3203 1035 3232; x_wconf 89' lang='lat' dir='ltr'><strong>cum</strong></span> 
     </span>
     <span class='ocr_line' id='line_1_47' title="bbox 156 3249 1036 3304; baseline 0.005 -13"><span class='ocrx_word' id='word_1_242' title='bbox 156 3249 328 3291; x_wconf 83' lang='lat' dir='ltr'><strong>Junone</strong></span> <span class='ocrx_word' id='word_1_243' title='bbox 357 3250 400 3289; x_wconf 92' lang='lat' dir='ltr'><strong>in</strong></span> <span class='ocrx_word' id='word_1_244' title='bbox 433 3252 593 3302; x_wconf 81' lang='lat' dir='ltr'><strong>gremio</strong></span> <span class='ocrx_word' id='word_1_245' title='bbox 625 3253 827 3293; x_wconf 85' lang='lat' dir='ltr'><strong>Fortunae</strong></span> <span class='ocrx_word' id='word_1_246' title='bbox 862 3255 1036 3304; x_wconf 83' lang='lat' dir='ltr'><strong>sedens,</strong></span> 
     </span>
     <span class='ocr_line' id='line_1_48' title="bbox 155 3315 1034 3365; baseline 0.009 -15"><span class='ocrx_word' id='word_1_247' title='bbox 155 3322 379 3351; x_wconf 80' lang='lat' dir='ltr'><strong>mammam</strong></span> <span class='ocrx_word' id='word_1_248' title='bbox 405 3318 635 3365; x_wconf 81' lang='lat' dir='ltr'><strong>appetens,</strong></span> <span class='ocrx_word' id='word_1_249' title='bbox 655 3315 897 3356; x_wconf 81' lang='lat' dir='ltr'><strong>castissime</strong></span> <span class='ocrx_word' id='word_1_250' title='bbox 920 3320 1034 3358; x_wconf 90' lang='lat' dir='ltr'><strong>cole-</strong></span> 
     </span>
     <span class='ocr_line' id='line_1_49' title="bbox 152 3374 1033 3432; baseline 0.007 -17"><span class='ocrx_word' id='word_1_251' title='bbox 152 3374 286 3416; x_wconf 79' lang='lat' dir='ltr'><strong>-batur</strong></span> <span class='ocrx_word' id='word_1_252' title='bbox 315 3387 341 3415; x_wconf 81' lang='lat' dir='ltr'><strong>a</strong></span> <span class='ocrx_word' id='word_1_253' title='bbox 367 3377 587 3416; x_wconf 88' lang='lat' dir='ltr'><strong>matribus.</strong></span> <span class='ocrx_word' id='word_1_254' title='bbox 642 3378 804 3418; x_wconf 88' lang='lat' dir='ltr'><strong>Eodem</strong></span> <span class='ocrx_word' id='word_1_255' title='bbox 839 3385 1033 3432; x_wconf 88' lang='lat' dir='ltr'><strong>tempore</strong></span> 
     </span>
     <span class='ocr_line' id='line_1_50' title="bbox 157 3437 1033 3492; baseline 0.011 -16"><span class='ocrx_word' id='word_1_256' title='bbox 157 3437 233 3477; x_wconf 89' lang='lat' dir='ltr'><strong>illo</strong></span> <span class='ocrx_word' id='word_1_257' title='bbox 258 3439 370 3490; x_wconf 90' lang='lat' dir='ltr'><strong>loco,</strong></span> <span class='ocrx_word' id='word_1_258' title='bbox 399 3440 470 3480; x_wconf 89' lang='lat' dir='ltr'><strong>ubi</strong></span> <span class='ocrx_word' id='word_1_259' title='bbox 500 3447 652 3492; x_wconf 82' lang='lat' dir='ltr'><strong>postea</strong></span> <span class='ocrx_word' id='word_1_260' title='bbox 686 3443 885 3484; x_wconf 81' lang='lat' dir='ltr'><strong>Fortuuae</strong></span> <span class='ocrx_word' id='word_1_261' title='bbox 917 3446 1033 3486; x_wconf 81' lang='lat' dir='ltr'><strong>aedes</strong></span> 
     </span>
     <span class='ocr_line' id='line_1_51' title="bbox 159 3497 1027 3559; baseline 0.013 -20"><span class='ocrx_word' id='word_1_262' title='bbox 159 3497 258 3554; x_wconf 81' lang='lat' dir='ltr'><strong>fuit,</strong></span> <span class='ocrx_word' id='word_1_263' title='bbox 292 3503 377 3543; x_wconf 88' lang='lat' dir='ltr'><strong>mel</strong></span> <span class='ocrx_word' id='word_1_264' title='bbox 405 3515 458 3543; x_wconf 85' lang='lat' dir='ltr'><strong>ex</strong></span> <span class='ocrx_word' id='word_1_265' title='bbox 486 3505 581 3544; x_wconf 89' lang='lat' dir='ltr'><strong>olea</strong></span> <span class='ocrx_word' id='word_1_266' title='bbox 607 3503 779 3547; x_wconf 84' lang='lat' dir='ltr'><strong>fluxisse</strong></span> <span class='ocrx_word' id='word_1_267' title='bbox 813 3508 1027 3559; x_wconf 86' lang='lat' dir='ltr'><strong>proditum</strong></span> 
     </span>
    </p>
   </div>
   <div class='ocr_carea' id='block_1_3' title="bbox 1892 255 2001 307">
    <p class='ocr_par' dir='ltr' id='par_1_3' title="bbox 1892 255 2001 307">
     <span class='ocr_line' id='line_1_52' title="bbox 1892 255 2001 307; baseline 0 -1"><span class='ocrx_word' id='word_1_268' title='bbox 1892 255 2001 307; x_wconf 84' lang='lat'><strong>939</strong></span> 
     </span>
    </p>
   </div>
   <div class='ocr_carea' id='block_1_4' title="bbox 1108 383 2002 1588">
    <p class='ocr_par' dir='ltr' id='par_1_4' title="bbox 1111 383 2002 1127">
     <span class='ocr_line' id='line_1_53' title="bbox 1118 383 2001 438; baseline -0.001 -12"><span class='ocrx_word' id='word_1_269' title='bbox 1118 393 1199 437; x_wconf 83' lang='lat' dir='ltr'><strong>est,</strong></span> <span class='ocrx_word' id='word_1_270' title='bbox 1216 386 1519 438; x_wconf 85' lang='lat' dir='ltr'><strong>aruspicesque</strong></span> <span class='ocrx_word' id='word_1_271' title='bbox 1549 383 1723 433; x_wconf 84' lang='lat' dir='ltr'><strong>dixisse,</strong></span> <span class='ocrx_word' id='word_1_272' title='bbox 1744 396 1908 425; x_wconf 86' lang='lat' dir='ltr'><strong>summa</strong></span> <span class='ocrx_word' id='word_1_273' title='bbox 1927 397 2001 425; x_wconf 91' lang='lat' dir='ltr'><strong>no-</strong></span> 
     </span>
     <span class='ocr_line' id='line_1_54' title="bbox 1119 446 2001 500; baseline -0.001 -11"><span class='ocrx_word' id='word_1_274' title='bbox 1119 451 1288 489; x_wconf 86' lang='lat' dir='ltr'><strong>bilitate</strong></span> <span class='ocrx_word' id='word_1_275' title='bbox 1308 450 1399 489; x_wconf 90' lang='lat' dir='ltr'><strong>illas</strong></span> <span class='ocrx_word' id='word_1_276' title='bbox 1416 454 1551 488; x_wconf 88' lang='lat' dir='ltr'><strong>sortes</strong></span> <span class='ocrx_word' id='word_1_277' title='bbox 1568 446 1751 497; x_wconf 75' lang='lat' dir='ltr'><strong>futuras,</strong></span> <span class='ocrx_word' id='word_1_278' title='bbox 1771 459 2001 500; x_wconf 85' lang='lat' dir='ltr'><strong>eorumque</strong></span> 
     </span>
     <span class='ocr_line' id='line_1_55' title="bbox 1111 509 2000 565; baseline -0.002 -12"><span class='ocrx_word' id='word_1_279' title='bbox 1111 514 1234 565; x_wconf 87' lang='lat' dir='ltr'><strong>jussu</strong></span> <span class='ocrx_word' id='word_1_280' title='bbox 1252 527 1304 553; x_wconf 88' lang='lat' dir='ltr'><strong>ex</strong></span> <span class='ocrx_word' id='word_1_281' title='bbox 1327 513 1504 552; x_wconf 83' lang='lat' dir='ltr'><strong>oleailla</strong></span> <span class='ocrx_word' id='word_1_282' title='bbox 1517 524 1660 552; x_wconf 79' lang='lat' dir='ltr'><strong>arcam</strong></span> <span class='ocrx_word' id='word_1_283' title='bbox 1672 509 1844 563; x_wconf 84' lang='lat' dir='ltr'><strong>factam,</strong></span> <span class='ocrx_word' id='word_1_284' title='bbox 1866 523 2000 564; x_wconf 89' lang='lat' dir='ltr'><strong>eaque</strong></span> 
     </span>
     <span class='ocr_line' id='line_1_56' title="bbox 1117 576 2002 628; baseline -0.003 -12"><span class='ocrx_word' id='word_1_285' title='bbox 1117 577 1312 616; x_wconf 89' lang='lat' dir='ltr'><strong>conditas</strong></span> <span class='ocrx_word' id='word_1_286' title='bbox 1327 585 1484 626; x_wconf 87' lang='lat' dir='ltr'><strong>sortes,</strong></span> <span class='ocrx_word' id='word_1_287' title='bbox 1503 588 1595 628; x_wconf 86' lang='lat' dir='ltr'><strong>quae</strong></span> <span class='ocrx_word' id='word_1_288' title='bbox 1615 576 1813 614; x_wconf 84' lang='lat' dir='ltr'><strong>Fortunae</strong></span> <span class='ocrx_word' id='word_1_289' title='bbox 1834 576 2002 614; x_wconf 87' lang='lat' dir='ltr'><strong>monitu</strong></span> 
     </span>
     <span class='ocr_line' id='line_1_57' title="bbox 1117 638 2000 690; baseline -0.002 -12"><span class='ocrx_word' id='word_1_290' title='bbox 1117 639 1294 678; x_wconf 82' lang='lat' dir='ltr'><strong>sublatae</strong></span> <span class='ocrx_word' id='word_1_291' title='bbox 1315 647 1429 678; x_wconf 87' lang='lat' dir='ltr'><strong>sunt.</strong></span> <span class='ocrx_word' id='word_1_292' title='bbox 1476 639 1759 690; x_wconf 86' lang='lat' dir='ltr'><strong>Disposuerat</strong></span> <span class='ocrx_word' id='word_1_293' title='bbox 1779 650 1851 677; x_wconf 85' lang='lat' dir='ltr'><strong>eas</strong></span> <span class='ocrx_word' id='word_1_294' title='bbox 1869 638 1911 677; x_wconf 92' lang='lat' dir='ltr'><strong>in</strong></span> <span class='ocrx_word' id='word_1_295' title='bbox 1927 649 2000 677; x_wconf 89' lang='lat' dir='ltr'><strong>ex·</strong></span> 
     </span>
     <span class='ocr_line' id='line_1_58' title="bbox 1117 699 2000 752; baseline -0.003 -10"><span class='ocrx_word' id='word_1_296' title='bbox 1117 708 1312 742; x_wconf 88' lang='lat' dir='ltr'><strong>cavatam</strong></span> <span class='ocrx_word' id='word_1_297' title='bbox 1352 703 1590 742; x_wconf 88' lang='lat' dir='ltr'><strong>columnam</strong></span> <span class='ocrx_word' id='word_1_298' title='bbox 1630 701 1846 752; x_wconf 86' lang='lat' dir='ltr'><strong>inventor,</strong></span> <span class='ocrx_word' id='word_1_299' title='bbox 1885 699 2000 740; x_wconf 88' lang='lat' dir='ltr'><strong>unde</strong></span> 
     </span>
     <span class='ocr_line' id='line_1_59' title="bbox 1117 765 2001 818; baseline -0.002 -12"><span class='ocrx_word' id='word_1_300' title='bbox 1117 766 1342 818; x_wconf 86' lang='lat' dir='ltr'><strong>quotannis</strong></span> <span class='ocrx_word' id='word_1_301' title='bbox 1362 766 1568 805; x_wconf 80' lang='lat' dir='ltr'><strong>Kalendis</strong></span> <span class='ocrx_word' id='word_1_302' title='bbox 1588 765 1818 816; x_wconf 84' lang='lat' dir='ltr'><strong>Januariis,</strong></span> <span class='ocrx_word' id='word_1_303' title='bbox 1846 777 2001 816; x_wconf 83' lang='lat' dir='ltr'><strong>magna</strong></span> 
     </span>
     <span class='ocr_line' id='line_1_60' title="bbox 1117 829 2001 882; baseline -0.002 -12"><span class='ocrx_word' id='word_1_304' title='bbox 1117 830 1375 870; x_wconf 88' lang='lat' dir='ltr'><strong>celebritate</strong></span> <span class='ocrx_word' id='word_1_305' title='bbox 1409 829 1694 880; x_wconf 85' lang='lat' dir='ltr'><strong>eximebatur,</strong></span> <span class='ocrx_word' id='word_1_306' title='bbox 1730 842 1883 882; x_wconf 87' lang='lat' dir='ltr'><strong>eaque,</strong></span> <span class='ocrx_word' id='word_1_307' title='bbox 1916 841 2001 882; x_wconf 71' lang='lat' dir='ltr'><strong>«lira</strong></span> 
     </span>
     <span class='ocr_line' id='line_1_61' title="bbox 1117 893 2001 945; baseline -0.001 -12"><span class='ocrx_word' id='word_1_308' title='bbox 1117 893 1286 934; x_wconf 86' lang='lat' dir='ltr'><strong>eductae</strong></span> <span class='ocrx_word' id='word_1_309' title='bbox 1315 900 1438 934; x_wconf 82' lang='lat' dir='ltr'><strong>erant</strong></span> <span class='ocrx_word' id='word_1_310' title='bbox 1461 893 1588 941; x_wconf 86' lang='lat' dir='ltr'><strong>serie,</strong></span> <span class='ocrx_word' id='word_1_311' title='bbox 1613 894 1797 945; x_wconf 87' lang='lat' dir='ltr'><strong>junctae,</strong></span> <span class='ocrx_word' id='word_1_312' title='bbox 1830 893 2001 945; x_wconf 86' lang='lat' dir='ltr'><strong>integra</strong></span> 
     </span>
     <span class='ocr_line' id='line_1_62' title="bbox 1117 955 1998 1010; baseline -0.003 -12"><span class='ocrx_word' id='word_1_313' title='bbox 1117 970 1326 1010; x_wconf 87' lang='lat' dir='ltr'><strong>responsa</strong></span> <span class='ocrx_word' id='word_1_314' title='bbox 1364 957 1658 1008; x_wconf 88' lang='lat' dir='ltr'><strong>absolvebant,</strong></span> <span class='ocrx_word' id='word_1_315' title='bbox 1690 969 1785 1008; x_wconf 85' lang='lat' dir='ltr'><strong>quae</strong></span> <span class='ocrx_word' id='word_1_316' title='bbox 1817 955 1998 996; x_wconf 87' lang='lat' dir='ltr'><strong>Oraculi</strong></span> 
     </span>
     <span class='ocr_line' id='line_1_63' title="bbox 1117 1019 1999 1072; baseline -0.001 -12"><span class='ocrx_word' id='word_1_317' title='bbox 1117 1021 1200 1061; x_wconf 89' lang='lat' dir='ltr'><strong>vim</strong></span> <span class='ocrx_word' id='word_1_318' title='bbox 1230 1021 1386 1060; x_wconf 85' lang='lat' dir='ltr'><strong>habere</strong></span> <span class='ocrx_word' id='word_1_319' title='bbox 1419 1020 1697 1072; x_wconf 85' lang='lat' dir='ltr'><strong>putabantur.</strong></span> <span class='ocrx_word' id='word_1_320' title='bbox 1753 1019 1865 1059; x_wconf 92' lang='lat' dir='ltr'><strong>Vide</strong></span> <span class='ocrx_word' id='word_1_321' title='bbox 1887 1019 1999 1059; x_wconf 84' lang='lat' dir='ltr'><strong>Peu-</strong></span> 
     </span>
     <span class='ocr_line' id='line_1_64' title="bbox 1115 1086 1485 1127; baseline -0.005 0"><span class='ocrx_word' id='word_1_322' title='bbox 1115 1099 1200 1127; x_wconf 91' lang='lat' dir='ltr'><strong>cer.</strong></span> <span class='ocrx_word' id='word_1_323' title='bbox 1217 1087 1270 1126; x_wconf 88' lang='lat' dir='ltr'><strong>de</strong></span> <span class='ocrx_word' id='word_1_324' title='bbox 1290 1086 1485 1126; x_wconf 89' lang='lat' dir='ltr'><strong>Divinat.</strong></span> 
     </span>
    </p>

    <p class='ocr_par' dir='ltr' id='par_1_5' title="bbox 1114 1149 1999 1386">
     <span class='ocr_line' id='line_1_65' title="bbox 1169 1149 1997 1203; baseline -0.001 -13"><span class='ocrx_word' id='word_1_325' title='bbox 1169 1151 1191 1202; x_wconf 53' lang='grc' dir='ltr'>ᾧ</span> <span class='ocrx_word' id='word_1_326' title='bbox 1219 1154 1245 1190; x_wconf 86' lang='grc'>2</span> <span class='ocrx_word' id='word_1_327' title='bbox 1276 1150 1502 1203; x_wconf 79' lang='lat' dir='ltr'><strong>Hispallus]</strong></span> <span class='ocrx_word' id='word_1_328' title='bbox 1533 1150 1626 1190; x_wconf 88' lang='lat' dir='ltr'><strong>Lib.</strong></span> <span class='ocrx_word' id='word_1_329' title='bbox 1653 1150 1768 1189; x_wconf 91' lang='lat' dir='ltr'><strong>Dan.</strong></span> <span class='ocrx_word' id='word_1_330' title='bbox 1789 1149 1997 1202; x_wconf 80' lang='lat' dir='ltr'><strong>Hispalus.</strong></span> 
     </span>
     <span class='ocr_line' id='line_1_66' title="bbox 1116 1215 1999 1269; baseline -0.001 -13"><span class='ocrx_word' id='word_1_331' title='bbox 1116 1217 1282 1256; x_wconf 85' lang='lat' dir='ltr'><strong>Nomen</strong></span> <span class='ocrx_word' id='word_1_332' title='bbox 1304 1218 1441 1269; x_wconf 84' lang='lat' dir='ltr'><strong>ipsum</strong></span> <span class='ocrx_word' id='word_1_333' title='bbox 1464 1216 1665 1256; x_wconf 90' lang='lat' dir='ltr'><strong>Cornelii.</strong></span> <span class='ocrx_word' id='word_1_334' title='bbox 1714 1215 1877 1255; x_wconf 89' lang='lat' dir='ltr'><strong>Tabula</strong></span> <span class='ocrx_word' id='word_1_335' title='bbox 1917 1216 1999 1255; x_wconf 90' lang='lat' dir='ltr'><strong>Ca-</strong></span> 
     </span>
     <span class='ocr_line' id='line_1_67' title="bbox 1115 1281 1997 1332; baseline -0.001 -12"><span class='ocrx_word' id='word_1_336' title='bbox 1115 1281 1320 1332; x_wconf 87' lang='lat' dir='ltr'><strong>pitolina:</strong></span> <span class='ocrx_word' id='word_1_337' title='bbox 1352 1282 1434 1321; x_wconf 77' lang='lat' dir='ltr'><strong>CN.</strong></span> <span class='ocrx_word' id='word_1_338' title='bbox 1457 1281 1722 1321; x_wconf 60' lang='lat' dir='ltr'><strong>Comminus</strong></span> <span class='ocrx_word' id='word_1_339' title='bbox 1749 1290 1787 1321; x_wconf 83' lang='lat' dir='ltr'><strong>L.</strong></span> <span class='ocrx_word' id='word_1_340' title='bbox 1811 1287 1851 1320; x_wconf 70' lang='lat' dir='ltr'><strong>F.</strong></span> <span class='ocrx_word' id='word_1_341' title='bbox 1884 1290 1921 1320; x_wconf 85' lang='lat' dir='ltr'><strong>L.</strong></span> <span class='ocrx_word' id='word_1_342' title='bbox 1954 1291 1997 1320; x_wconf 84' lang='lat' dir='ltr'><strong>N.</strong></span> 
     </span>
     <span class='ocr_line' id='line_1_68' title="bbox 1114 1345 1695 1386; baseline 0.003 -2"><span class='ocrx_word' id='word_1_343' title='bbox 1114 1345 1272 1384; x_wconf 73' lang='lat' dir='ltr'><strong>Scipio</strong></span> <span class='ocrx_word' id='word_1_344' title='bbox 1293 1345 1534 1385; x_wconf 68' lang='lat' dir='ltr'><strong>Hismms.</strong></span> <span class='ocrx_word' id='word_1_345' title='bbox 1567 1345 1695 1386; x_wconf 77' lang='lat' dir='ltr'><strong>Celer.</strong></span> 
     </span>
    </p>

    <p class='ocr_par' dir='ltr' id='par_1_6' title="bbox 1108 1408 1998 1588">
     <span class='ocr_line' id='line_1_69' title="bbox 1108 1408 1997 1465; baseline -0.002 -16"><span class='ocrx_word' id='word_1_346' title='bbox 1108 1460 1116 1465; x_wconf 25' lang='lat' dir='ltr'><em>f</em></span> <span class='ocrx_word' id='word_1_347' title='bbox 1171 1409 1394 1460; x_wconf 79' lang='lat' dir='ltr'><strong>Chaldaeos]</strong></span> <span class='ocrx_word' id='word_1_348' title='bbox 1410 1409 1462 1449; x_wconf 90' lang='lat' dir='ltr'><strong>Id</strong></span> <span class='ocrx_word' id='word_1_349' title='bbox 1476 1414 1558 1460; x_wconf 87' lang='lat' dir='ltr'><strong>est,</strong></span> <span class='ocrx_word' id='word_1_350' title='bbox 1573 1408 1843 1460; x_wconf 80' lang='lat' dir='ltr'><strong>Astrologos,</strong></span> <span class='ocrx_word' id='word_1_351' title='bbox 1865 1420 1917 1448; x_wconf 86' lang='lat' dir='ltr'><strong>ex</strong></span> <span class='ocrx_word' id='word_1_352' title='bbox 1932 1420 1997 1447; x_wconf 88' lang='lat' dir='ltr'><strong>as-</strong></span> 
     </span>
     <span class='ocr_line' id='line_1_70' title="bbox 1116 1471 1998 1525; baseline 0.003 -15"><span class='ocrx_word' id='word_1_353' title='bbox 1116 1477 1278 1513; x_wconf 86' lang='lat' dir='ltr'><strong>trorum</strong></span> <span class='ocrx_word' id='word_1_354' title='bbox 1303 1474 1545 1525; x_wconf 88' lang='lat' dir='ltr'><strong>horoscopo</strong></span> <span class='ocrx_word' id='word_1_355' title='bbox 1561 1471 1706 1512; x_wconf 88' lang='lat' dir='ltr'><strong>futura</strong></span> <span class='ocrx_word' id='word_1_356' title='bbox 1728 1472 1998 1524; x_wconf 83' lang='lat' dir='ltr'><strong>judicantes.</strong></span> 
     </span>
     <span class='ocr_line' id='line_1_71' title="bbox 1112 1535 1996 1588; baseline 0 -12"><span class='ocrx_word' id='word_1_357' title='bbox 1112 1537 1200 1576; x_wconf 88' lang='lat' dir='ltr'><strong>Per</strong></span> <span class='ocrx_word' id='word_1_358' title='bbox 1218 1537 1446 1577; x_wconf 75' lang='lat' dir='ltr'><strong>Chaldaeos</strong></span> <span class='ocrx_word' id='word_1_359' title='bbox 1468 1543 1611 1577; x_wconf 82' lang='lat' dir='ltr'><strong>autem</strong></span> <span class='ocrx_word' id='word_1_360' title='bbox 1642 1535 1808 1588; x_wconf 85' lang='lat' dir='ltr'><strong>Assyrii</strong></span> <span class='ocrx_word' id='word_1_361' title='bbox 1835 1537 1996 1576; x_wconf 83' lang='lat' dir='ltr'><strong>intelli-</strong></span> 
     </span>
    </p>
   </div>
   <div class='ocr_carea' id='block_1_5' title="bbox 1082 1599 1997 1652">
    <p class='ocr_par' dir='ltr' id='par_1_7' title="bbox 1082 1599 1997 1652">
     <span class='ocr_line' id='line_1_72' title="bbox 1082 1599 1997 1652; baseline -0.001 -13"><span class='ocrx_word' id='word_1_362' title='bbox 1082 1615 1087 1618; x_wconf 96' lang='lat'>·</span> <span class='ocrx_word' id='word_1_363' title='bbox 1112 1606 1272 1651; x_wconf 85' lang='lat' dir='ltr'><strong>guntur</strong></span> <span class='ocrx_word' id='word_1_364' title='bbox 1301 1601 1367 1639; x_wconf 87' lang='lat' dir='ltr'><strong>vel</strong></span> <span class='ocrx_word' id='word_1_365' title='bbox 1405 1600 1646 1652; x_wconf 85' lang='lat' dir='ltr'><strong>Babylonii.</strong></span> <span class='ocrx_word' id='word_1_366' title='bbox 1701 1600 1752 1640; x_wconf 87' lang='lat' dir='ltr'><strong>In</strong></span> <span class='ocrx_word' id='word_1_367' title='bbox 1779 1599 1997 1640; x_wconf 86' lang='lat' dir='ltr'><strong>Graeciam</strong></span> 
     </span>
    </p>
   </div>
   <div class='ocr_carea' id='block_1_6' title="bbox 1095 1663 1996 3559">
    <p class='ocr_par' dir='ltr' id='par_1_8' title="bbox 1112 1663 1950 1714">
     <span class='ocr_line' id='line_1_73' title="bbox 1112 1663 1950 1714; baseline -0.001 -12"><span class='ocrx_word' id='word_1_368' title='bbox 1112 1663 1272 1714; x_wconf 87' lang='lat' dir='ltr'><strong>primus</strong></span> <span class='ocrx_word' id='word_1_369' title='bbox 1293 1663 1405 1703; x_wconf 88' lang='lat' dir='ltr'><strong>illam</strong></span> <span class='ocrx_word' id='word_1_370' title='bbox 1427 1669 1562 1703; x_wconf 88' lang='lat' dir='ltr'><strong>artem</strong></span> <span class='ocrx_word' id='word_1_371' title='bbox 1586 1664 1771 1702; x_wconf 83' lang='lat' dir='ltr'><strong>Berosus</strong></span> <span class='ocrx_word' id='word_1_372' title='bbox 1789 1663 1950 1701; x_wconf 88' lang='lat' dir='ltr'><strong>attulit.</strong></span> 
     </span>
    </p>

    <p class='ocr_par' dir='ltr' id='par_1_9' title="bbox 1112 1725 1993 1843">
     <span class='ocr_line' id='line_1_74' title="bbox 1163 1725 1993 1778; baseline -0.001 -13"><span class='ocrx_word' id='word_1_373' title='bbox 1163 1725 1333 1766; x_wconf 80' lang='lat' dir='ltr'><strong>Levibus</strong></span> <span class='ocrx_word' id='word_1_374' title='bbox 1367 1726 1557 1777; x_wconf 79' lang='lat' dir='ltr'><strong>ingeniis]</strong></span> <span class='ocrx_word' id='word_1_375' title='bbox 1586 1727 1738 1778; x_wconf 87' lang='lat' dir='ltr'><strong>Vulgi:</strong></span> <span class='ocrx_word' id='word_1_376' title='bbox 1771 1725 1993 1778; x_wconf 88' lang='lat' dir='ltr'><strong>prudenti-</strong></span> 
     </span>
     <span class='ocr_line' id='line_1_75' title="bbox 1112 1789 1949 1843; baseline 0.002 -15"><span class='ocrx_word' id='word_1_377' title='bbox 1112 1789 1191 1829; x_wconf 90' lang='lat' dir='ltr'><strong>bus</strong></span> <span class='ocrx_word' id='word_1_378' title='bbox 1212 1791 1323 1830; x_wconf 91' lang='lat' dir='ltr'><strong>enim</strong></span> <span class='ocrx_word' id='word_1_379' title='bbox 1345 1803 1428 1830; x_wconf 90' lang='lat' dir='ltr'><strong>non</strong></span> <span class='ocrx_word' id='word_1_380' title='bbox 1451 1796 1652 1842; x_wconf 84' lang='lat' dir='ltr'><strong>poterant</strong></span> <span class='ocrx_word' id='word_1_381' title='bbox 1672 1790 1949 1843; x_wconf 78' lang='lat' dir='ltr'><strong>persuadere.</strong></span> 
     </span>
    </p>

    <p class='ocr_par' dir='ltr' id='par_1_10' title="bbox 1105 1852 1996 2349">
     <span class='ocr_line' id='line_1_76' title="bbox 1162 1852 1994 1906; baseline 0 -13"><span class='ocrx_word' id='word_1_382' title='bbox 1162 1854 1346 1894; x_wconf 85' lang='lat' dir='ltr'><strong>Siderum</strong></span> <span class='ocrx_word' id='word_1_383' title='bbox 1367 1854 1707 1906; x_wconf 75' lang='lat' dir='ltr'><strong>interpretatione]</strong></span> <span class='ocrx_word' id='word_1_384' title='bbox 1737 1854 1905 1893; x_wconf 89' lang='lat' dir='ltr'><strong>Cuncta</strong></span> <span class='ocrx_word' id='word_1_385' title='bbox 1921 1852 1994 1893; x_wconf 86' lang='lat' dir='ltr'><strong>ad-</strong></span> 
     </span>
     <span class='ocr_line' id='line_1_77' title="bbox 1109 1917 1995 1960; baseline -0.001 -3"><span class='ocrx_word' id='word_1_386' title='bbox 1109 1919 1280 1960; x_wconf 91' lang='lat' dir='ltr'><strong>modum</strong></span> <span class='ocrx_word' id='word_1_387' title='bbox 1302 1918 1394 1959; x_wconf 89' lang='lat' dir='ltr'><strong>fata</strong></span> <span class='ocrx_word' id='word_1_388' title='bbox 1416 1919 1607 1959; x_wconf 80' lang='lat' dir='ltr'><strong>Chaldaei</strong></span> <span class='ocrx_word' id='word_1_389' title='bbox 1623 1930 1677 1958; x_wconf 87' lang='lat' dir='ltr'><strong>ex</strong></span> <span class='ocrx_word' id='word_1_390' title='bbox 1693 1917 1995 1958; x_wconf 88' lang='lat' dir='ltr'><strong>commentitiis</strong></span> 
     </span>
     <span class='ocr_line' id='line_1_78' title="bbox 1109 1981 1994 2034; baseline -0.001 -14"><span class='ocrx_word' id='word_1_391' title='bbox 1109 1982 1207 2021; x_wconf 83' lang='lat' dir='ltr'><strong>coeli</strong></span> <span class='ocrx_word' id='word_1_392' title='bbox 1225 1984 1358 2034; x_wconf 85' lang='lat' dir='ltr'><strong>signis</strong></span> <span class='ocrx_word' id='word_1_393' title='bbox 1378 1982 1603 2022; x_wconf 86' lang='lat' dir='ltr'><strong>eruebant.</strong></span> <span class='ocrx_word' id='word_1_394' title='bbox 1661 1981 1818 2033; x_wconf 84' lang='lat' dir='ltr'><strong>Itaque</strong></span> <span class='ocrx_word' id='word_1_395' title='bbox 1841 1981 1994 2020; x_wconf 89' lang='lat' dir='ltr'><strong>coelum</strong></span> 
     </span>
     <span class='ocr_line' id='line_1_79' title="bbox 1107 2041 1996 2084; baseline -0.002 -1"><span class='ocrx_word' id='word_1_396' title='bbox 1107 2043 1297 2084; x_wconf 84' lang='lat' dir='ltr'><strong>fatalium</strong></span> <span class='ocrx_word' id='word_1_397' title='bbox 1349 2057 1488 2084; x_wconf 83' lang='lat' dir='ltr'><strong>rerum</strong></span> <span class='ocrx_word' id='word_1_398' title='bbox 1527 2043 1662 2084; x_wconf 86' lang='lat' dir='ltr'><strong>veluti</strong></span> <span class='ocrx_word' id='word_1_399' title='bbox 1701 2043 1864 2083; x_wconf 84' lang='lat' dir='ltr'><strong>tabula.</strong></span> <span class='ocrx_word' id='word_1_400' title='bbox 1922 2041 1996 2082; x_wconf 83' lang='lat' dir='ltr'><strong>Ita</strong></span> 
     </span>
     <span class='ocr_line' id='line_1_80' title="bbox 1108 2105 1994 2149; baseline -0.006 0"><span class='ocrx_word' id='word_1_401' title='bbox 1108 2115 1225 2149; x_wconf 86' lang='lat' dir='ltr'><strong>astra</strong></span> <span class='ocrx_word' id='word_1_402' title='bbox 1243 2109 1476 2149; x_wconf 86' lang='lat' dir='ltr'><strong>liberrimae</strong></span> <span class='ocrx_word' id='word_1_403' title='bbox 1507 2113 1665 2147; x_wconf 73' lang='lat' dir='ltr'><strong>nostrae</strong></span> <span class='ocrx_word' id='word_1_404' title='bbox 1686 2105 1897 2146; x_wconf 83' lang='lat' dir='ltr'><strong>voluntati</strong></span> <span class='ocrx_word' id='word_1_405' title='bbox 1917 2105 1994 2145; x_wconf 91' lang='lat' dir='ltr'><strong>im-</strong></span> 
     </span>
     <span class='ocr_line' id='line_1_81' title="bbox 1105 2169 1991 2223; baseline -0.003 -11"><span class='ocrx_word' id='word_1_406' title='bbox 1105 2173 1334 2223; x_wconf 89' lang='lat' dir='ltr'><strong>perabant.</strong></span> <span class='ocrx_word' id='word_1_407' title='bbox 1366 2172 1481 2212; x_wconf 90' lang='lat' dir='ltr'><strong>Vide</strong></span> <span class='ocrx_word' id='word_1_408' title='bbox 1501 2177 1546 2212; x_wconf 90' lang='lat' dir='ltr'><strong>et</strong></span> <span class='ocrx_word' id='word_1_409' title='bbox 1567 2169 1789 2212; x_wconf 83' lang='lat' dir='ltr'><strong>Gaffarell.</strong></span> <span class='ocrx_word' id='word_1_410' title='bbox 1817 2170 1871 2209; x_wconf 85' lang='lat' dir='ltr'><strong>de</strong></span> <span class='ocrx_word' id='word_1_411' title='bbox 1905 2169 1991 2209; x_wconf 90' lang='lat' dir='ltr'><strong>Lit.</strong></span> 
     </span>
     <span class='ocr_line' id='line_1_82' title="bbox 1107 2234 1992 2287; baseline -0.005 -11"><span class='ocrx_word' id='word_1_412' title='bbox 1107 2237 1221 2287; x_wconf 82' lang='lat' dir='ltr'><strong>coeli,</strong></span> <span class='ocrx_word' id='word_1_413' title='bbox 1260 2241 1306 2276; x_wconf 86' lang='lat' dir='ltr'><strong>et</strong></span> <span class='ocrx_word' id='word_1_414' title='bbox 1342 2236 1496 2275; x_wconf 86' lang='lat' dir='ltr'><strong>Picum</strong></span> <span class='ocrx_word' id='word_1_415' title='bbox 1545 2234 1781 2274; x_wconf 77' lang='lat' dir='ltr'><strong>Min-andul.</strong></span> <span class='ocrx_word' id='word_1_416' title='bbox 1838 2238 1992 2273; x_wconf 87' lang='lat' dir='ltr'><strong>contra</strong></span> 
     </span>
     <span class='ocr_line' id='line_1_83' title="bbox 1106 2296 1562 2349; baseline 0 -13"><span class='ocrx_word' id='word_1_417' title='bbox 1106 2296 1397 2349; x_wconf 87' lang='lat' dir='ltr'><strong>Astrologiam</strong></span> <span class='ocrx_word' id='word_1_418' title='bbox 1415 2296 1562 2339; x_wconf 89' lang='lat' dir='ltr'><strong>Judic.</strong></span> 
     </span>
    </p>

    <p class='ocr_par' dir='ltr' id='par_1_11' title="bbox 1100 2358 1992 3232">
     <span class='ocr_line' id='line_1_84' title="bbox 1162 2358 1992 2412; baseline -0.004 -12"><span class='ocrx_word' id='word_1_419' title='bbox 1162 2361 1286 2411; x_wconf 87' lang='lat' dir='ltr'><strong>Idem,</strong></span> <span class='ocrx_word' id='word_1_420' title='bbox 1306 2361 1371 2412; x_wconf 77' lang='lat' dir='ltr'><strong>qui</strong></span> <span class='ocrx_word' id='word_1_421' title='bbox 1387 2360 1546 2411; x_wconf 67' lang='lat' dir='ltr'><strong>Sabazia·</strong></span> <span class='ocrx_word' id='word_1_422' title='bbox 1560 2360 1673 2399; x_wconf 80' lang='lat' dir='ltr'><strong>Jovis</strong></span> <span class='ocrx_word' id='word_1_423' title='bbox 1691 2360 1797 2399; x_wconf 81' lang='lat' dir='ltr'><strong>cultu</strong></span> <span class='ocrx_word' id='word_1_424' title='bbox 1810 2358 1992 2398; x_wconf 80' lang='lat' dir='ltr'><strong>simulato</strong></span> 
     </span>
     <span class='ocr_line' id='line_1_85' title="bbox 1106 2423 1991 2475; baseline 0.003 -14"><span class='ocrx_word' id='word_1_425' title='bbox 1106 2435 1230 2463; x_wconf 83' lang='lat' dir='ltr'><strong>mores</strong></span> <span class='ocrx_word' id='word_1_426' title='bbox 1265 2425 1379 2464; x_wconf 86' lang='lat' dir='ltr'><strong>Rom.</strong></span> <span class='ocrx_word' id='word_1_427' title='bbox 1407 2424 1493 2475; x_wconf 51' lang='grc' dir='ltr'><strong>ξω]</strong></span> <span class='ocrx_word' id='word_1_428' title='bbox 1521 2423 1701 2473; x_wconf 75' lang='lat' dir='ltr'><strong>Sublato,</strong></span> <span class='ocrx_word' id='word_1_429' title='bbox 1719 2429 1767 2462; x_wconf 90' lang='lat' dir='ltr'><strong>ut</strong></span> <span class='ocrx_word' id='word_1_430' title='bbox 1787 2424 1912 2474; x_wconf 87' lang='lat' dir='ltr'><strong>vulgo</strong></span> <span class='ocrx_word' id='word_1_431' title='bbox 1930 2423 1991 2464; x_wconf 88' lang='lat' dir='ltr'><strong>le-</strong></span> 
     </span>
     <span class='ocr_line' id='line_1_86' title="bbox 1106 2486 1990 2538; baseline 0.005 -14"><span class='ocrx_word' id='word_1_432' title='bbox 1106 2487 1237 2538; x_wconf 86' lang='lat' dir='ltr'><strong>gitur,</strong></span> <span class='ocrx_word' id='word_1_433' title='bbox 1268 2488 1310 2528; x_wconf 89' lang='lat' dir='ltr'><strong>in</strong></span> <span class='ocrx_word' id='word_1_434' title='bbox 1347 2488 1391 2528; x_wconf 90' lang='lat' dir='ltr'><strong>J.</strong></span> <span class='ocrx_word' id='word_1_435' title='bbox 1426 2487 1604 2527; x_wconf 81' lang='lat' dir='ltr'><strong>Cauchii</strong></span> <span class='ocrx_word' id='word_1_436' title='bbox 1638 2486 1787 2526; x_wconf 90' lang='lat' dir='ltr'><strong>codice</strong></span> <span class='ocrx_word' id='word_1_437' title='bbox 1821 2487 1990 2528; x_wconf 89' lang='lat' dir='ltr'><strong>Batavo</strong></span> 
     </span>
     <span class='ocr_line' id='line_1_87' title="bbox 1103 2551 1991 2602; baseline 0.002 -12"><span class='ocrx_word' id='word_1_438' title='bbox 1103 2563 1190 2590; x_wconf 91' lang='lat' dir='ltr'><strong>non</strong></span> <span class='ocrx_word' id='word_1_439' title='bbox 1228 2552 1427 2602; x_wconf 87' lang='lat' dir='ltr'><strong>babetur,</strong></span> <span class='ocrx_word' id='word_1_440' title='bbox 1447 2558 1492 2591; x_wconf 90' lang='lat' dir='ltr'><strong>et</strong></span> <span class='ocrx_word' id='word_1_441' title='bbox 1514 2552 1664 2591; x_wconf 86' lang='lat' dir='ltr'><strong>abesse</strong></span> <span class='ocrx_word' id='word_1_442' title='bbox 1685 2551 1803 2590; x_wconf 86' lang='lat' dir='ltr'><strong>salva</strong></span> <span class='ocrx_word' id='word_1_443' title='bbox 1818 2557 1991 2592; x_wconf 87' lang='lat' dir='ltr'><strong>senten-</strong></span> 
     </span>
     <span class='ocr_line' id='line_1_88' title="bbox 1104 2615 1989 2667; baseline 0 -12"><span class='ocrx_word' id='word_1_444' title='bbox 1104 2615 1165 2655; x_wconf 89' lang='lat' dir='ltr'><strong>tia</strong></span> <span class='ocrx_word' id='word_1_445' title='bbox 1185 2621 1343 2667; x_wconf 88' lang='lat' dir='ltr'><strong>potest.</strong></span> <span class='ocrx_word' id='word_1_446' title='bbox 1402 2616 1454 2654; x_wconf 89' lang='lat' dir='ltr'><strong>Iu</strong></span> <span class='ocrx_word' id='word_1_447' title='bbox 1494 2615 1722 2666; x_wconf 86' lang='lat' dir='ltr'><strong>Campensi</strong></span> <span class='ocrx_word' id='word_1_448' title='bbox 1751 2620 1894 2655; x_wconf 89' lang='lat' dir='ltr'><strong>autem</strong></span> <span class='ocrx_word' id='word_1_449' title='bbox 1916 2616 1989 2655; x_wconf 89' lang='lat' dir='ltr'><strong>ad-</strong></span> 
     </span>
     <span class='ocr_line' id='line_1_89' title="bbox 1104 2677 1988 2733; baseline -0.002 -12"><span class='ocrx_word' id='word_1_450' title='bbox 1104 2681 1312 2733; x_wconf 88' lang='lat' dir='ltr'><strong>scriptum</strong></span> <span class='ocrx_word' id='word_1_451' title='bbox 1331 2693 1341 2720; x_wconf 89' lang='lat'><strong>:</strong></span> <span class='ocrx_word' id='word_1_452' title='bbox 1364 2677 1731 2730; x_wconf 78' lang='lat' dir='ltr'><strong>‘alias,sz·mulato,’</strong></span> <span class='ocrx_word' id='word_1_453' title='bbox 1750 2678 1864 2730; x_wconf 91' lang='lat' dir='ltr'><strong>quod</strong></span> <span class='ocrx_word' id='word_1_454' title='bbox 1883 2680 1988 2719; x_wconf 88' lang='lat' dir='ltr'><strong>satis</strong></span> 
     </span>
     <span class='ocr_line' id='line_1_90' title="bbox 1102 2741 1986 2798; baseline -0.003 -13"><span class='ocrx_word' id='word_1_455' title='bbox 1102 2745 1261 2798; x_wconf 86' lang='lat' dir='ltr'><strong>placet,</strong></span> <span class='ocrx_word' id='word_1_456' title='bbox 1279 2744 1405 2783; x_wconf 90' lang='lat' dir='ltr'><strong>modo</strong></span> <span class='ocrx_word' id='word_1_457' title='bbox 1434 2755 1517 2782; x_wconf 91' lang='lat' dir='ltr'><strong>non</strong></span> <span class='ocrx_word' id='word_1_458' title='bbox 1539 2742 1711 2781; x_wconf 90' lang='lat' dir='ltr'><strong>omnino</strong></span> <span class='ocrx_word' id='word_1_459' title='bbox 1731 2741 1986 2782; x_wconf 87' lang='lat' dir='ltr'><strong>vocabulum</strong></span> 
     </span>
     <span class='ocr_line' id='line_1_91' title="bbox 1101 2805 1989 2857; baseline -0.005 -9"><span class='ocrx_word' id='word_1_460' title='bbox 1101 2809 1181 2848; x_wconf 85' lang='lat' dir='ltr'><strong>boc</strong></span> <span class='ocrx_word' id='word_1_461' title='bbox 1199 2807 1369 2848; x_wconf 86' lang='lat' dir='ltr'><strong>auferre</strong></span> <span class='ocrx_word' id='word_1_462' title='bbox 1390 2808 1524 2847; x_wconf 88' lang='lat' dir='ltr'><strong>visum</strong></span> <span class='ocrx_word' id='word_1_463' title='bbox 1546 2806 1691 2845; x_wconf 86' lang='lat' dir='ltr'><strong>fuerit.</strong></span> <span class='ocrx_word' id='word_1_464' title='bbox 1722 2805 1854 2857; x_wconf 85' lang='lat' dir='ltr'><strong>Atqui</strong></span> <span class='ocrx_word' id='word_1_465' title='bbox 1874 2807 1989 2857; x_wconf 87' lang='lat' dir='ltr'><strong>apud</strong></span> 
     </span>
     <span class='ocr_line' id='line_1_92' title="bbox 1101 2869 1988 2916; baseline -0.003 -4"><span class='ocrx_word' id='word_1_466' title='bbox 1101 2873 1315 2912; x_wconf 89' lang='lat' dir='ltr'><strong>Romanos</strong></span> <span class='ocrx_word' id='word_1_467' title='bbox 1347 2883 1471 2910; x_wconf 87' lang='lat' dir='ltr'><strong>sacra</strong></span> <span class='ocrx_word' id='word_1_468' title='bbox 1505 2869 1630 2911; x_wconf 88' lang='lat' dir='ltr'><strong>Jovis</strong></span> <span class='ocrx_word' id='word_1_469' title='bbox 1666 2869 1849 2916; x_wconf 89' lang='lat' dir='ltr'><strong>Sabazii‚</strong></span> <span class='ocrx_word' id='word_1_470' title='bbox 1880 2869 1988 2909; x_wconf 89' lang='lat' dir='ltr'><strong>licet</strong></span> 
     </span>
     <span class='ocr_line' id='line_1_93' title="bbox 1101 2933 1986 2987; baseline -0.005 -12"><span class='ocrx_word' id='word_1_471' title='bbox 1101 2936 1246 2987; x_wconf 90' lang='lat' dir='ltr'><strong>priore</strong></span> <span class='ocrx_word' id='word_1_472' title='bbox 1268 2935 1410 2974; x_wconf 78' lang='lat' dir='ltr'><strong>seculo</strong></span> <span class='ocrx_word' id='word_1_473' title='bbox 1441 2933 1645 2973; x_wconf 88' lang='lat' dir='ltr'><strong>damnata</strong></span> <span class='ocrx_word' id='word_1_474' title='bbox 1673 2945 1724 2972; x_wconf 92' lang='lat' dir='ltr'><strong>ac</strong></span> <span class='ocrx_word' id='word_1_475' title='bbox 1755 2933 1986 2984; x_wconf 84' lang='lat' dir='ltr'><strong>prohibita,</strong></span> 
     </span>
     <span class='ocr_line' id='line_1_94' title="bbox 1100 2996 1984 3055; baseline -0.005 -15"><span class='ocrx_word' id='word_1_476' title='bbox 1100 3012 1126 3039; x_wconf 86' lang='lat' dir='ltr'><strong>a</strong></span> <span class='ocrx_word' id='word_1_477' title='bbox 1146 3000 1326 3052; x_wconf 89' lang='lat' dir='ltr'><strong>posteris</strong></span> <span class='ocrx_word' id='word_1_478' title='bbox 1346 3006 1486 3039; x_wconf 88' lang='lat' dir='ltr'><strong>tamen</strong></span> <span class='ocrx_word' id='word_1_479' title='bbox 1518 3004 1697 3055; x_wconf 79' lang='lat' dir='ltr'><strong>recepta</strong></span> <span class='ocrx_word' id='word_1_480' title='bbox 1730 2996 1878 3047; x_wconf 87' lang='lat' dir='ltr'><strong>fuisse,</strong></span> <span class='ocrx_word' id='word_1_481' title='bbox 1910 2998 1984 3036; x_wconf 85' lang='lat' dir='ltr'><strong>do-</strong></span> 
     </span>
     <span class='ocr_line' id='line_1_95' title="bbox 1102 3060 1983 3116; baseline -0.007 -12"><span class='ocrx_word' id='word_1_482' title='bbox 1102 3069 1202 3104; x_wconf 89' lang='lat' dir='ltr'><strong>cent</strong></span> <span class='ocrx_word' id='word_1_483' title='bbox 1231 3065 1323 3116; x_wconf 87' lang='lat' dir='ltr'><strong>ejus</strong></span> <span class='ocrx_word' id='word_1_484' title='bbox 1352 3064 1436 3104; x_wconf 90' lang='lat' dir='ltr'><strong>Dei</strong></span> <span class='ocrx_word' id='word_1_485' title='bbox 1464 3062 1720 3114; x_wconf 87' lang='lat' dir='ltr'><strong>pulvinaria,</strong></span> <span class='ocrx_word' id='word_1_486' title='bbox 1747 3060 1983 3100; x_wconf 89' lang='lat' dir='ltr'><strong>Domitiani</strong></span> 
     </span>
     <span class='ocr_line' id='line_1_96' title="bbox 1102 3123 1982 3179; baseline -0.007 -12"><span class='ocrx_word' id='word_1_487' title='bbox 1102 3134 1295 3179; x_wconf 87' lang='lat' dir='ltr'><strong>tempore</strong></span> <span class='ocrx_word' id='word_1_488' title='bbox 1312 3126 1446 3177; x_wconf 87' lang='lat' dir='ltr'><strong>facta,</strong></span> <span class='ocrx_word' id='word_1_489' title='bbox 1478 3138 1573 3177; x_wconf 79' lang='lat' dir='ltr'><strong>quae</strong></span> <span class='ocrx_word' id='word_1_490' title='bbox 1595 3125 1732 3164; x_wconf 88' lang='lat' dir='ltr'><strong>adbuc</strong></span> <span class='ocrx_word' id='word_1_491' title='bbox 1753 3125 1899 3163; x_wconf 84' lang='lat' dir='ltr'><strong>Romae</strong></span> <span class='ocrx_word' id='word_1_492' title='bbox 1923 3123 1982 3162; x_wconf 88' lang='lat' dir='ltr'><strong>vi-</strong></span> 
     </span>
     <span class='ocr_line' id='line_1_97' title="bbox 1100 3189 1621 3232; baseline -0.006 -1"><span class='ocrx_word' id='word_1_493' title='bbox 1100 3198 1250 3232; x_wconf 90' lang='lat' dir='ltr'><strong>suntur</strong></span> <span class='ocrx_word' id='word_1_494' title='bbox 1268 3203 1363 3231; x_wconf 91' lang='lat' dir='ltr'><strong>cum</strong></span> <span class='ocrx_word' id='word_1_495' title='bbox 1380 3191 1442 3230; x_wconf 87' lang='lat' dir='ltr'><strong>bis</strong></span> <span class='ocrx_word' id='word_1_496' title='bbox 1460 3189 1621 3230; x_wconf 89' lang='lat' dir='ltr'><strong>titulis:</strong></span> 
     </span>
    </p>

    <p class='ocr_par' dir='ltr' id='par_1_12' title="bbox 1150 3250 1451 3296">
     <span class='ocr_line' id='line_1_98' title="bbox 1150 3250 1451 3296; baseline 0 -1"><span class='ocrx_word' id='word_1_497' title='bbox 1150 3267 1270 3296; x_wconf 83' lang='lat' dir='ltr'><strong>Jovr.</strong></span> <span class='ocrx_word' id='word_1_498' title='bbox 1299 3250 1451 3295; x_wconf 66' lang='lat' dir='ltr'>SABAz&#39;.</span> 
     </span>
    </p>

    <p class='ocr_par' dir='ltr' id='par_1_13' title="bbox 1144 3329 1457 3358">
     <span class='ocr_line' id='line_1_99' title="bbox 1144 3329 1457 3358; baseline -0.003 0"><span class='ocrx_word' id='word_1_499' title='bbox 1144 3331 1188 3358; x_wconf 85' lang='lat' dir='ltr'><strong>v.</strong></span> <span class='ocrx_word' id='word_1_500' title='bbox 1234 3329 1269 3357; x_wconf 93' lang='lat' dir='ltr'><strong>s.</strong></span> <span class='ocrx_word' id='word_1_501' title='bbox 1318 3329 1356 3357; x_wconf 86' lang='lat'><strong>1..</strong></span> <span class='ocrx_word' id='word_1_502' title='bbox 1406 3329 1457 3357; x_wconf 84' lang='lat' dir='ltr'><strong>M.</strong></span> 
     </span>
    </p>

    <p class='ocr_par' dir='ltr' id='par_1_14' title="bbox 1149 3387 1951 3422">
     <span class='ocr_line' id='line_1_100' title="bbox 1149 3387 1951 3422; baseline -0.006 0"><span class='ocrx_word' id='word_1_503' title='bbox 1149 3392 1431 3422; x_wconf 74' lang='lat' dir='ltr'><strong>ALEXANDER</strong></span> <span class='ocrx_word' id='word_1_504' title='bbox 1593 3387 1777 3418; x_wconf 74' lang='lat' dir='ltr'>BONVM.</span> <span class='ocrx_word' id='word_1_505' title='bbox 1807 3387 1951 3418; x_wconf 79' lang='lat' dir='ltr'><strong>nssm&#39;r</strong></span> 
     </span>
    </p>

    <p class='ocr_par' dir='ltr' id='par_1_15' title="bbox 1095 3450 1972 3559">
     <span class='ocr_line' id='line_1_101' title="bbox 1140 3450 1948 3488; baseline -0.009 -1"><span class='ocrx_word' id='word_1_506' title='bbox 1140 3457 1185 3488; x_wconf 84' lang='lat' dir='ltr'><strong>Q.</strong></span> <span class='ocrx_word' id='word_1_507' title='bbox 1217 3455 1417 3485; x_wconf 65' lang='lat' dir='ltr'><strong>anmvs</strong></span> <span class='ocrx_word' id='word_1_508' title='bbox 1606 3451 1727 3480; x_wconf 79' lang='lat' dir='ltr'>Jovl.</span> <span class='ocrx_word' id='word_1_509' title='bbox 1756 3450 1948 3480; x_wconf 75' lang='lat' dir='ltr'><strong>SAnAzro</strong></span> 
     </span>
     <span class='ocr_line' id='line_1_102' title="bbox 1095 3503 1972 3559; baseline -0.006 -10"><span class='ocrx_word' id='word_1_510' title='bbox 1095 3509 1251 3549; x_wconf 85' lang='lat' dir='ltr'><strong>Literae</strong></span> <span class='ocrx_word' id='word_1_511' title='bbox 1301 3507 1536 3559; x_wconf 82' lang='lat' dir='ltr'><strong>singulares</strong></span> <span class='ocrx_word' id='word_1_512' title='bbox 1577 3507 1747 3555; x_wconf 87' lang='lat' dir='ltr'><strong>sonant,</strong></span> <span class='ocrx_word' id='word_1_513' title='bbox 1784 3503 1972 3544; x_wconf 88' lang='lat' dir='ltr'><strong>‘Votum</strong></span> 
     </span>
    </p>
   </div>
   <div class='ocr_carea' id='block_1_7' title="bbox 1620 3260 1925 3353">
    <p class='ocr_par' dir='ltr' id='par_1_16' title="bbox 1620 3260 1925 3353">
     <span class='ocr_line' id='line_1_103' title="bbox 1655 3260 1925 3293; baseline 0.007 -5"><span class='ocrx_word' id='word_1_514' title='bbox 1655 3262 1699 3293; x_wconf 84' lang='lat' dir='ltr'><strong>Q.</strong></span> <span class='ocrx_word' id='word_1_515' title='bbox 1722 3260 1925 3290; x_wconf 73' lang='lat' dir='ltr'><strong>NvNNtvs</strong></span> 
     </span>
     <span class='ocr_line' id='line_1_104' title="bbox 1620 3323 1899 3353; baseline 0 0"><span class='ocrx_word' id='word_1_516' title='bbox 1620 3323 1899 3353; x_wconf 74' lang='lat' dir='ltr'>ALEXANDER</span> 
     </span>
    </p>
   </div>
  </div>
 </body>
</html>
