2288 3990
393 305 534 358 1036

393 436 549 486 reditu,
576 434 871 486 gratulatione,
899 434 984 474 imo
1004 436 1046 475 in
1065 436 1257 477 salutati·

394 509 474 535 one
492 502 536 536 et
550 496 783 536 cottidiano
801 508 993 537 occursu.
1066 498 1151 539 Qui
1169 511 1256 537 mos

393 559 570 598 invaluit
596 559 790 609 maxime,
807 564 854 598 ut
873 559 1042 611 opinor,
1063 560 1141 600 sub
1172 559 1255 600 Au-

393 629 530 673 gusto,
550 621 729 673 ideoque
754 621 948 661 Tiberius
977 628 1026 662 nt
1053 623 1256 662 novitium

392 692 571 724 conatus
590 685 764 736 pellere,
783 690 828 724 et
846 685 990 724 oscula
1008 686 1257 736 cottidiana,

391 749 452 787 ait
471 748 710 796 Suetonius,
729 747 944 798 prohibuit
961 748 1117 788 edicto.
1171 749 1256 788 Sed
1272 764 1276 767 ⁴

390 811 509 850 haesit
528 810 808 860 nihilominus,
834 815 879 850 et
907 810 1165 851 creberrima
1191 823 1255 850 os-

390 874 485 914 cula
505 874 658 914 iterum
679 874 757 914 sub
776 874 1048 926 Principibus
1080 874 1254 914 secutis.

390 937 532 975 Unum
566 936 813 976 Martialem
842 937 943 976 mihi
971 938 1080 989 lege,
1100 938 1170 978 cui
1189 938 1256 977 be-

388 999 516 1050 nigna
551 991 731 1039 materia
753 999 964 1051 jocorum,
990 1000 1088 1040 ista.
1143 1001 1255 1042 Quin

390 1061 472 1112 ipsi
504 1061 729 1113 Principes
757 1061 895 1115 (certe
923 1062 995 1114 qui
1016 1062 1148 1114 magis
1167 1075 1256 1102 mo-

390 1123 549 1176 derati)
581 1126 726 1165 osculo
754 1126 955 1177 excipere
989 1127 1104 1166 soliti
1141 1127 1255 1166 cives

391 1187 619 1239 digniores.
675 1187 839 1228 Plinius
865 1188 1128 1228 Laudatione
1155 1191 1256 1229 Tra-

384 1249 505 1300 jani:
550 1250 759 1290 ‘Gratum
797 1255 890 1290 erat
925 1251 1110 1300 cunctis,
1142 1251 1255 1303 quod

388 1313 592 1352 Senatum
622 1314 765 1353 osculo
793 1314 1024 1365 excipereS‚
1051 1315 1163 1353 sicut
1194 1315 1256 1353 di·

388 1375 538 1414 missus
553 1376 695 1414 osculo
715 1374 886 1414 fueras?
926 1376 1102 1415 Latinus
1122 1377 1258 1417 Paca-

388 1443 457 1475 tus
476 1437 530 1476 de
548 1436 788 1476 Theodosio
805 1451 816 1477 ι
837 1437 940 1476 ‘Ille
959 1438 1257 1479 cohonestatus

388 1499 536 1550 affatu,
555 1500 626 1540 ille
647 1513 790 1540 mensa
808 1501 975 1551 beatus,
1011 1502 1081 1540 ille
1111 1504 1256 1542 osculo

386 1570 659 1603 consecratus
674 1562 770 1605 est.’
814 1564 1044 1604 Suetonius
1065 1565 1104 1604 in
1123 1565 1256 1605 Otho·

388 1638 469 1666 ne:
499 1627 511 1648 ⁴
527 1627 658 1666 Mane
677 1627 857 1667 Galbam
878 1628 1097 1678 salutavit,
1124 1635 1257 1680 utque

387 1695 684 1740 consueverat,
703 1690 846 1729 osculo
877 1696 1100 1741 exceptus,
1130 1692 1258 1730 etiam

389 1752 647 1793 sacrificanti
678 1751 901 1793 interfuit!
956 1753 1014 1792 Et
1033 1753 1259 1804 reprehen—

387 1815 453 1855 dit
495 1817 607 1856 idem
642 1817 837 1868 Scriptor
874 1817 1108 1862 Neronem,
1146 1815 1259 1868 quod

389 1891 526 1930 neque
547 1880 790 1931 adveniens,
807 1891 946 1932 neque
973 1879 1261 1931 proficiscens,

389 1954 631 1994 quenquam
676 1943 822 1982 osculo
873 1942 1129 1994 impertiret.
1203 1941 1261 1982 Et

386 2004 481 2044 haec
501 2005 575 2044 illa
594 2006 751 2051 oscula,
766 2018 860 2057 quae
876 2004 1107 2056 vulgabant
1121 2005 1262 2056 vulgo,

388 2075 431 2106 ert
468 2069 731 2120 spargebant
760 2069 804 2107 in
830 2068 979 2107 obvios
1006 2079 1152 2107 onmes
1174 2079 1261 2107 mo·

389 2130 486 2170 dice
523 2132 677 2170 saltem
712 2137 847 2172 noto&
905 2131 998 2170 Nec
1029 2130 1139 2169 enim
1175 2136 1260 2170 tam

390 2194 543 2233 amoris
570 2194 668 2244 ista,
699 2205 822 2246 quam
850 2191 978 2233 officii
1010 2193 1158 2232 urbani
1190 2206 1262 2234 cu-

384 2257 560 2308 jusdam
581 2258 736 2297 cultus.
772 2257 944 2308 Lipsius.

444 2321 555 2360 CAP.
589 2331 676 2360 vu.
733 2321 756 2372 ς
786 2323 808 2359 1
843 2321 896 2360 Ρ.
934 2319 1138 2359 Cornelius
1175 2319 1261 2359 Sci-

383 2380 470 2431 pio]
499 2382 595 2421 Non
617 2387 795 2432 temere,
813 2381 847 2420 si
863 2380 987 2421 fateri
1004 2382 1123 2432 licet,
1140 2382 1263 2421 ullius

389 2456 518 2484 causa
561 2444 665 2483 belli
709 2444 925 2495 injustior.
996 2444 1265 2496 Sedigenses,

388 2511 522 2550 socios
542 2516 587 2550 et
607 2510 956 2562 consanguineos,
975 2509 1263 2551 Romanorum

389 2572 582 2611 manibus
603 2572 771 2623 elapsos
791 2578 1058 2623 exceperant
1077 2586 1087 2613 :
1115 2573 1266 2613 habita

390 2646 468 2685 pro
487 2634 548 2674 eis
564 2633 811 2685 deprecatio
829 2634 933 2672 nihil
953 2634 1085 2673 valuit
1105 2647 1117 2684 3
1136 2647 1262 2687 quum

391 2708 438 2736 se
459 2696 512 2736 ab
541 2698 651 2736 omni
683 2697 888 2736 bellorum
917 2698 1172 2748 contagione
1202 2710 1265 2738 re-

391 2765 626 2810 moverent,
637 2759 679 2798 in
693 2759 870 2810 legitimi
891 2758 1065 2799 foederis
1081 2762 1262 2812 pretium

383 2821 491 2873 jussi
511 2834 627 2861 arina
646 2822 878 2874 deponere.

393 2884 509 2924 baris
527 2890 769 2937 acceptum,
789 2886 907 2937 quasi
927 2897 1076 2925 manus
1103 2887 1266 2926 abscin-

392 2946 614 2988 derentur.
687 2947 843 2999 Itaque
881 2948 1042 2999 statim,
1089 2949 1267 2999 Megara

394 3008 627 3050 fortissimo
664 3010 789 3061 duce,
822 3010 875 3050 ad
909 3023 1024 3050 arma
1056 3011 1268 3062 conversi,

394 3073 650 3125 Pompeium
695 3074 845 3125 praelio
888 3074 1093 3125 aggressi,
1134 3074 1268 3114 foedus

395 3139 540 3175 tamen
575 3135 829 3186 maluerunt,
877 3148 1006 3189 quum
1052 3136 1271 3177 debellare

396 3199 639 3249 potuissent
659 3198 906 3249 Hostilium,
933 3199 1086 3239 deinde
1104 3200 1270 3239 Manci-

396 3274 513 3302 num.
570 3262 700 3303 Hunc
734 3273 901 3314 quoque
938 3262 1115 3301 assiduis
1143 3263 1271 3302 caedi-

398 3324 478 3378 bus
514 3323 576 3364 ita
622 3323 901 3376 subegerunt,
949 3329 997 3363 ut
1035 3336 1087 3363 ne
1125 3325 1270 3364 oculos

398 3387 569 3439 quidem
606 3393 680 3427 aut
716 3398 863 3427 vocem
903 3387 1156 3427 Numantini
1195 3388 1272 3427 viri

400 3450 620 3501 quisquam
662 3449 909 3490 sustineret.
972 3449 1136 3489 Tamen
1175 3461 1271 3491 cum

399 3514 479 3556 hoc
503 3525 669 3566 quoque
698 3511 837 3553 foedus
856 3512 1060 3560 maluere,
1079 3514 1271 3555 contenti

937 2823 1031 2862 Hoc
1051 2825 1111 2863 sic
1129 2836 1152 2863 a
1173 2825 1264 2864 bar·
1292 2852 1295 2853 ν

969 320 1142 360 No'rAE
1184 321 1511 362 VARIORUM
1556 323 1619 360 m

1318 448 1528 476 armorum
1565 435 1788 488 manubiis,
1819 449 1945 490 quum
1973 436 2026 477 ad
2055 436 2186 479 inter·-

1317 500 1535 538 necionem
1574 499 1721 538 saevire
1768 498 2023 551 potuissent.
2097 501 2185 541 Sed

1317 574 1398 601 non
1419 563 1552 601 miuus
1575 562 1838 614 Numantini,
1861 575 1988 615 quam
2004 563 2188 604 Caudini

1317 626 1427 664 illius
1460 625 1632 664 foederis
1661 623 1844 675 flagrans
1875 626 2106 677 ignominia
2135 637 2187 666 ae

1317 689 1480 739 pudore
1517 689 1696 739 populus
1734 690 1961 737 Romanus,
1999 689 2188 730 dedecus

1316 751 1484 803 quidem
1513 751 1738 802 praesentis
1771 750 1940 803 flagitii,
1965 751 2186 792 deditione

1317 814 1505 853 Mancini
1519 814 1708 865 expiavit
1724 826 1736 853 ε
1751 821 1953 854 caeterum
1972 815 2081 855 duce
2094 815 2188 856 Sci-

1316 875 1460 926 pione,
1480 875 1746 927 Carthaginis
1766 875 1973 916 incendiis
1997 876 2050 915 ad
2072 877 2188 917 exci—
2236 913 2241 918 .

1318 938 1387 977 dia
1407 938 1571 977 urbium
1599 938 1779 990 imbuto,
1804 938 1975 978 taudem
1994 939 2126 978 etiam
2145 939 2188 979 in

1316 1001 1521 1040 ultionem
1543 1001 1787 1041 excanduit.
1825 1001 1911 1041 Sed
1931 1006 2034 1042 tunc
2050 1003 2189 1043 acrius

1317 1063 1360 1102 in
1393 1064 1558 1113 castris,
1593 1076 1717 1115 quam
1759 1063 1801 1103 in
1840 1076 2007 1116 campo,
2039 1070 2188 1105 nostro

1317 1137 1414 1165 cum
1451 1126 1599 1177 milite,
1631 1138 1756 1177 quam
1785 1139 1880 1166 cum
1909 1127 2190 1177 Numantino,

1319 1188 1596 1239 praeliandum
1617 1187 1715 1229 fuit.
1755 1189 1926 1241 Quippe
1945 1190 2124 1230 assiduis
2145 1195 2190 1230 et

1318 1250 1481 1300 injustis
1497 1255 1540 1289 et
1553 1251 1775 1290 servilibus
1791 1252 1972 1291 maxime
1987 1251 2191 1304 operibus

1319 1313 1472 1360 attriti,
1492 1312 1606 1352 ferre
1621 1314 1782 1364 plenius
1797 1315 1968 1366 vallum,
1987 1315 2060 1367 qui
2073 1325 2205 1355 arma·

1320 1375 1562 1426 nescirent3
1594 1377 1686 1416 luto
1722 1377 1948 1429 inquinari,
1984 1378 2059 1429 qui
2095 1388 2190 1417 sun·

1320 1437 1445 1487 guine
1482 1437 1659 1489 nollent,
1679 1438 1958 1490 Jubcbantnr.
2015 1439 2085 1480 Ad
2112 1441 2193 1480 hoo

1319 1508 1474 1552 scorta,
1494 1502 1678 1550 calones,
1700 1503 1879 1543 sarcinae
1898 1502 1978 1542 nisi
1999 1503 2052 1543 ad
2071 1515 2193 1544 usum

1319 1564 1590 1614 necessariae,
1614 1571 1901 1615 amputantur.
1955 1566 2082 1605 Tanti
2097 1576 2193 1606 esse

1320 1625 1573 1675 exercitum,
1588 1627 1737 1678 quanti
1754 1627 2073 1680 imperatorem,
2091 1638 2193 1668 vere

1321 1690 1537 1741 proditum
1566 1696 1641 1732 est.
1694 1691 1765 1731 Sic
1794 1692 1970 1732 redacto
2000 1693 2042 1731 in
2071 1692 2194 1733 disci·

1321 1753 1478 1804 plinam
1498 1754 1651 1804 milite,
1669 1755 1894 1794 commissa
1905 1755 2040 1794 acies:
2060 1756 2193 1807 qnod-

1322 1829 1405 1868 que
1424 1828 1548 1856 nemo
1568 1817 1753 1856 visurum
1781 1829 1826 1857 se
1847 1829 2028 1870 unquam
2047 1811 2195 1870 spera-

1323 1886 1460 1929 verat,
1484 1877 1645 1919 factum
1674 1887 1757 1929 est,
1785 1886 1833 1920 ut
1861 1879 2077 1932 fugientes
2103 1881 2193 1921 Nu·

1322 1943 1532 1982 mantinos
1552 1943 1768 1994 quisquam
1786 1942 1967 1982 videret.
2022 1943 2196 1983 Dedere

1323 2005 1456 2045 etiam
1498 2016 1592 2044 sese
1638 2004 1855 2055 volebant,
1901 2006 1936 2046 si
1972 2005 2196 2046 toleranda

1322 2069 1425 2109 viris
1453 2069 1780 2121 imperarentur.
1834 2070 1918 2110 Sed
1949 2081 2077 2122 quum
2105 2068 2198 2109 Sci-

1323 2133 1393 2184 pio
1412 2143 1556 2172 veram
1587 2133 1718 2172 vellet
1745 2138 1792 2172 et
1817 2133 1909 2172 sine
1939 2131 2198 2182 exceptione

1325 2194 1561 2245 victoriam,
1578 2205 1629 2233 eo
1647 2195 1951 2235 necessitatum
1977 2193 2202 2245 compulsi,

1326 2263 1374 2296 ut
1393 2257 1610 2297 destinata
1636 2263 1776 2297 morte
1807 2258 1850 2296 in
1877 2257 2074 2310 proelium
2102 2266 2199 2296 rue·

1326 2325 1439 2367 rent,
1470 2331 1598 2371 quum
1627 2331 1720 2360 sese
1748 2320 1866 2372 prius
1893 2320 2050 2371 epulis,
2078 2318 2201 2371 qnasi

1325 2377 1506 2427 inferiis,
1537 2381 1850 2433 implevissent,
1882 2382 2020 2421 carnis
2040 2380 2203 2431 cruda,

1327 2448 1374 2482 et
1411 2443 1561 2483 celiae:
1599 2443 1661 2483 sic
1691 2450 1846 2484 vocant
1871 2442 2114 2495 indigenam
2146 2455 2203 2484 ex

1326 2505 1540 2546 frumento
1564 2507 1797 2558 potionem.
1852 2506 2128 2547 Intellectum
2148 2505 2204 2545 ab

1329 2569 1587 2620 imperatore
1634 2569 1884 2609 consilium:
1926 2568 2074 2620 itaque
2118 2575 2207 2609 noa

1329 2639 1395 2672 est
1413 2633 1621 2684 permissa
1639 2644 1783 2684 pugna
1801 2631 2030 2672 morituris.
2065 2631 2206 2673 Quum

1329 2698 1459 2747 fossa,
1488 2704 1619 2751 atque
1648 2698 1798 2747 lorica,
1825 2702 2092 2749 quatuorque
2113 2705 2205 2735 cas—

1330 2761 1406 2801 tris
1431 2760 1719 2811 circundatos,
1736 2758 1869 2800 fames
1888 2762 2130 2811 premet-eu
2150 2757 2205 2798 ab

1330 2823 1439 2863 duce
1475 2829 1648 2862 orantes
1678 2823 1891 2874 proelium,
1924 2827 1973 2862 ut
2002 2825 2207 2874 tanquam

1331 2887 1446 2926 viros
1465 2886 1700 2936 occideret,
1719 2885 1790 2925 ubi
1804 2896 1887 2925 non
1900 2883 2208 2936 impetrabant,

1334 2948 1496 2999 placuit
1523 2947 1722 2998 eruptio:
1753 2947 1816 2987 sic
1847 2950 2049 2987 conserta
2077 2956 2209 2986 manu

1333 3011 1504 3062 plurimi
1530 3011 1685 3060 occisi;
1717 3015 1763 3050 et
1791 3021 1921 3063 quum
1947 3015 2124 3061 urgeret
2147 3007 2211 3048 ἰο-

1334 3085 1439 3123 mes,
1465 3073 1771 3126 aliquantisper
1802 3073 1901 3114 inde
1931 3073 2104 3112 vixere:
2133 3081 2210 3111 no-

1335 3135 1504 3175 vissime
1519 3135 1736 3176 consilium
1754 3134 1866 3186 fugae
1880 3134 1992 3175 sedit
2007 3147 2020 3185 ;
2036 3133 2111 3175 sed
2127 3133 2208 3174 hoe

1333 3209 1518 3250 quoque,
1537 3198 1674 3249 ruptis
1694 3209 1897 3250 equorum
1916 3196 2114 3248 cingulis,
2132 3209 2209 3237 nx-

1336 3272 1431 3300 ores
1463 3261 1678 3311 ademere,
1720 3271 1882 3300 summo
1918 3261 2097 3311 scelere,
2130 3271 2210 3312 per

1336 3335 1537 3364 amorem.
1594 3324 1744 3374 Itaque
1770 3322 1991 3374 deplorato
2010 3323 2146 3374 exitu,
2165 3323 2211 3363 in

1337 3386 1522 3424 ultimam
1543 3385 1720 3434 rabiem,
1746 3382 2018 3437 furoremque
2033 3396 2213 3424 conver-

1337 3450 1387 3498 si,
1421 3456 1637 3502 postremo
1665 3449 1769 3488 mori
1799 3450 1876 3488 lioc
1902 3461 2060 3501 genere
2078 3449 2208 3489 desti-

1338 3524 1517 3556 narunt:
1554 3513 1682 3552 duces
1703 3525 1818 3563 suos,
1842 3524 1987 3566 seque,
2007 3512 2209 3564 pau-ism-
