2288 3990
511 339 773 382 vAuuRn
817 337 1060 379 ΜΛΧιΜι
1103 337 1221 376 mn.
1261 335 1300 373 1.
1340 319 1553 374 mas.

124 474 171 511 et
205 471 307 510 aute
345 474 459 506 aram
503 461 697 504 totidem.
754 458 826 501 Ad
862 462 1006 499 ortum

124 532 318 574 aestivum
338 527 494 582 parieti
513 528 679 567 inserta
705 522 935 565 columella
953 533 1008 561 ex

120 595 346 645 alabastro,
364 605 460 646 quae
488 591 606 632 claro
631 589 742 630 Solis
762 592 877 638 ortu,
908 587 1006 627 luce

119 658 365 714 perspicua,
384 661 431 698 et
463 654 629 707 fulgore
656 651 828 693 luminis
859 651 1007 692 incen-

119 722 186 763 dit
218 721 419 774 parietes.
474 717 604 759 Ovid.
639 717 760 758 Fast.
780 726 853 756 ιιι.
899 713 1007 755 ‘Di-

117 788 206 829 cite
224 796 337 826 nunc
356 796 493 838 qrtare
521 783 721 823 Fortunae
751 780 876 821 thura
895 778 1007 820 virili

118 851 259 900 Detis,
290 860 343 890 eo
387 846 529 900 gelida
575 846 648 899 qui
698 846 815 885 locus
860 843 1007 883 humet

119 911 261 967 aqua)
306 910 616 953 Simulachrum
635 909 759 961 liujus
775 909 884 949 Deae
904 905 1009 946 diia-

118 979 200 1020 bus
222 975 438 1019 undula-tis
458 975 570 1027 togis
586 973 669 1014 fuit
683 977 895 1025 opertum,
910 983 1006 1023 per-

117 1042 221 1084 inde
249 1047 299 1082 ut
336 1040 437 1081 olim
471 1041 612 1092 Reges
648 1036 830 1079 Romani
870 1035 1008 1075 undu·

111 1106 228 1146 —latas
260 1110 308 1144 et
337 1108 572 1156 praetextas
605 1107 728 1153 togas
761 1099 876 1141 soliti
907 1105 1007 1140 sunt

117 1168 304 1210 habere:
333 1168 396 1208 ita
431 1166 605 1219 scripsit
641 1166 782 1206 Varro
816 1164 869 1204 de
902 1164 1008 1204 Vita

118 1233 233 1286 Pop.
253 1233 378 1274 Rom.
395 1231 469 1273 lib.
490 1243 523 1273 1.
555 1231 568 1254 ‘
587 1231 688 1272 Fuit
707 1240 878 1284 quoquc
900 1234 1007 1268 tem-

119 1298 238 1352 plum
268 1297 412 1339 Fortis
442 1297 663 1347 Fortunae,
694 1306 808 1334 nunc
839 1293 885 1334 S.
907 1293 1006 1333 Col-

119 1360 239 1413 mu,
257 1361 337 1402 sub
362 1360 576 1410 Janiculo,
600 1359 641 1398 in
670 1358 806 1398 hortis
826 1355 1008 1397 Caesaris

120 1424 493 1476 Dictatoris,qnos
512 1423 606 1475 ipse
626 1434 726 1474 pop.
746 1421 870 1461 Rom.
891 1420 1008 1471 lega-

122 1492 262 1540 verat,
301 1492 350 1528 ut
380 1486 554 1527 Tacitus
589 1484 764 1525 narrat.'
832 1483 1010 1523 Terent.

121 1552 331 1594 Scaurus:
360 1551 375 1574 ‘
406 1549 564 1591 Foedus
601 1546 822 1599 Graeciae,'
854 1546 1010 1599 inquit,

117 1617 132 1638 ‘
151 1616 315 1656 camelo
343 1626 456 1655 aereo
477 1613 520 1653 iu
546 1612 682 1653 hortis
703 1611 903 1659 Caesafis,
925 1610 1008 1650 aedi

119 1678 262 1719 Fortis
283 1678 486 1719 Fortunae
506 1675 701 1724 incisum,
719 1678 765 1714 et
783 1685 861 1726 pro
880 1679 1007 1725 porta

117 1742 332 1796 positum!
386 1742 454 1782 De
485 1740 637 1783 eodem
669 1741 794 1780 horto
824 1744 870 1779 et
903 1744 1006 1779 tem-

113 1805 187 1859 plo
204 1805 448 1848 Suetonius.
506 1805 699 1845 Fuerunt
718 1808 764 1844 et
793 1803 878 1843 alia
898 1803 1003 1843 For-

113 1868 172 1910 tis
201 1869 407 1910 Fortunae
435 1869 613 1921 templa,
642 1874 691 1908 ut
718 1879 773 1908 ex
803 1867 1003 1907 Varrone

111 1937 159 1972 et
198 1931 319 1972 Livio
353 1931 617 1983 conjicimus.
673 1930 911 1971 Colebatur
948 1930 1003 1971 ab

112 1994 339 2048 operariis,
361 2000 407 2036 et
433 1993 618 2046 rusticis,
638 1998 684 2035 et
711 1993 861 2034 servis.
920 1994 1002 2034 Co-

110 2058 286 2100 lumella
319 2058 365 2099 in
400 2057 511 2099 libro
543 2056 599 2098 de
636 2057 817 2098 Hortis:
847 2058 860 2081 ‘
883 2056 1003 2099 Allia

109 2135 206 2165 cum
239 2122 374 2175 cepis,
405 2122 576 2164 cereale
616 2133 809 2175 papaver
846 2122 1002 2163 anetho

108 2185 308 2239 Jungite,
341 2185 529 2239 dumque
565 2186 728 2238 virent,
761 2198 896 2227 nexos
931 2187 1004 2227 de-

108 2248 224 2292 ferte
269 2250 486 2304 maniplis,
519 2251 577 2291 Et
621 2250 814 2292 celebres
853 2251 1000 2291 Fortis

109 2315 309 2356 Fortunae
329 2314 462 2356 dicite
494 2313 672 2355 laudes!
728 2315 873 2355 Etiam
895 2315 1002 2356 For-

110 2383 228 2420 tunae
245 2378 497 2419 Mammosae
516 2377 561 2417 in
580 2377 725 2430 capite
743 2376 823 2418 viae
845 2378 1001 2430 Novae,

115 2453 142 2481 a
174 2452 260 2494 qua
290 2441 420 2482 etiam
453 2441 576 2482 vicus
617 2452 773 2482 nomen
810 2441 1002 2494 accepit,

111 2503 231 2546 dicta
263 2505 328 2545 vel
360 2503 414 2545 ab
446 2503 662 2556 ubertate,
695 2505 765 2545 vel
798 2516 825 2545 a
861 2503 1001 2546 forma

109 2571 280 2609 stature.
352 2567 554 2608 Fortunae
595 2567 788 2608 Plebeiae
820 2579 847 2608 a
873 2568 998 2609 Tullo

110 2630 350 2683 conditum,
384 2631 441 2673 de
469 2643 554 2685 quo
588 2631 772 2673 Ovidius
791 2632 910 2674 Fast.
930 2644 996 2674 vr.

108 2696 121 2718 ‘
140 2694 274 2737 Plebs
307 2696 414 2737 colit
445 2695 573 2746 hanc,
611 2695 714 2749 quia
742 2695 813 2749 qui
834 2697 996 2749 posuit,

108 2759 163 2801 de
183 2759 312 2812 plebe
342 2759 474 2801 fuisse
507 2761 680 2811 Fertur,
699 2766 743 2801 et
764 2773 818 2800 ex
849 2761 996 2802 humili

109 2829 283 2876 sceptra
310 2824 460 2864 tulisse
494 2825 620 2865 loco:
675 2824 874 2864 Fortunae
892 2825 994 2864 Tar-

109 2887 238 2940 peioe,
257 2888 313 2929 de
346 2900 430 2940 quo
461 2889 623 2940 templo
658 2888 701 2928 in
721 2888 996 2929 Praenestina

107 2951 409 3008 inscriptione,
440 2964 538 3005 quae
559 2951 600 2990 in
630 2952 755 2992 domo
786 2952 995 3005 Episcopi

109 3019 204 3065 αῖς
229 3019 517 3065 cognomento
534 3014 816 3067 Primigenia,
831 3022 880 3056 ut
899 3017 993 3068 plu-

107 3076 227 3117 rimae
259 3076 423 3117 ibidem
468 3077 773 3130 inscriptiones
819 3079 994 3121 docent.

108 3139 310 3182 Fortunae
346 3140 548 3192 Reducis,
579 3153 606 3181 a
633 3143 886 3184 Domitiano
906 3144 992 3183 fac-

108 3210 214 3245 tum.
262 3204 478 3245 Martialis
512 3203 585 3246 lib.
615 3217 718 3247 vm.
766 3208 778 3229 ‘
802 3207 887 3248 Hic
909 3207 991 3248 tibi

106 3269 309 3309 Fortuna
331 3268 497 3309 Reduci
519 3267 729 3321 fulgentia
746 3270 836 3311 late
868 3272 991 3312 Tem-

105 3331 178 3384 pla
214 3337 384 3384 patent,
414 3329 520 3371 felix
557 3344 658 3372 area
691 3345 830 3385 nuper
866 3334 990 3375 erat!

109 3394 371 3436 Claudianus
388 3408 401 3436 t
430 3397 442 3417 ⁸
462 3394 611 3436 Aurea
626 3395 830 3438 Fortuuae
848 3398 991 3439 Redu-

110 3458 149 3498 ci
166 3457 383 3511 sitempla
408 3458 578 3510 priores
608 3458 679 3500 Ob
699 3461 887 3502 reditum
918 3475 992 3504 vo-

109 3533 216 3562 vere
242 3523 431 3574 Ducum,
461 3533 547 3563 non
595 3522 768 3577 dignius
804 3538 990 3579 unquam

112 3583 225 3626 Haec
260 3585 359 3626 Dea
394 3598 471 3639 pro
501 3587 666 3629 meritis
711 3589 872 3643 amplas
909 3592 991 3634 sibi

1845 318 1956 373 983

1070 460 1272 510 posceret
1286 451 1436 495 aedes.'
1467 452 1524 492 G.
1547 449 1706 492 Fabn't.
1761 450 1959 503 Contigit

1068 518 1200 562 Anno
1220 518 1353 560 Urbis
1369 526 1538 558 chxv.

1128 584 1201 624 Via
1219 582 1386 634 Latina]
1428 580 1544 621 Haec
1582 590 1663 631 per
1701 578 1958 626 Fet-cutum,

1068 646 1313 697 Frusiuum,
1354 642 1656 685 Fabrateriam
1705 640 1872 694 oppida
1907 641 1962 681 ad

1069 709 1274 751 Casinum
1295 713 1489 759 extensa,
1508 706 1581 748 ubi
1613 705 1659 746 in
1691 703 1882 757 Appiam
1902 705 1963 745 iu-

1069 774 1193 816 cidit.
1250 773 1304 814 In
1323 772 1465 813 Dacia
1485 771 1581 812 haec
1602 769 1762 822 legitur
1781 769 1965 822 inscrip-

1069 838 1160 879 tio:
1210 837 1262 878 L.
1292 835 1452 876 Amuo
1490 836 1704 875 FAmANo
1730 843 1803 875 111.
1836 833 1963 874 Vmo

1070 904 1295 944 cuprum
1344 901 1591 941 Cvns‘rom
1629 898 1731 939 Vm:
1768 898 1962 939 LA'rmAE

1068 967 1182 1008 Luc.
1203 977 1249 1006 x.
1286 965 1540 1006 FRE'rENffls
1570 964 1777 1004 LEGATO.
1834 962 1964 1004 Hanc

1069 1031 1182 1073 viam
1213 1029 1429 1071 Martialis
1458 1028 1586 1068 modo
1617 1025 1805 1079 Latiam,
1833 1027 1965 1068 modo

1069 1096 1304 1139 Ausoniam
1337 1094 1530 1136 nominat
1566 1093 1643 1133 lib.
1676 1104 1746 1134 lx.
1792 1094 1804 1116 ‘
1824 1092 1967 1133 Simili

1070 1160 1339 1202 venerandus
1367 1159 1420 1200 ab
1443 1157 1637 1199 Hercule
1666 1157 1831 1206 Caesar,
1850 1156 1964 1197 con-

1068 1230 1211 1266 secrat
1251 1223 1453 1264 Ausoniae
1486 1223 1677 1263 maxima
1706 1220 1810 1262 fana
1843 1220 1963 1262 viae.’

1069 1289 1192 1331 Idem
1231 1288 1382 1330 eodem
1428 1287 1562 1328 libro:
1619 1289 1633 1311 ‘
1670 1285 1878 1327 Herculis
1922 1285 1965 1325 in

1068 1353 1214 1406 magni
1235 1354 1380 1394 vultus
1400 1351 1671 1394 descendere
1690 1351 1838 1393 Caesar
1853 1350 1962 1402 Dig-

1070 1425 1213 1469 natus,
1246 1418 1383 1459 Latiae
1410 1417 1487 1458 dat
1520 1429 1633 1457 nova
1667 1416 1831 1469 templa
1864 1415 1965 1456 viae.

1070 1483 1168 1525 Qua
1186 1482 1349 1522 Triviae
1369 1494 1595 1522 nemorosa
1610 1483 1723 1534 petit
1742 1480 1844 1521 dum
1865 1491 1970 1531 reg—

1070 1559 1127 1587 na
1145 1547 1302 1599 viator,
1320 1547 1540 1588 Octavum
1575 1545 1749 1585 domina
1776 1555 1964 1584 marmor

1069 1611 1124 1651 ab
1145 1611 1266 1651 Urbe
1287 1611 1419 1662 legit?
1450 1611 1505 1651 G.
1528 1610 1746 1650 Fabritz‘us.

1124 1673 1219 1714 Non
1237 1673 1371 1724 semel,
1401 1675 1468 1712 sed
1501 1672 1560 1712 bis
1589 1673 1759 1712 locutum
1777 1670 1963 1712 constitit

1066 1736 1132 1777 his
1158 1750 1256 1790 pene
1274 1736 1421 1788 verbis]
1466 1736 1518 1776 In
1548 1736 1732 1776 Susiano
1762 1735 1962 1787 habetur,

1068 1800 1132 1840 his
1145 1800 1260 1852 prius
1277 1800 1419 1840 verbis.
1475 1799 1622 1853 Atque
1639 1799 1826 1852 abrupta
1846 1797 1965 1839 vide-

1068 1872 1142 1906 tur
1155 1866 1399 1916 sententia3
1439 1877 1537 1904 nam
1566 1864 1601 1905 si
1621 1863 1741 1917 prius
1760 1864 1837 1915 ita,
1856 1875 1963 1916 quo-

1067 1928 1197 1969 modo
1232 1940 1338 1980 ergo
1383 1929 1572 1969 locutum
1622 1927 1816 1969 secundo
1862 1928 1959 1967 est?

1066 1992 1328 2034 Plutarchus
1362 1998 1506 2033 autem
1535 2005 1586 2033 ac
1614 1991 1856 2045 Dionysius
1876 1996 1964 2033 tra·

1066 2057 1175 2099 dunt
1194 2059 1344 2099 eadem
1376 2060 1571 2100 locutum
1594 2057 1741 2100 fuisse.
1798 2059 1964 2110 Legen-

1066 2122 1169 2163 dum
1190 2122 1325 2176 igitur
1355 2136 1451 2164 esse
1482 2124 1655 2176 opinor,
1682 2123 1745 2163 his
1760 2135 1858 2175 pene
1876 2135 1964 2163 ver·

1065 2184 1126 2226 bis
1137 2199 1152 2233 ‚·
1181 2198 1284 2235 non,
1302 2187 1366 2227 lais
1380 2188 1496 2239 prius
1512 2186 1653 2227 verbis.
1685 2185 1816 2238 Pigh.

1120 2251 1198 2292 Bis
1216 2252 1386 2292 wantum
1403 2252 1598 2303 constitit,
1619 2251 1681 2290 his
1692 2263 1793 2303 pene
1810 2249 1961 2302 verbis]

1067 2313 1140 2354 Ita
1166 2319 1214 2355 tu
1235 2314 1365 2366 Pighi
1397 2313 1616 2368 (ignosce)
1636 2318 1706 2354 me
1726 2313 1961 2354 abnuente.

1065 2378 1279 2420 Quorsum
1294 2378 1407 2419 enim
1427 2383 1502 2418 aut
1516 2378 1586 2418 cui
1597 2377 1827 2417 sententiae
1841 2376 1964 2429 illud,

1058 2441 1190 2495 pene?
1238 2443 1354 2483 Nam
1388 2442 1574 2483 sauciis
1608 2442 1715 2494 ipsis
1736 2441 1881 2482 verbis
1901 2441 1964 2481 lo-

1061 2513 1211 2548 cutum
1231 2508 1343 2559 vult,
1363 2518 1447 2547 non
1468 2506 1668 2559 ambigue
1690 2505 1866 2556 talibus,
1886 2509 1962 2545 aut

1066 2570 1121 2611 ad
1152 2583 1251 2611 eum
1282 2583 1470 2612 sensum.
1525 2568 1635 2610 Abis
1666 2569 1798 2610 etiam
1826 2569 1960 2610 omni-

1060 2636 1140 2678 bus
1157 2636 1277 2678 libris
1312 2636 1469 2689 priscis
1505 2636 1590 2676 tuis
1609 2635 1866 2689 alienisque,
1885 2635 1960 2689 qui

1060 2700 1276 2753 referunt,
1303 2701 1418 2753 prius
1454 2701 1516 2741 his
1543 2700 1687 2741 verbis.
1744 2699 1871 2740 Ibam
1908 2699 1955 2740 in

1058 2765 1358 2818 conjecturas;
1387 2764 1464 2806 sed
1484 2766 1735 2816 veritatem,
1748 2763 1794 2804 ni
1814 2762 1960 2815 fallor,

1056 2830 1263 2870 Sambuci
1297 2829 1422 2870 nobis
1458 2829 1598 2870 codex
1634 2828 1810 2880 ingerit,
1836 2827 1958 2880 cnjus

1057 2892 1175 2933 misit
1191 2892 1244 2933 ad
1260 2905 1338 2933 nos
1360 2893 1654 2945 Excerpta,in
1669 2905 1722 2933 eo
1740 2897 1843 2945 apte
1861 2892 1957 2932 haec

1057 2957 1215 2997 lacuna
1233 2956 1442 3008 expleta:
1472 2956 1536 2996 his
1546 2968 1646 3007 pene
1664 2955 1813 3004 verbis,
1834 2954 1955 2995 Rmz

1057 3031 1126 3061 mn
1169 3020 1421 3061 MATRONAE
1468 3031 1684 3061 vmrs'ns.
1759 3017 1955 3067 Deinde,

1057 3085 1174 3126 Rrrn
1194 3094 1479 3125 Dnnrcssrrs.
1511 3085 1618 3124 Vult
1640 3083 1755 3124 enim
1776 3081 1951 3123 omnino

1054 3148 1272 3200 Valerius,
1303 3148 1370 3189 bis
1405 3148 1450 3188 id
1483 3147 1653 3200 signum
1688 3157 1840 3187 vocem
1859 3143 1950 3184 edi-

1055 3211 1188 3265 disse,
1218 3211 1411 3265 ejusdem
1442 3211 1618 3261 mentis,
1645 3209 1769 3251 verbi
1801 3213 1949 3248 tamen

1055 3275 1179 3315 unius
1209 3275 1492 3315 immutantis.
1549 3274 1651 3314 Scio
1679 3270 1953 3323 Dionysium,

1054 3339 1353 3391 Plutarchum,
1383 3338 1673 3390 Augustiunm
1710 3335 1838 3375 etiam
1873 3334 1954 3375 lib.

1056 3415 1122 3446 iv.
1147 3403 1208 3444 ¹de
1229 3403 1419 3445 civitate
1440 3401 1649 3450 scribere,
1668 3399 1856 3439 iterasse
1871 3397 1952 3439 Ju-

1053 3478 1210 3507 nonem
1248 3466 1314 3507 bis
1344 3464 1494 3505 eadem
1527 3463 1623 3514 ipsa
1659 3459 1821 3511 verba;
1867 3459 1947 3500 sed

1054 3529 1273 3570 Valerium
1292 3526 1345 3568 ab
1365 3527 1416 3568 iis
1435 3524 1554 3564 abire
1584 3523 1655 3576 (ut
1692 3520 1832 3576 saepe)
1861 3527 1947 3562 tes-

1058 3592 1144 3634 tari
1164 3592 1343 3635 verbum
1361 3589 1520 3630 vidistis
1533 3591 1694 3642 potest,
1713 3586 1828 3640 quod
1849 3585 1944 3627 aliis
