2320 4004
373 286 517 340 1212

369 419 553 470 perium,
569 430 621 458 ex
640 417 895 460 decemviris
911 431 1040 460 unum
1057 419 1247 473 Appium

371 482 594 524 Claudium
612 482 793 534 plebeiae
808 483 981 534 virginis
999 485 1247 536 stuprandae

368 547 503 587 libido
523 548 643 586 velut
661 546 800 587 rabies
823 547 1016 600 quaedam
1045 548 1244 590 incessit:

368 611 462 652 haec
482 613 605 652 Lucii
624 613 846 664 cujusdam
866 613 1050 665 Virginii
1067 613 1170 665 filia,
1201 619 1247 654 et

370 676 418 716 L.
451 675 575 716 Icilio
605 676 829 716 tribunitio
864 678 955 718 viro
987 677 1247 730 desponsata

369 744 475 789 erat,
498 752 622 792 quam
641 739 823 794 Appius,
848 754 989 783 amore
1017 740 1246 794 insaniens,

368 804 510 854 pretio
526 816 575 843 ac
589 816 717 856 prece
733 818 894 858 speque
907 806 1110 858 pellicere
1123 807 1246 847 ador·

367 871 452 918 tus,
471 874 695 920 postquam
711 870 851 909 omnia
869 870 1028 922 pudore
1044 876 1167 922 septa
1183 871 1246 910 in-

368 931 501 979 venit,
523 933 574 972 ad
595 931 811 974 crudelem
830 934 1141 987 superbamque
1162 934 1245 974 vim

368 995 552 1035 animum
567 997 800 1038 convertit.
828 998 891 1037 M.
906 998 1086 1038 Claudio
1098 999 1247 1038 clienti

367 1060 585 1110 negotium
608 1060 745 1111 dedit,
762 1067 810 1101 ut
829 1062 1035 1114 virginem
1054 1062 1096 1101 in
1115 1062 1245 1102 servi-

366 1128 504 1164 tutem
534 1131 765 1177 assereret,
800 1138 939 1178 neque
975 1126 1152 1166 cederet
1180 1137 1245 1166 se-

366 1188 551 1228 cundum
585 1189 831 1229 libertatem
863 1189 1137 1241 poscentibus
1156 1188 1246 1228 vin-

367 1252 508 1292 dicias
552 1253 596 1292 Is
618 1253 767 1304 virgini
797 1253 839 1292 in
868 1252 1007 1292 forum
1029 1253 1083 1292 ad
1102 1253 1245 1291 litera-

365 1327 458 1355 rum
488 1316 634 1355 ludum
663 1315 854 1356 venienti
883 1329 1053 1356 manum
1082 1316 1244 1368 injecit,

364 1391 480 1419 suam
510 1391 677 1419 servam
710 1392 733 1418 e
763 1392 886 1419 serva
921 1386 1062 1419 natam
1095 1379 1246 1430 appel-

364 1443 482 1491 lans3
513 1453 722 1482 concursu
740 1442 971 1482 amicorum
1003 1442 1057 1482 ad
1086 1443 1244 1482 clamo-

364 1518 453 1546 rem
473 1506 657 1546 nutricis
678 1506 899 1549 Quiritum
930 1505 1059 1545 fidem
1092 1506 1244 1557 implo-

365 1571 501 1610 rantis
533 1569 655 1611 facto
686 1571 912 1621 liberatur,
941 1570 983 1610 in
1007 1570 1079 1622 jus
1099 1575 1244 1610 tamen

364 1635 543 1686 rapitur,
560 1634 613 1673 ad
634 1634 854 1687 Appiique
877 1634 1063 1674 tribunal
1088 1634 1245 1685 produ-

363 1699 493 1750 citur,
512 1698 583 1752 qui
604 1710 657 1738 ex
677 1699 916 1750 composito
929 1699 1114 1750 puellam
1129 1699 1247 1738 Mar-

365 1775 416 1803 co
437 1762 617 1803 claudio
644 1762 855 1815 poscenti,
881 1767 926 1802 et
946 1774 1110 1801 servam
1131 1773 1246 1801 asse-

366 1827 479 1868 renti
501 1840 636 1879 suam,
665 1826 942 1877 adjudicavit.
985 1825 1161 1866 Interea
1190 1826 1243 1866 P.

365 1891 635 1932 Numitorius
666 1891 822 1942 puellae
858 1902 977 1941 aVuS,
1005 1896 1050 1930 et
1067 1902 1245 1942 sponsus

365 1955 516 1995 Icilius
536 1954 843 2006 interveniunt,
860 1955 1045 2006 puellam
1066 1967 1090 1994 a
1106 1955 1146 1994 vi
1159 1967 1245 1994 ma-

365 2019 444 2070 gis,
465 2031 590 2072 quam
612 2018 813 2070 ajudicio
833 2024 1024 2059 tuentur.
1062 2019 1246 2072 Jamque

366 2084 487 2136 gravi
525 2083 735 2123 seditione
772 2089 881 2136 orta,
928 2089 1146 2125 certamen
1186 2083 1247 2123 in·

366 2154 482 2188 stare
511 2148 752 2190 videbatur.
796 2150 901 2189 Tum
932 2148 1101 2201 Appius
1120 2149 1247 2188 liber-

364 2211 465 2251 tatis
485 2211 692 2252 vindicias
707 2212 1008 2266 judiciumque
1029 2213 1184 2264 puellae
1204 2213 1247 2252 in

365 2281 617 2328 sequentem
653 2275 766 2316 diem
813 2276 926 2316 datis
973 2276 1247 2328 sponsoribus

365 2340 631 2391 pronuntiat.
689 2340 862 2380 Interea
898 2345 1022 2392 pater
1060 2353 1249 2392 praepro-

364 2416 469 2455 pere
498 2403 664 2444 accitur
682 2416 707 2444 e
726 2406 894 2456 castris,
922 2404 1010 2457 qui,
1029 2404 1175 2445 audito
1199 2403 1248 2444 fi-

365 2468 434 2508 liae
464 2468 672 2520 periculo,
693 2474 961 2521 acceptoque
987 2474 1246 2518 commeatu,

366 2531 420 2570 ad
450 2531 599 2571 urbem
630 2538 852 2584 properat,
875 2531 975 2572 filiae
1003 2531 1058 2572 ad
1078 2538 1248 2584 tempus

367 2594 506 2636 adest.
582 2597 693 2636 Nam
726 2609 822 2636 cum
849 2595 1018 2648 Appius
1048 2595 1246 2648 sequenti

367 2659 436 2699 die
467 2659 510 2698 in
544 2659 732 2700 tribunal
758 2659 1042 2709 ascendisset,
1068 2659 1246 2711 puellae-

367 2734 451 2775 que
482 2722 694 2762 vindicias
723 2722 955 2763 secundum
992 2722 1247 2762 servitutem

368 2786 648 2837 decrevisset,
668 2792 788 2827 tanta
817 2785 988 2838 quidem
1021 2786 1082 2824 vis
1103 2797 1248 2825 amen-

367 2851 441 2891 tiae
462 2851 620 2901 verius,
639 2863 766 2903 quam
787 2851 942 2890 amoris
955 2850 1045 2902 ejus
1061 2855 1247 2889 mentem

369 2919 665 2966 praevenerat3
704 2918 794 2954 tum
826 2913 1046 2965 Virginius
1079 2913 1123 2952 in
1157 2912 1247 2964 Ap-

369 2979 487 3031 pium
507 2989 656 3017 manus
675 2978 907 3027 intentans,
926 2976 1070 3027 Icilio,
1092 2977 1248 3030 inquit,

369 3041 505 3093 Appi,
521 3053 606 3081 non
628 3040 707 3081 tibi
736 3040 865 3080 filiam
885 3040 1110 3092 despondi,
1129 3045 1174 3079 et
1193 3039 1248 3080 ad

369 3105 560 3158 nuptias,
590 3117 673 3145 non
702 3105 756 3144 ad
787 3105 1042 3157 explendam
1074 3105 1136 3144 tui
1156 3117 1249 3145 cor-

370 3169 486 3222 poris
522 3169 744 3210 libidinem
779 3168 975 3210 educavi.
1041 3168 1249 3208 Placetne

371 3233 583 3287 pecudum
603 3232 874 3285 ferarumque
902 3232 987 3271 ritu
1009 3232 1248 3283 promiscue

370 3300 414 3339 in
446 3297 701 3340 concubitus
740 3296 891 3338 ruere?
937 3308 1021 3336 non
1052 3308 1249 3348 passuros

369 3363 452 3404 hoc
479 3363 596 3403 cives
630 3363 838 3402 Romanos
866 3364 1008 3413 spero.
1057 3360 1250 3412 Cumque

363 3427 455 3479 jam
485 3427 526 3467 vi
557 3430 757 3478 ageretur
788 3425 831 3464 in
863 3424 1063 3476 pueHam,
1074 3424 1250 3475 jamque

373 3490 606 3531 decemviri
638 3489 845 3543 potentiae
873 3487 1014 3528 resisti
1042 3497 1126 3528 non
1156 3499 1253 3539 pos-

375 3562 457 3609 set,
478 3554 718 3607 Virginius,
739 3553 930 3594 ubinihil
948 3563 1123 3605 usquam
1143 3551 1254 3593 vidit

946 301 1124 341 NOTAE
1167 301 1500 345 VARIORUM
1544 306 1609 347 1N

1309 422 1468 474 auxilii,
1486 423 1779 476 poenitentiam
1813 425 2030 478 simulanS,
2057 426 2185 469 Quae-

1310 498 1372 537 so,
1391 487 1542 539 inquit,
1561 487 1694 539 Appi,
1714 488 1896 540 primum
1918 488 2094 540 ignosce
2111 501 2186 542 pa·

1310 551 1394 589 trio
1414 551 1566 601 dolori,
1585 551 1619 590 si
1639 551 1740 603 quid
1760 551 2059 592 inclementius
2077 553 2121 592 in
2141 558 2187 592 te

1309 625 1399 653 sum
1420 614 1628 665 invectus,
1648 614 1804 654 deinde
1823 617 1934 655 sinas
1953 616 2023 656 hic
2042 628 2185 657 coram

1306 678 1470 728 virgine
1489 678 1698 718 nutricem
1717 679 1963 730 percontari
1983 681 2086 734 quid
2103 681 2187 722 hoc

1307 741 1370 781 rei
1389 742 1459 793 sit,
1480 747 1528 782 ut
1561 742 1595 781 si
1626 741 1736 782 falso
1763 742 1906 784 dictus
1933 752 2059 796 pater
2077 757 2187 796 sum,

1308 805 1484 856 aequiori
1505 805 1603 844 hinc
1634 806 1775 846 animo
1793 806 2021 847 discedam.
2067 809 2188 848 Data

1309 868 1447 920 venia,
1494 869 1664 909 seducit
1702 869 1831 909 filiam
1878 882 1928 910 ac
1975 871 2186 912 nutricem

1307 944 1443 984 prope
1463 932 1708 973 Cloacinam
1731 933 1784 972 ad
1803 933 2015 984 tabernas,
2034 934 2188 986 quibus

1307 999 1410 1035 tunc
1429 995 1561 1035 Novis
1579 1002 1672 1036 erat
1691 1008 1861 1048 nomen,
1877 1001 2005 1050 atque
2018 997 2079 1036 ibi
2097 998 2188 1038 cul·

1309 1065 1375 1100 tro
1396 1060 1448 1101 ab
1468 1061 1580 1100 lanio
1611 1066 1800 1112 arrepto,
1830 1062 1910 1101 hoc
1941 1066 2000 1110 te,
2034 1061 2187 1114 inquit,

1307 1136 1391 1163 uno
1413 1137 1494 1176 quo
1524 1137 1697 1176 possum
1730 1125 1857 1165 modo
1888 1125 1977 1165 filia
1995 1125 2038 1165 in
2057 1125 2188 1173 liber-

1307 1193 1440 1227 tatem
1480 1188 1679 1229 vindico:
1717 1195 1870 1241 pectus
1901 1188 2057 1230 deinde
2084 1188 2186 1230 filiae

1307 1250 1539 1300 transfixit,
1570 1255 1615 1290 et
1652 1257 1853 1303 spectans
1895 1251 1949 1292 ad
1983 1252 2188 1305 tribunal,

1305 1316 1382 1363 Te,
1398 1315 1550 1366 iuquit,
1566 1313 1701 1365 Appi,
1722 1320 1929 1367 tuumque
1954 1321 2087 1367 caput
2104 1316 2186 1357 hec

1308 1378 1516 1429 sanguine
1536 1390 1753 1418 consecr0.
1780 1377 1954 1434 Deinde
1968 1390 2015 1418 se
2034 1378 2077 1418 in
2094 1391 2187 1431 cas-

1308 1450 1375 1481 tra
1408 1442 1633 1494 proripuit.
1693 1442 1810 1483 Hinc
1837 1441 2048 1482 seditione
2076 1447 2189 1493 orta,

1306 1505 1513 1559 factaque
1531 1505 1667 1557 plebis
1684 1505 1979 1556 secessione,a
1995 1506 2187 1558 patribus

1307 1571 1447 1611 coacti
1483 1570 1715 1611 decemviri
1759 1575 1861 1610 sunt
1897 1569 2100 1611 abdicare
2140 1581 2189 1611 se

1306 1633 1578 1685 magistratu,
1605 1640 1838 1686 creataque
1867 1639 1941 1674 est
1963 1633 2188 1674 tribunitia

1307 1703 1518 1749 potestas,
1537 1702 1583 1736 et
1600 1697 1772 1737 reddita
1791 1698 1923 1750 plebi.
1956 1698 2185 1749 Sumptum

1307 1773 1475 1814 quoque
1495 1767 1561 1802 est
1580 1760 1635 1801 de
1655 1760 1909 1802 decemviris
1929 1761 2187 1814 supplicium

1307 1837 1387 1878 per
1403 1825 1594 1865 tribunos
1614 1825 1770 1877 plebis.
1809 1825 1907 1866 Hoc
1923 1831 2068 1865 autem
2085 1836 2186 1866 con-

1309 1887 1410 1939 tigit
1431 1900 1541 1928 anno
1562 1899 1637 1929 Lx.
1659 1893 1758 1940 post
1776 1888 2020 1928 libertatem
2039 1888 2188 1940 incep-

1308 1957 1410 2003 tam,
1425 1956 1535 1991 teste
1557 1952 1766 1992 Cicerone
1785 1951 1896 1992 libro
1910 1951 1964 1993 de
1978 1952 2072 1992 Fin.
2086 1951 2186 1992 bon.

1309 2020 1355 2056 et
1370 2016 1467 2056 mal.
1498 2016 1650 2057 Oliver.

1363 2081 1583 2120 Deductam
1610 2080 1653 2119 in
1671 2079 1808 2129 forum
1834 2079 2001 2130 puellam
2027 2078 2191 2130 occidit]

1309 2145 1404 2184 Imo
1417 2145 1506 2197 jam
1527 2144 1571 2183 in
1590 2143 1687 2183 foro
1705 2149 1800 2183 erat
1817 2143 1960 2195 puella
1984 2142 2039 2182 ad
2057 2141 2192 2195 Appii

1312 2207 1516 2248 tribunal.
1575 2208 1707 2258 Lego,
1753 2206 1960 2246 Seductam
2002 2205 2045 2245 in
2078 2206 2189 2255 soro.

1310 2271 1383 2311 Ita
1425 2284 1494 2311 res
1541 2283 1566 2311 e
1610 2271 1731 2310 Livio
1776 2270 1972 2322 aliisque,
2013 2269 2087 2322 qui
2123 2280 2190 2309 se-

1310 2337 1482 2376 ductam
1523 2336 1711 2387 paullum
1749 2346 1774 2373 a
1818 2339 1942 2385 patre
1987 2332 2193 2385 puellam,

1310 2406 1356 2440 et
1388 2406 1491 2440 tunc
1524 2398 1800 2440 interfectam
1830 2398 1944 2438 clare
1982 2395 2189 2436 scribunt.

1309 2466 1423 2517 Lips.

1362 2531 1384 2582 ᾗ
1414 2533 1439 2569 3
1469 2526 1714 2578 Poedagogo]
1745 2525 1960 2566 oliverius
1988 2521 2195 2574 intelligit

1308 2593 1513 2633 Fannium
1541 2591 1815 2631 Saturninum
1842 2587 1973 2628 fuisse
1994 2585 2194 2639 paedago-

1310 2669 1425 2709 gum.
1456 2655 1626 2703 Badius,

1363 2718 1517 2759 Fannio
1536 2716 1771 2768 Saturnino]
1792 2715 1862 2754 Ita
1881 2713 2194 2766 corrigendum,

1309 2789 1357 2825 ut
1376 2783 1419 2823 in
1436 2782 1734 2832 Atrebatensi‚
1759 2779 2004 2832 Campensi,
2025 2785 2069 2818 et
2086 2777 2191 2818 aliis.

1308 2848 1430 2898 Pigh.
1750 2852 1754 2855 “

1363 2909 1386 2961 §
1405 2914 1431 2950 4
1459 2906 1771 2958 Animadvertit]
1802 2905 1977 2946 Punivit
1996 2912 2146 2945 morte.

1364 2975 1514 3013 Errare
1544 2970 1693 3024 lapsus]
1722 2968 1848 3012 Quod
1869 2969 1912 3008 in
1939 2969 2100 3008 teneris
2119 2980 2194 3007 an·

1310 3037 1376 3078 nis
1394 3049 1487 3077 eam
1508 3035 1691 3076 osculari
1713 3032 1899 3073 fortasse
1925 3031 2074 3071 solitus
2093 3029 2194 3070 fuis-

1311 3107 1391 3153 set,
1411 3105 1457 3141 et
1488 3112 1539 3140 ea
1561 3110 1673 3138 nunc
1699 3095 2006 3137 consuetudine
2037 3093 2194 3146 decep-

1311 3172 1380 3207 tus
1401 3165 1581 3218 simplex
1599 3162 1754 3215 puellae
1779 3160 1966 3200 osculum
1986 3157 2195 3198 dedisset.

1315 3229 1422 3269 Oliv.

1366 3294 1389 3346 ᾗ
1419 3297 1442 3331 5
1472 3286 1735 3338 Seruilianus]
1763 3284 2006 3326 Macrobius
2037 3282 2192 3324 librum

1310 3359 1432 3411 hujus
1453 3357 1506 3396 de
1526 3354 1660 3395 Feriis
1679 3352 1799 3392 citat.
1833 3351 1960 3391 Celer.

1366 3420 1509 3462 Dubia·
1534 3416 1752 3468 castitatis]
1779 3415 1893 3457 Quia
1925 3425 2069 3453 rumor
2085 3416 2193 3465 erat,

1313 3499 1407 3527 eum
1427 3483 1613 3525 amisisse
1635 3479 1956 3534 pudicitiam,et
1971 3476 2194 3518 muliebria

1312 3561 1499 3605 passum.
1539 3546 1644 3587 Bad.
1701 3543 1852 3594 Exegit
1882 3554 2020 3594 poenas
2042 3554 2073 3581 >u
2099 3540 2192 3593 filio
