2288 3990
455 292 718 333 VALERII
765 291 1008 330 MAXIMI
1056 291 1173 330 [AB.
1212 290 1252 327 1.
1292 288 1428 328 GAP.
1455 275 1507 327 6.

100 413 292 468 utrisque
311 415 410 453 sunt
428 410 604 451 Tralles.
632 410 802 450 Badius.

154 478 205 518 In
233 477 316 518 ede
349 473 560 526 ,Victor-ue]
609 473 712 514 Vid.
745 485 840 526 sup.
874 483 975 526 pag.

150 603 232 645 Sub
252 602 424 644 Castu-is
440 601 591 653 statua]
619 601 865 641 Trallenses
881 600 977 641 Cae-

93 667 183 708 sari
199 672 384 709 statuam
403 666 614 719 quandam
633 669 877 715 erexerant,
898 663 977 706 sub

99 741 182 783 qua
197 741 275 782 per
283 730 511 782 juncturas
523 728 715 781 lapidum
732 727 976 780 pavimento

97 793 281 846 palmum
299 793 532 845 pullulasse
551 796 738 833 constat.
767 792 918 832 Oliver.

151 855 234 897 Sub
269 856 443 898 Coesaris
467 855 620 907 εἰαιιια]
658 853 800 896 Julius
838 853 978 895 Obso-

98 930 251 971 (μευ,
297 918 442 960 verbis
488 917 651 959 Valerii
703 917 978 970 Plutarchus,

98 982 206 1034 Dio,
231 984 325 1036 ipse
348 984 508 1026 Caesar.
579 981 808 1033 Philippus
841 981 980 1022 Poeta

98 1046 510 1098 Epigrammatarius
521 1046 688 1086 laurum
701 1050 979 1096 enatam‚non

97 1110 283 1162 palmam
296 1109 470 1151 scribit:
492 1109 634 1153 Φοῖβον
645 1105 863 1160 ἆνῃναμένη
881 1104 979 1147 ποτὲ

96 1170 240 1223 δάφνη,
269 1172 336 1212 νῦν
355 1170 530 1213 ἀνέτειλε
557 1170 751 1223 Καίσαρος
777 1170 821 1209 ἐκ
847 1170 980 1220 βωμοῦ

96 1238 230 1276 aava
261 1234 579 1286 μελαμπέταλον.
632 1235 720 1275 Sed
750 1234 978 1286 Ph=1ippus

95 1299 199 1340 nihil
214 1300 337 1352 pensi
356 1299 524 1350 habuit,
538 1297 667 1339 modo
686 1297 880 1339 victoriae
894 1298 978 1350 sig·

97 1373 198 1403 num
219 1368 416 1414 poneret.
447 1363 620 1403 Colerus.

152 1427 176 1478 §
194 1429 243 1466 18
263 1426 367 1466 Tum
383 1425 493 1476 urus]
522 1425 608 1466 Hic
640 1429 796 1477 aperte
817 1424 980 1466 Caesari

97 1488 326 1540 adulatur3
355 1495 529 1531 constat
558 1489 671 1530 enim
692 1490 745 1530 ab
770 1488 980 1541 Augusto

97 1550 231 1593 fuisse
250 1553 412 1593 Coesari
435 1553 658 1594 dedicatas
677 1564 772 1592 aras
803 1558 850 1593 et
870 1558 978 1596 tem·

97 1614 242 1666 plum:
270 1627 373 1668 ergo
391 1628 477 1656 non
489 1618 580 1656 sine
598 1615 848 1656 adulatione
862 1628 978 1657 com·

98 1683 309 1719 memorat
347 1679 565 1720 Caesarem
613 1677 746 1718 fuisse
796 1684 979 1723 temera-

95 1740 221 1794 rium,
241 1742 356 1794 quod
376 1747 423 1783 et
441 1742 533 1794 ipse
553 1740 814 1792 contemptis
835 1742 977 1793 prodi·

96 1805 179 1856 giis
223 1805 278 1846 in=
304 1805 544 1859 periculum
581 1807 703 1856 suum
734 1807 976 1858 corruerit;

94 1866 195 1908 ideo
214 1869 380 1909 veniam
397 1869 526 1921 petit,
542 1867 578 1909 si
592 1873 747 1908 contra
772 1879 871 1914 eum
890 1868 978 1910 dic-

96 1935 219 1972 turus
244 1932 317 1975 sit.
348 1933 502 1973 Oliver:

152 1994 347 2048 Contigit
363 1995 419 2037 A.
438 1995 493 2037 U.
511 2006 646 2037 nccx.

139 2059 207 2099 -Te
237 2059 341 2100 enim
369 2059 603 2112 accepimus]
650 2059 757 2099 Cum
794 2059 977 2100 Senatus

98 2132 232 2162 novos
258 2128 305 2162 et
339 2123 565 2168 inusitatos
596 2122 781 2168 honores
815 2122 978 2163 Caesari

97 2182 378 2235 decrevisset,
407 2184 478 2224 die
497 2190 676 2235 statuto,
707 2198 791 2237 quo
821 2197 977 2237 accep·

97 2250 219 2286 turus
236 2259 310 2288 eos
339 2247 617 2288 inSenatum
645 2253 850 2288 venturus
869 2254 978 2298 erat,

97 2308 373 2362 sacrificavit,
396 2322 479 2351 nec
507 2322 584 2351 cor
616 2311 822 2362 victimae,
850 2323 979 2364 quam

97 2371 360 2424 immolabat,
395 2372 616 2413 inventum
646 2378 730 2414 est.
785 2374 980 2425 Respon-

98 2445 192 2474 sum
222 2434 373 2488 itaque
393 2438 461 2476 est
479 2434 534 2475 ab
562 2434 779 2488 Aruspice
807 2436 853 2477 id
880 2449 979 2489 pro-

98 2497 264 2551 digium
298 2498 354 2539 ad
384 2499 566 2539 salutem
600 2499 696 2551 ejus
729 2499 976 2551 pertinere:

98 2559 243 2614 itaque
261 2572 358 2602 cum
378 2561 523 2603 Caesar
542 2561 586 2601 in
603 2562 808 2602 Senatum
826 2564 890 2604 ire
911 2575 978 2604 re-

98 2628 284 2674 cusaret,
301 2625 466 2667 Decius
485 2626 665 2677 BrutuS,
692 2627 764 2678 qui
790 2632 915 2668 autor
932 2633 978 2669 et

98 2688 302 2741 princeps
320 2688 628 2740 conjurationis
647 2695 757 2742 erat,
769 2690 977 2743 instabat,

98 2757 148 2793 et
163 2752 379 2805 mouebat,
395 2764 446 2794 ac
459 2753 637 2795 liberius
657 2754 866 2807 arguebat
891 2768 978 2796 non

97 2815 258 2858 decere
274 2816 479 2858 Senatum
514 2818 757 2858 universum
777 2831 856 2871 pro
875 2818 975 2874 uu‘o,

97 2883 145 2920 et
160 2891 215 2921 eo
242 2880 311 2921 cui
329 2879 769 2932 magnificentissimos
794 2882 975 2925 honores

99 2942 359 2985 demandare
393 2943 512 2995 velit,
554 2945 840 2998 nequicquam
876 2959 975 2988 cou-

100 3013 300 3051 voeatum
329 3020 452 3051 esse:
497 3010 782 3062 suspicionem
821 3023 873 3052 eo
904 3012 976 3052 d‘oe

99 3075 235 3112 tautae
258 3071 502 3116 insolentiae
531 3071 786 3125 aufugeret:
827 3074 976 3129 itaque

101 3132 248 3173 Caesar
275 3145 502 3186 persuasus
531 3135 577 3175 in
606 3137 809 3178 Senatum
839 3139 976 3190 venit,

99 3193 191 3245 ubi,
209 3200 320 3237 teste
339 3196 556 3250 Suetonio,
575 3198 710 3240 tribus
729 3205 775 3240 et
795 3200 976 3253 triginta

99 3257 240 3310 plagis
258 3257 510 3304 interfectus
537 3267 621 3302 est.
678 3261 878 3304 Honores
901 3276 975 3304 au-

101 3324 190 3362 tem
225 3333 332 3373 quos
372 3321 434 3362 illi
471 3323 657 3364 Senatus
701 3323 976 3377 decreverat,

86 3388 240 3434 ..grang
259 3387 308 3429 ut
326 3390 538 3436 perpetuo
556 3386 758 3427 Dictator
776 3394 909 3440 esset,
926 3394 976 3430 ut

103 3445 295 3491 omnibus
324 3447 554 3498 provinciis
583 3449 666 3489 nisi
695 3450 832 3491 Italiae
866 3464 979 3504 prae·

104 3513 235 3557 emt,
248 3513 299 3557 ut
318 3513 434 3550 terra
448 3512 643 3565 ‚marique
661 3525 858 3556 coronam
878 3527 979 3567 ges·

211 3573 357 3627 Delos.
368 3582 407 3617 et
425 3578 522 3620 Var.
540 3578 648 3626 Clas.

898 3582 985 3624 Vol.
1007 3584 1126 3625 Max.

1813 276 1920 330 961

1040 413 1156 449 taret
1176 411 1466 460 praeterquam
1499 405 1544 445 in
1573 404 1715 446 Italia.
1769 407 1922 447 Sueto·

1038 472 1133 511 nius
1150 471 1234 511 alia
1254 477 1414 523 praeter
1440 469 1539 508 haec
1573 469 1772 520 prodigia
1792 481 1924 521 appa-

1038 533 1176 573 ruisse
1196 536 1520 583 commemorat,
1530 531 1715 571 Caesaris
1736 530 1922 570 futuram

1039 596 1199 637 caedem
1230 595 1544 648 significantia;
1578 599 1628 634 ut
1662 594 1786 645 illud,
1826 606 1924 634 cum

1040 659 1202 710 Capuae
1234 663 1536 699 everterentur
1565 658 1662 710 lege
1698 657 1818 699 Julia
1853 670 1925 697 ve-

1039 721 1279 762 tustissima
1296 722 1542 774 sepulchra,
1567 722 1712 762 tabula
1741 733 1863 762 aenea
1881 721 1926 760 in

1038 792 1335 836 monumento,
1355 785 1398 824 in
1417 798 1505 838 quo
1531 786 1759 827 dicebatur
1779 786 1925 838 Capys

1039 848 1240 892 conditor
1286 849 1448 901 capuae
1491 851 1702 901 sepultus,
1747 849 1926 889 inventa

1039 917 1123 964 est,
1142 912 1280 953 literis
1300 913 1526 966 verbisque
1547 914 1716 956 Graecis
1734 913 1814 954 hac
1829 925 1925 954 sen-

1031 975 1203 1017 tentia:
1236 975 1422 1017 Quando
1453 989 1551 1017 ossa
1569 977 1730 1030 Capyis
1749 977 1927 1018 detecta

1039 1044 1200 1092 essent,
1220 1038 1315 1080 fore
1335 1044 1384 1080 ut
1417 1040 1514 1080 Iulo
1540 1047 1777 1093 prognatus
1796 1052 1926 1081 manu

1040 1102 1454 1154 consanguineorum
1481 1110 1727 1154 necaretur,
1745 1104 1930 1155 magnis·

1042 1178 1126 1218 que
1140 1177 1241 1206 mox
1256 1165 1398 1206 Italiae
1413 1166 1608 1207 cladibus
1620 1166 1928 1206 vindicaretur.

1042 1230 1176 1282 Cujus
1224 1229 1306 1281 rei,
1341 1242 1396 1270 ne
1434 1231 1528 1283 quis
1572 1229 1815 1272 fabulosam
1852 1235 1927 1270 aut

1041 1293 1381 1337 commentitiam
1401 1299 1543 1346 putet,
1574 1298 1697 1334 autor
1723 1299 1789 1334 est
1822 1293 1930 1333 Cor-

1040 1357 1180 1398 nelius
1199 1355 1364 1397 Balbus
1395 1356 1754 1408 familiarissimus
1787 1358 1929 1399 Caesa·

1041 1420 1115 1461 ris.
1169 1420 1336 1460 Rursus
1363 1415 1502 1462 illud:
1547 1432 1752 1473 equorum
1771 1432 1926 1472 greges

1043 1495 1150 1536 quos
1168 1483 1212 1524 in
1231 1483 1488 1536 trajiciendo
1508 1484 1732 1525 Rubicone
1750 1483 1926 1524 flumine

1042 1553 1388 1594 consecraverat,
1421 1560 1471 1587 ac
1491 1560 1621 1599 vagos
1651 1554 1696 1588 et
1721 1548 1814 1588 sine
1833 1560 1928 1588 cus-

1042 1609 1146 1657 tode
1163 1610 1405 1661 dimiserat,
1434 1611 1649 1662 comperit
1668 1611 1924 1663 pertinacis-

1041 1672 1147 1716 sime
1164 1684 1212 1713 se
1231 1686 1257 1712 a
1288 1673 1446 1725 pabulo
1465 1673 1702 1724 abstinere,
1723 1673 1927 1714 ubertim-

1040 1749 1126 1788 que
1139 1734 1269 1789 flere;
1299 1737 1415 1789 quod
1428 1737 1639 1789 Virgilius
1656 1737 1852 1790 tetigisse
1863 1738 1924 1777 vi-

1041 1799 1169 1841 detur
1199 1800 1243 1844 in
1277 1801 1443 1853 Ecloga
1482 1801 1744 1854 Daphnidis,
1782 1807 1842 1853 et,
1877 1808 1927 1843 ut

1041 1863 1214 1916 quidam
1235 1865 1398 1915 volunt,
1427 1864 1643 1917 deplorat,
1675 1877 1770 1905 cum
1791 1865 1924 1913 dicit:

1039 1928 1173 1969 ‘Non
1206 1928 1283 1971 ulli
1315 1934 1464 1980 pastos
1499 1929 1584 1969 illis
1618 1940 1747 1981 egere
1773 1929 1926 1971 diebus

1041 1990 1219 2043 Frigida
1253 1991 1429 2044 Daphni
1468 1991 1601 2033 boves
1639 1992 1696 2033 ad
1732 1991 1926 2044 flumina,

1039 2055 1157 2095 nulla
1175 2067 1315 2108 ueque
1336 2068 1503 2096 amnem
1529 2056 1706 2098 Libavit
1737 2057 1927 2110 quadru-

1039 2130 1132 2170 pes,
1174 2130 1256 2158 nec
1294 2119 1499 2170 graminis
1537 2120 1685 2171 attigit
1715 2120 1926 2160 herbam!

1039 2181 1153 2221 Item
1165 2181 1297 2232 aliud,
1305 2181 1550 2222 immolante
1559 2182 1791 2236 Aruspice‚
1802 2196 1926 2224 avem

1041 2244 1295 2295 regaliolum
1315 2257 1413 2285 cum
1447 2245 1594 2286 laureo
1613 2248 1778 2288 ramulo
1796 2248 1925 2287 Pom-

1040 2307 1207 2359 peianae
1227 2307 1355 2347 curiae
1375 2320 1423 2348 se
1445 2308 1707 2351 inferentem
1725 2311 1923 2351 volucres

1041 2370 1148 2410 varii
1162 2371 1332 2423 generis
1353 2383 1408 2411 ex
1424 2373 1619 2424 proximo
1635 2386 1808 2414 nemore
1825 2387 1926 2426 pro-

1042 2438 1204 2472 secutae
1226 2432 1384 2474 ibidem
1406 2434 1744 2487 discerpserunt.
1772 2438 1922 2480 Oliver.

1096 2495 1322 2547 Purpurea]
1350 2497 1628 2551 Triumphali-

1099 2561 1235 2601 Cultui
1253 2562 1479 2614 religionis]
1517 2563 1625 2604 Ideo
1661 2564 1788 2614 dixit,
1823 2564 1925 2618 quia

1039 2627 1140 2674 post
1177 2630 1358 2664 mortem
1391 2627 1435 2664 in
1472 2627 1667 2667 Deorum
1699 2639 1922 2668 numerum

1042 2686 1278 2726 translatus
1316 2695 1400 2740 est,
1447 2690 1670 2743 religionis
1719 2704 1835 2743 ergo,
1880 2692 1924 2731 in

1039 2764 1166 2805 quam
1201 2754 1462 2794 transiturus
1483 2761 1604 2795 erat:
1650 2755 1923 2808 quemadmo-

1040 2816 1140 2856 dum
1160 2823 1207 2857 tu
1237 2829 1290 2857 eo
1323 2818 1396 2858 die
1428 2818 1715 2871 sacrificabas,
1749 2821 1812 2862 ita
1840 2820 1924 2861 tibi

1040 2881 1169 2933 paulo
1214 2887 1313 2933 post
1368 2894 1538 2935 quoque
1590 2883 1922 2925 sacrificandum

1041 2950 1136 2985 erat
1181 2945 1224 2986 in
1271 2958 1493 2987 numerum
1542 2948 1737 2989 Deorum
1766 2949 1921 2989 relato.

1044 3009 1196 3049 Oliver.

1095 3071 1298 3126 Spurinna
1329 3073 1526 3126 aruspice]
1562 3075 1778 3128 Spurinna
1807 3087 1920 3127 prae-

1041 3135 1214 3176 dixerat
1233 3137 1398 3177 Caesari
1419 3138 1532 3178 diem
1562 3140 1711 3179 mortis
1739 3151 1845 3188 suae,
1873 3142 1923 3177 ut

1039 3204 1240 3240 caveret:
1270 3206 1396 3241 erant
1425 3207 1567 3242 autem
1600 3202 1703 3242 Idus
1734 3200 1923 3251 Martiae,

1039 3263 1120 3304 hoc
1139 3269 1221 3316 est,
1251 3276 1276 3304 a
1307 3265 1518 3305 Kalendis
1548 3263 1755 3317 usquead
1785 3263 1920 3312 Idus;

1039 3337 1139 3366 nam
1158 3339 1306 3368 omnes
1331 3328 1428 3368 illos
1461 3328 1554 3368 dies
1585 3328 1625 3367 ei
1659 3327 1920 3379 periculosos

1040 3401 1135 3429 esse
1190 3390 1470 3442 praedixerat.
1561 3389 1687 3429 Unde
1743 3390 1920 3441 legitur,

1042 3452 1157 3504 quod
1176 3465 1271 3493 cum
1290 3452 1396 3493 Idus
1419 3453 1695 3492 advenissent
1714 3453 1803 3493 sine
1830 3455 1917 3493 ulla

1040 3527 1154 3557 noxa
1172 3528 1267 3568 sua,
1283 3516 1539 3568 Spurinnam
1551 3515 1756 3567 irridens,
1771 3521 1815 3555 et
1827 3521 1917 3557 tan-

1713 3586 1736 3621 3
1766 3582 1805 3622 Ρ
