2288 3990
354 268 461 323 992

354 396 702 438 omniliterarum
722 398 902 440 scientia
930 405 976 441 et
1004 401 1234 444 dulcedine

355 459 584 510 spoliatum
621 461 778 503 fuisse:
820 464 1104 505 miserabilius
1141 467 1237 521 hoc,

354 527 537 563 matrem
557 525 610 564 ad
632 524 858 567 fortuitum
877 528 1003 568 istum
1032 542 1235 583 conspec-

355 590 446 625 tnm
477 588 604 638 plane
633 588 908 631 obmutuisse.
966 592 1234 634 Stabilimen—

355 653 446 689 tum
467 650 594 702 hujus
614 653 898 694 correctionis
925 656 1087 707 pendet
1105 657 1235 697 etiam

354 713 519 755 abillis
548 716 714 758 verbis:
767 720 895 759 dirum
950 722 1235 774 malignumque

351 779 489 818 vulnus
521 779 564 819 in
582 781 712 821 animo
738 785 929 834 percussi.
975 787 1152 838 Vulgati
1172 793 1233 828 ta·-

351 852 450 881 men
465 843 595 884 lectio
615 846 774 885 servari
794 852 953 899 potest.
986 850 1112 890 Coler.

407 907 474 957 §4
505 908 664 959 AEgles]
710 909 848 951 Aulus
878 912 1071 953 Gellius:
1114 919 1126 937 ⁸
1149 915 1234 955 Sed

350 974 394 1008 et
404 970 617 1022 quispiam
631 971 831 1024 Samius‚’
849 975 1026 1028 inquit,‘
1043 977 1235 1029 Athleta,

349 1045 502 1074 nomen
522 1034 587 1074 illi
605 1035 688 1077 fuit
701 1037 867 1090 Αἴγλης,
884 1052 979 1080 cum
999 1047 1128 1082 antea
1148 1055 1233 1082 non

348 1097 528 1150 loquens
562 1097 730 1152 fuisset,
761 1104 815 1142 ob
854 1103 1036 1143 similem
1074 1104 1235 1145 dicitur

348 1171 521 1201 causam
550 1163 670 1216 loqui
699 1165 910 1217 coepisse;
941 1179 1036 1206 nam
1064 1180 1161 1208 cum
1189 1168 1235 1208 in

348 1239 473 1267 sacro
493 1230 731 1270 certamine
763 1232 932 1272 sortitio
961 1233 1234 1286 interipsum

348 1295 395 1330 et
428 1291 694 1332 adversarios
726 1305 810 1334 non
837 1294 950 1335 bona
977 1295 1062 1336 fide
1091 1297 1232 1348 fieret,

347 1353 423 1392 sed
461 1359 620 1394 sortem
660 1357 844 1397 nominis
880 1356 1033 1398 falsam
1075 1359 1232 1411 subjici

344 1415 734 1470 animadvertisset,
754 1425 935 1472 repente
954 1421 997 1461 in
1018 1434 1133 1474 eum,
1159 1423 1232 1476 qui

342 1479 386 1518 id
406 1477 610 1531 faciebat,
627 1493 721 1522 sese
749 1483 901 1524 videre
923 1484 1025 1537 quid
1052 1484 1230 1532 faceret,

343 1556 543 1596 magnum
579 1546 854 1590 inclamavit:
900 1555 1032 1603 atque
1067 1551 1103 1591 is
1145 1552 1230 1593 oris

343 1610 513 1651 vinculo
561 1611 700 1652 soluto
731 1626 812 1665 per
845 1627 970 1654 omne
996 1615 1096 1657 inde
1124 1617 1228 1658 vitae

343 1679 513 1725 tempus
550 1686 635 1715 non
671 1676 848 1717 turbide
885 1689 1024 1731 neque
1056 1679 1229 1720 adhaese

342 1737 510 1777 locutus
526 1738 624 1778 est!
652 1739 760 1779 Tale
776 1740 980 1793 quiddam
999 1743 1160 1795 legitur
1173 1743 1228 1784 de

342 1799 431 1840 filio
465 1803 597 1843 Croesi
631 1805 776 1856 Regis,
807 1806 880 1858 qui
917 1819 1047 1859 quum
1085 1812 1228 1847 mutus

343 1867 540 1919 vixisset,
560 1869 604 1908 in
625 1870 763 1910 salute
780 1870 917 1923 patris
936 1884 1085 1912 vocem
1106 1885 1228 1914 recn-

339 1932 525 1983 peravit,
542 1933 656 1974 sicut
683 1934 727 1974 in
755 1935 948 1986 capitulo
976 1935 1030 1976 de
1051 1936 1228 1977 Pietate

342 1994 549 2036 dicemus.
582 1998 690 2039 oliv.

392 2058 573 2112 Samius]
617 2061 765 2101 Samos
808 2061 957 2103 Ionica
1001 2064 1043 2103 in
1085 2064 1227 2105 Icario

339 2122 446 2163 mari
475 2134 498 2160 e
527 2124 702 2174 regione
732 2125 866 2166 Ioniae
903 2127 1061 2178 posita.
1117 2130 1226 2171 Quae

337 2185 500 2226 Junoni
540 2187 641 2226 olim
681 2199 822 2229 sacra.
881 2190 961 2229 Est
996 2198 1043 2230 et
1078 2191 1226 2231 Samos

338 2248 527 2289 Thracia
546 2250 676 2306 maris
694 2250 847 2303 AEgoei,
875 2252 1070 2294 Thraciae
1090 2265 1225 2305 oppo-

337 2313 434 2353 sita.
478 2314 630 2354 Tertia
665 2314 799 2354 maris
833 2314 945 2354 Ionii
977 2315 1125 2356 Insula
1157 2321 1227 2357 est

335 2388 474 2429 prope
496 2377 782 2430 Zacynthum.
820 2379 948 2419 Ortel.

389 2440 574 2492 Athleta]
622 2443 780 2483 Pollux
828 2439 1103 2484 Athletarum
1150 2455 1224 2484 no-

336 2503 451 2544 mine
489 2505 707 2557 gymnicos
742 2518 891 2546 omnes
931 2506 1115 2557 intelligi
1150 2518 1224 2547 vo·

333 2568 428 2608 luit.
473 2568 535 2608 Hi
563 2574 708 2610 autem
741 2575 854 2620 sunt,
878 2569 1110 2621 παλαισταὶ,
1137 2573 1224 2623 δρο·

335 2633 434 2684 μεῖς,
481 2630 641 2685 πῦκται,
682 2632 917 2680 δισκοβόλοι,
963 2641 1009 2675 et
1057 2634 1225 2675 ἂλτικοῖ.

337 2695 464 2735 Vide·
499 2697 707 2737 Plautum
754 2697 957 2738 Baccliid.
1007 2696 1108 2738 Act.
1154 2710 1225 2739 ιιι.

337 2760 410 2800 Sc.
425 2771 500 2800 ιιι.
521 2760 577 2800 de
597 2761 777 2813 antiqua
796 2773 1024 2814 puerorum
1044 2763 1223 2804 Graeco-

336 2835 430 2864 rum
451 2824 728 2866 institutione
743 2826 1005 2879 loquentem.
1034 2828 1223 2868 Budoeus.

335 2888 595 2928 Aristoteles
633 2889 677 2928 in
714 2889 851 2940 primo
893 2891 1221 2932 Rhetoricorum

333 2951 398 2991 ita
424 2951 644 3004 disponit:
683 2952 697 2975 ‘
718 2954 827 2995 Quae
861 2955 1054 3006 corporis
1087 2955 1221 2996 virtus

333 3015 546 3055 attributa
585 3021 652 3056 est
685 3017 1009 3069 certaminibus,
1047 3025 1222 3058 constat

332 3080 648 3132 magnitudine,
662 3081 833 3133 robore,
848 3083 1094 3124 celeritate.
1133 3084 1219 3126 Qui

323 3144 498 3195 jactare
524 3149 646 3184 certo
675 3145 802 3185 modo
834 3157 976 3198 crura,
1008 3159 1218 3199 porroque

333 3218 509 3247 movere
529 3212 689 3259 potest,
705 3218 855 3248 cursor
871 3214 954 3258 est,
970 3210 1129 3262 quippe
1149 3222 1218 3250 ce-

334 3270 511 3311 leritate
539 3271 699 3312 valens.
755 3272 841 3314 Qui
879 3277 970 3312 tum
1007 3285 1218 3325 premere,

335 3338 426 3373 tum
456 3333 695 3386 continere,
723 3335 760 3374 is
794 3339 863 3375 est
901 3336 1104 3387 luctator,
1141 3337 1215 3390 qui

335 3396 616 3447 percutiendo
632 3398 812 3450 pellere,
825 3399 959 3451 pugil,
978 3399 1049 3452 qui
1067 3400 1216 3441 horum

334 3465 518 3513 utroque
563 3461 706 3509 modo,
744 3462 968 3514 pancratio
1011 3463 1214 3505 idoneus:

336 3525 407 3576 qui
437 3525 490 3566 ad
519 3526 612 3568 liaec
638 3530 796 3569 cuncta
815 3531 959 3581 aptus,
979 3526 1211 3582 quinquer-

936 285 1113 326 NOTAE
1154 287 1489 331 VAR10RUM
1535 292 1597 330 IN

1298 407 1386 447 tlo.'
1428 409 1543 449 Vide
1574 414 1620 450 et
1643 410 1944 452 Mercurialem
1966 412 2019 453 de
2040 412 2174 466 Gym-

1296 476 1408 511 nast.

1357 534 1526 587 Vocalis]
1552 537 1623 577 De
1655 542 1772 577 muto
1803 537 1946 580 factus
1965 545 2033 581 est
2051 552 2174 581 voca-

1297 595 1365 647 lis,
1388 598 1487 649 quia
1513 612 1662 640 vocem
1695 601 1947 655 acquisivit3
1974 615 2073 643 nam
2103 616 2175 644 vo-

1297 661 1401 700 calis
1422 661 1595 714 dicitur,
1613 664 1684 716 qui
1703 677 1810 705 voce
1827 665 1977 706 utitur.

1352 726 1417 776 §5
1447 726 1516 765 Ex
1549 727 1630 777 ipso
1655 728 1889 779 genetricis]
1918 729 2098 782 Legitur
2115 735 2177 780 et,

1296 791 1452 827 tantum
1480 802 1557 828 non
1576 802 1627 828 ex
1644 790 1743 842 ipso,
1770 793 1836 842 δῖα.
1859 792 1903 831 id
1925 798 2006 843 est,
2024 790 2176 833 ferme.

1298 851 1414 902 Ergo
1433 851 1513 892 hoc
1534 853 1666 893 dicit:
1696 852 1831 894 ferme
1860 867 1914 894 ex
1943 855 2035 907 ipso
2064 857 2179 907 geni-

1297 915 1403 955 toris
1423 928 1527 967 rogo
1549 918 1680 956 vitam
1711 923 1758 958 et
1785 930 1915 958 cunas
1936 923 2176 970 assecutus,

1298 977 1395 1031 quia
1413 991 1564 1031 parum
1584 980 1811 1020 admodum
1830 980 1930 1032 fuit,
1955 981 2054 1035 quin
2073 993 2176 1034 rogo

1297 1042 1694 1097 superinjiceretur,
1726 1050 1955 1097 antequam
1977 1056 2084 1097 puer
2105 1056 2177 1084 va-

1297 1104 1431 1156 gitum
1451 1106 1618 1147 ederet.

1349 1168 1429 1209 Sed
1446 1172 1566 1210 etiam
1592 1170 1730 1222 cunas]
1760 1170 1874 1211 Nam
1892 1170 2041 1211 matris
2059 1171 2174 1211 locu-

1296 1231 1385 1272 lum
1412 1245 1488 1273 seu
1510 1232 1721 1274 feretrum
1749 1235 1899 1275 habuit
1927 1247 2006 1287 pro
2028 1234 2175 1287 primis

1296 1296 1436 1338 cunis.

1350 1362 1373 1413 ς
1392 1364 1418 1400 6
1457 1361 1647 1413 Pheraeo]
1690 1362 1847 1403 Psherae
1883 1363 2178 1417 Peloponnesi

1296 1422 1449 1464 civitas
1469 1426 1522 1466 ad
1541 1426 1679 1466 sinum
1707 1426 2041 1479 Messeniacum,
2067 1428 2175 1468 Pto-

1295 1487 1465 1530 lemaeo.

1346 1552 1515 1591 Pheroeo
1547 1553 1710 1605 Jasoni]
1734 1553 1807 1593 Sic
1844 1553 1936 1593 Cic.
1973 1552 2028 1594 de
2068 1554 2173 1596 Nat.

1294 1615 1427 1655 Deor.
1445 1615 1519 1656 lib.
1539 1628 1570 1656 1.
1611 1617 1695 1657 Sed
1715 1617 1978 1657 Plutarchus
1998 1617 2176 1658 Prome·

1293 1679 1440 1719 theum
1460 1685 1601 1720 vocat.
2147 1711 2149 1714 ι

1351 1742 1566 1795 Vomicam]
1593 1742 1770 1784 Vomica
1810 1743 1983 1795 proprie
2015 1742 2175 1783 dicitur

1292 1805 1412 1846 ulcus
1443 1807 1596 1855 latens,
1629 1819 1655 1846 a
1683 1807 1909 1854 vomendo,
1943 1806 2044 1860 quia
2075 1819 2175 1859 rup-

1291 1875 1382 1910 tum
1403 1871 1563 1910 evomit
1589 1870 1767 1910 saniem.
1810 1871 2006 1922 vomica,
2025 1881 2173 1910 secun-

1290 1933 1392 1974 «lum
1427 1935 1615 1975 Nonium
1648 1935 1922 1986 Marcellum,
1954 1935 2072 1974 locus
2105 1938 2173 1973 est

1288 2010 1500 2038 concavus
1535 2003 1581 2038 et
1618 2003 1836 2038 vetustate
1870 1998 2083 2048 ambesus,
2110 2010 2175 2038 se·

1289 2062 1471 2102 cundum
1492 2062 1599 2101 alios
1619 2075 1753 2114 genus
1774 2062 2069 2114 apostematis,
2095 2074 2173 2114 per

1287 2126 1400 2178 quod
1421 2126 1676 2166 emittuntur
1691 2125 1869 2166 viscera.
1902 2126 2009 2166 Oliv.

1342 2191 1409 2241 §⁷
1439 2191 1564 2242 AEque
1587 2189 1703 2241 Diis]
1729 2189 1900 2229 Solinus
1929 2188 1984 2228 de
2011 2200 2170 2228 memo·

1288 2253 1448 2293 talibus
1469 2253 1615 2293 mundi
1645 2265 1728 2292 non
1763 2251 1972 2303 iutelligit
1989 2251 2171 2292 Simoni-

1287 2316 1400 2368 dem,
1445 2317 1519 2356 sed
1558 2316 1791 2357 Pindarum
1831 2315 2011 2356 Poetam
2049 2315 2171 2367 Lyri-

1287 2391 1401 2431 cum,
1420 2380 1492 2432 qui
1512 2379 1554 2419 in
1575 2380 1775 2420 honorem
1793 2378 1988 2420 Pollucis
2005 2383 2051 2419 et
2068 2378 2170 2418 Cas·

1287 2443 1391 2483 toris
1412 2444 1601 2484 carmina
1628 2443 1818 2496 scripsit.
1873 2443 2000 2484 Dicit
2027 2442 2167 2483 enim:

1287 2507 1300 2530 ‘
1322 2507 1559 2547 Pindarum
1578 2507 1782 2559 Lyricum
1812 2519 1838 2548 e
1868 2507 2053 2548 convivii
2074 2508 2170 2548 loco

1286 2569 1355 2610 cui
1373 2570 1624 2610 imminebat
1649 2570 1787 2620 ruina,
1805 2582 1861 2610 ne
1878 2583 1975 2610 cum
1994 2570 2168 2611 caeteris

1285 2632 1501 2684 interiret,
1520 2632 1757 2674 forinsecus
1776 2634 1930 2674 Castor
1947 2637 1995 2674 et
2009 2634 2169 2674 Pollux

1287 2702 1564 2748 vocaverunt,
1581 2696 1924 2748 inspectantibus
1938 2697 2144 2736 universis
2156 2710 2170 2746 ς

1287 2771 1372 2813 quo
1393 2759 1593 2800 effectum
1613 2765 1694 2807 est,
1713 2765 1763 2800 ut
1780 2760 1894 2800 solus
1915 2759 2168 2811 impendens

1286 2825 1523 2876 periculum
1543 2823 1780 2864 evaderet!
1818 2824 1970 2865 Cicero
1984 2821 2040 2864 de
2059 2824 2169 2865 Ora-

1286 2893 1382 2927 tore
1400 2886 1473 2928 lib.
1493 2899 1546 2927 11.
1585 2887 1601 2909 '‘
1622 2886 1854 2938 Gratiam,’
1881 2887 2036 2940 inquit,
2061 2886 2074 2908 ‘
2094 2886 2169 2926 ha-

1286 2950 1369 2990 beo
1388 2949 1595 2990 Simonidi
1613 2950 1676 2990 illi
1696 2950 1819 3000 Chio,
1837 2962 1961 3002 quem
1983 2949 2164 3001 primum

1283 3014 1431 3054 ferunt
1468 3021 1604 3056 artem
1642 3016 1857 3055 memoriae
1907 3013 2163 3065 protulisse:

1283 3078 1436 3119 dicunt
1452 3079 1580 3130 enim,
1596 3091 1692 3119 cum
1707 3083 1900 3118 coenaret
1915 3079 2110 3118 Cranone
2124 3077 2166 3116 in

1283 3142 1504 3182 Thessalia
1549 3141 1787 3181 Simonides
1823 3140 1938 3193 apud
1967 3141 2166 3192 Scopam,

1279 3205 1540 3247 fortunatum
1555 3206 1763 3246 hominem
1779 3211 1822 3244 et
1834 3205 2035 3256 nobilem,
2055 3203 2166 3245 ceci-

1279 3268 1495 3321 nissetque
1510 3269 1552 3308 id
1570 3280 1738 3308 carmen
1752 3267 1864 3320 quod
1875 3268 1917 3307 in
1927 3280 2023 3308 eum
2032 3267 2166 3318 scrip·

1280 3334 1424 3385 sisset,
1462 3334 1503 3373 in
1533 3345 1615 3385 quo
1657 3333 1790 3372 multa
1819 3331 1997 3387 ornandi
2034 3342 2165 3371 causa

1279 3397 1512 3439 Poetarum
1545 3407 1664 3435 more
1690 3395 1734 3434 in
1758 3394 1980 3435 Castorem
2000 3393 2164 3446 scripta

1279 3468 1324 3502 et
1341 3462 1566 3501 Pollucem
1585 3458 1782 3509 fuissent,
1797 3458 1920 3498 nimis
1939 3458 2053 3497 illum
2073 3469 2161 3496 sor-

1279 3525 1378 3568 dide
1397 3523 1602 3566 Simonidi
1631 3522 1808 3575 dixisse,
1846 3523 1900 3564 Se
1938 3521 2159 3564 dimidium
