<?xml version="1.0" encoding="UTF-8"?>
<!DOCTYPE html PUBLIC "-//W3C//DTD XHTML 1.0 Transitional//EN"
    "http://www.w3.org/TR/xhtml1/DTD/xhtml1-transitional.dtd">
<html xmlns="http://www.w3.org/1999/xhtml" xml:lang="en" lang="en">
 <head>
  <title>
</title>
<meta http-equiv="Content-Type" content="text/html;charset=utf-8" />
  <meta name='ocr-system' content='tesseract 3.04.00' />
  <meta name='ocr-capabilities' content='ocr_page ocr_carea ocr_par ocr_line ocrx_word'/>
</head>
<body>
  <div class='ocr_page' id='page_1' title='image "./factorumdictorum03valeuoft_0076.png"; bbox 0 0 2288 3990; ppageno 0'>
   <div class='ocr_carea' id='block_1_1' title="bbox 380 276 487 328">
    <p class='ocr_par' dir='ltr' id='par_1_1' title="bbox 380 276 487 328">
     <span class='ocr_line' id='line_1_1' title="bbox 380 276 487 328; baseline -0.019 1"><span class='ocrx_word' id='word_1_1' title='bbox 380 276 487 328; x_wconf 81' lang='lat'><strong>976</strong></span> 
     </span>
    </p>
   </div>
   <div class='ocr_carea' id='block_1_2' title="bbox 383 403 1254 708">
    <p class='ocr_par' dir='ltr' id='par_1_2' title="bbox 383 403 1254 708">
     <span class='ocr_line' id='line_1_2' title="bbox 384 403 1251 457; baseline -0.003 -11"><span class='ocrx_word' id='word_1_2' title='bbox 384 413 497 454; x_wconf 83' lang='lat' dir='ltr'><strong>rent,</strong></span> <span class='ocrx_word' id='word_1_3' title='bbox 532 406 573 445; x_wconf 90' lang='lat' dir='ltr'><strong>id</strong></span> <span class='ocrx_word' id='word_1_4' title='bbox 612 410 693 457; x_wconf 89' lang='lat' dir='ltr'><strong>est,</strong></span> <span class='ocrx_word' id='word_1_5' title='bbox 729 404 898 457; x_wconf 85' lang='lat' dir='ltr'><strong>quaudo</strong></span> <span class='ocrx_word' id='word_1_6' title='bbox 937 403 1251 455; x_wconf 78' lang='lat' dir='ltr'><strong>permitterent.</strong></span> 
     </span>
     <span class='ocr_line' id='line_1_3' title="bbox 385 470 909 511; baseline -0.008 0"><span class='ocrx_word' id='word_1_7' title='bbox 385 470 553 511; x_wconf 76' lang='lat' dir='ltr'><strong>Badius.</strong></span> <span class='ocrx_word' id='word_1_8' title='bbox 904 497 909 499; x_wconf 84' lang='lat'><em>-</em></span> 
     </span>
     <span class='ocr_line' id='line_1_4' title="bbox 440 528 1214 581; baseline -0.005 -9"><span class='ocrx_word' id='word_1_9' title='bbox 440 530 648 581; x_wconf 77' lang='lat' dir='ltr'><strong>Tollendoe]</strong></span> <span class='ocrx_word' id='word_1_10' title='bbox 676 528 995 571; x_wconf 86' lang='lat' dir='ltr'><strong>Interficiendae</strong></span> <span class='ocrx_word' id='word_1_11' title='bbox 1010 529 1214 569; x_wconf 86' lang='lat' dir='ltr'><strong>mulieris.</strong></span> 
     </span>
     <span class='ocr_line' id='line_1_5' title="bbox 438 593 1254 648; baseline -0.006 -12"><span class='ocrx_word' id='word_1_12' title='bbox 438 598 460 648; x_wconf 52' lang='grc' dir='ltr'><strong>ξ</strong></span> <span class='ocrx_word' id='word_1_13' title='bbox 488 600 513 636; x_wconf 82' lang='grc'><strong>7</strong></span> <span class='ocrx_word' id='word_1_14' title='bbox 547 596 683 635; x_wconf 79' lang='lat' dir='ltr'><strong>Tutius</strong></span> <span class='ocrx_word' id='word_1_15' title='bbox 698 593 903 644; x_wconf 82' lang='lat' dir='ltr'><strong>somnium]</strong></span> <span class='ocrx_word' id='word_1_16' title='bbox 934 593 1086 633; x_wconf 88' lang='lat' dir='ltr'><strong>Cicero</strong></span> <span class='ocrx_word' id='word_1_17' title='bbox 1107 593 1254 632; x_wconf 86' lang='lat' dir='ltr'><strong>deDi-</strong></span> 
     </span>
     <span class='ocr_line' id='line_1_6' title="bbox 383 655 1254 708; baseline -0.003 -9"><span class='ocrx_word' id='word_1_18' title='bbox 383 660 598 700; x_wconf 88' lang='lat' dir='ltr'><strong>vinatione</strong></span> <span class='ocrx_word' id='word_1_19' title='bbox 616 659 688 698; x_wconf 88' lang='lat' dir='ltr'><strong>lib.</strong></span> <span class='ocrx_word' id='word_1_20' title='bbox 710 670 742 698; x_wconf 84' lang='lat'><strong>1.</strong></span> <span class='ocrx_word' id='word_1_21' title='bbox 758 658 770 680; x_wconf 94' lang='lat'>‘</span> <span class='ocrx_word' id='word_1_22' title='bbox 785 655 957 707; x_wconf 87' lang='lat' dir='ltr'><strong>Mater‚&#39;</strong></span> <span class='ocrx_word' id='word_1_23' title='bbox 977 657 1130 708; x_wconf 88' lang='lat' dir='ltr'><strong>inquit,</strong></span> <span class='ocrx_word' id='word_1_24' title='bbox 1151 658 1163 679; x_wconf 90' lang='lat'>‘</span> <span class='ocrx_word' id='word_1_25' title='bbox 1179 657 1254 696; x_wconf 91' lang='lat' dir='ltr'><strong>Di-</strong></span> 
     </span>
    </p>
   </div>
   <div class='ocr_carea' id='block_1_3' title="bbox 305 722 1254 774">
    <p class='ocr_par' dir='ltr' id='par_1_3' title="bbox 305 722 1254 774">
     <span class='ocr_line' id='line_1_7' title="bbox 305 722 1254 774; baseline -0.003 -12"><span class='ocrx_word' id='word_1_26' title='bbox 305 740 309 745; x_wconf 70' lang='grc'>’</span> <span class='ocrx_word' id='word_1_27' title='bbox 382 723 519 774; x_wconf 83' lang='lat' dir='ltr'><strong>onysii</strong></span> <span class='ocrx_word' id='word_1_28' title='bbox 555 723 664 773; x_wconf 87' lang='lat' dir='ltr'><strong>ejus,</strong></span> <span class='ocrx_word' id='word_1_29' title='bbox 694 723 763 773; x_wconf 87' lang='lat' dir='ltr'><strong>qui</strong></span> <span class='ocrx_word' id='word_1_30' title='bbox 797 722 1156 773; x_wconf 80' lang='lat' dir='ltr'>Syracusanorum</span> <span class='ocrx_word' id='word_1_31' title='bbox 1189 725 1254 769; x_wconf 89' lang='lat' dir='ltr'><strong>ty-</strong></span> 
     </span>
    </p>
   </div>
   <div class='ocr_carea' id='block_1_4' title="bbox 383 782 1255 835">
    <p class='ocr_par' dir='ltr' id='par_1_4' title="bbox 383 782 1255 835">
     <span class='ocr_line' id='line_1_8' title="bbox 383 782 1255 835; baseline -0.006 -10"><span class='ocrx_word' id='word_1_32' title='bbox 383 798 539 825; x_wconf 90' lang='lat' dir='ltr'><strong>rannus</strong></span> <span class='ocrx_word' id='word_1_33' title='bbox 568 784 666 835; x_wconf 88' lang='lat' dir='ltr'><strong>fuit,</strong></span> <span class='ocrx_word' id='word_1_34' title='bbox 697 791 746 824; x_wconf 92' lang='lat' dir='ltr'><strong>ut</strong></span> <span class='ocrx_word' id='word_1_35' title='bbox 773 784 979 835; x_wconf 85' lang='lat' dir='ltr'><strong>scriptum</strong></span> <span class='ocrx_word' id='word_1_36' title='bbox 1010 783 1122 833; x_wconf 91' lang='lat' dir='ltr'><strong>apud</strong></span> <span class='ocrx_word' id='word_1_37' title='bbox 1156 782 1255 821; x_wconf 89' lang='lat' dir='ltr'><strong>Phi-</strong></span> 
     </span>
    </p>
   </div>
   <div class='ocr_carea' id='block_1_5' title="bbox 314 846 1254 898">
    <p class='ocr_par' dir='ltr' id='par_1_5' title="bbox 314 846 1254 898">
     <span class='ocr_line' id='line_1_9' title="bbox 314 846 1254 898; baseline -0.004 -11"><span class='ocrx_word' id='word_1_38' title='bbox 314 879 317 883; x_wconf 92' lang='lat'><em>.</em></span> <span class='ocrx_word' id='word_1_39' title='bbox 383 848 526 887; x_wconf 83' lang='lat' dir='ltr'><strong>listum</strong></span> <span class='ocrx_word' id='word_1_40' title='bbox 563 852 643 898; x_wconf 83' lang='lat' dir='ltr'><strong>est,</strong></span> <span class='ocrx_word' id='word_1_41' title='bbox 678 851 724 886; x_wconf 89' lang='lat' dir='ltr'><strong>et</strong></span> <span class='ocrx_word' id='word_1_42' title='bbox 760 846 934 886; x_wconf 87' lang='lat' dir='ltr'><strong>doctum</strong></span> <span class='ocrx_word' id='word_1_43' title='bbox 965 846 1173 886; x_wconf 89' lang='lat' dir='ltr'><strong>hominem</strong></span> <span class='ocrx_word' id='word_1_44' title='bbox 1211 850 1254 883; x_wconf 90' lang='lat' dir='ltr'><strong>et</strong></span> 
     </span>
    </p>
   </div>
   <div class='ocr_carea' id='block_1_6' title="bbox 381 909 1268 3536">
    <p class='ocr_par' dir='ltr' id='par_1_6' title="bbox 381 909 1258 1450">
     <span class='ocr_line' id='line_1_10' title="bbox 383 909 1255 961; baseline -0.005 -13"><span class='ocrx_word' id='word_1_45' title='bbox 383 909 648 961; x_wconf 82' lang='lat' dir='ltr'><strong>diligentem,</strong></span> <span class='ocrx_word' id='word_1_46' title='bbox 685 913 730 949; x_wconf 91' lang='lat' dir='ltr'><strong>et</strong></span> <span class='ocrx_word' id='word_1_47' title='bbox 767 910 974 960; x_wconf 83' lang='lat' dir='ltr'><strong>aequalem</strong></span> <span class='ocrx_word' id='word_1_48' title='bbox 1017 913 1255 958; x_wconf 87' lang='lat' dir='ltr'><strong>temporum</strong></span> 
     </span>
     <span class='ocr_line' id='line_1_11' title="bbox 381 970 1255 1024; baseline -0.002 -14"><span class='ocrx_word' id='word_1_49' title='bbox 381 972 568 1022; x_wconf 78' lang='lat' dir='ltr'><strong>illorum,</strong></span> <span class='ocrx_word' id='word_1_50' title='bbox 602 984 698 1013; x_wconf 84' lang='lat' dir='ltr'><strong>cum</strong></span> <span class='ocrx_word' id='word_1_51' title='bbox 731 983 960 1024; x_wconf 84' lang='lat' dir='ltr'><strong>praegnans</strong></span> <span class='ocrx_word' id='word_1_52' title='bbox 986 972 1098 1010; x_wconf 90' lang='lat' dir='ltr'><strong>hunc</strong></span> <span class='ocrx_word' id='word_1_53' title='bbox 1119 970 1255 1020; x_wconf 88' lang='lat' dir='ltr'><strong>ipsum</strong></span> 
     </span>
     <span class='ocr_line' id='line_1_12' title="bbox 383 1034 1256 1089; baseline -0.006 -12"><span class='ocrx_word' id='word_1_54' title='bbox 383 1038 642 1089; x_wconf 87' lang='lat' dir='ltr'><strong>Dionysium</strong></span> <span class='ocrx_word' id='word_1_55' title='bbox 662 1038 758 1077; x_wconf 88' lang='lat' dir='ltr'><strong>alvo</strong></span> <span class='ocrx_word' id='word_1_56' title='bbox 788 1037 1045 1086; x_wconf 90' lang='lat' dir='ltr'><strong>contineret,</strong></span> <span class='ocrx_word' id='word_1_57' title='bbox 1076 1034 1256 1074; x_wconf 88' lang='lat' dir='ltr'><strong>somnia-</strong></span> 
     </span>
     <span class='ocr_line' id='line_1_13' title="bbox 382 1096 1257 1151; baseline -0.007 -11"><span class='ocrx_word' id='word_1_58' title='bbox 382 1100 447 1140; x_wconf 90' lang='lat' dir='ltr'><strong>vit</strong></span> <span class='ocrx_word' id='word_1_59' title='bbox 482 1112 528 1139; x_wconf 90' lang='lat' dir='ltr'><strong>se</strong></span> <span class='ocrx_word' id='word_1_60' title='bbox 563 1100 784 1151; x_wconf 80' lang='lat' dir='ltr'><strong>peperisse</strong></span> <span class='ocrx_word' id='word_1_61' title='bbox 819 1099 1085 1150; x_wconf 87' lang='lat' dir='ltr'><strong>satyriscum.</strong></span> <span class='ocrx_word' id='word_1_62' title='bbox 1141 1096 1257 1135; x_wconf 89' lang='lat' dir='ltr'><strong>Huic</strong></span> 
     </span>
     <span class='ocr_line' id='line_1_14' title="bbox 384 1158 1257 1212; baseline -0.007 -10"><span class='ocrx_word' id='word_1_63' title='bbox 384 1164 644 1212; x_wconf 75' lang='lat' dir='ltr'><strong>interpretes</strong></span> <span class='ocrx_word' id='word_1_64' title='bbox 663 1161 931 1209; x_wconf 90' lang='lat' dir='ltr'><strong>somniorum,</strong></span> <span class='ocrx_word' id='word_1_65' title='bbox 959 1160 1030 1211; x_wconf 91' lang='lat' dir='ltr'><strong>qui</strong></span> <span class='ocrx_word' id='word_1_66' title='bbox 1046 1158 1257 1199; x_wconf 85' lang='lat' dir='ltr'><strong>Galleotae</strong></span> 
     </span>
     <span class='ocr_line' id='line_1_15' title="bbox 382 1222 1257 1271; baseline -0.006 -8"><span class='ocrx_word' id='word_1_67' title='bbox 382 1224 426 1263; x_wconf 92' lang='lat' dir='ltr'><strong>in</strong></span> <span class='ocrx_word' id='word_1_68' title='bbox 449 1224 594 1263; x_wconf 80' lang='lat' dir='ltr'><strong>Sicilia</strong></span> <span class='ocrx_word' id='word_1_69' title='bbox 614 1228 702 1263; x_wconf 90' lang='lat' dir='ltr'><strong>tum</strong></span> <span class='ocrx_word' id='word_1_70' title='bbox 723 1222 1063 1271; x_wconf 84' lang='lat' dir='ltr'><strong>nominabantur,</strong></span> <span class='ocrx_word' id='word_1_71' title='bbox 1084 1231 1257 1271; x_wconf 87' lang='lat' dir='ltr'><strong>respon-</strong></span> 
     </span>
     <span class='ocr_line' id='line_1_16' title="bbox 384 1283 1257 1336; baseline -0.003 -11"><span class='ocrx_word' id='word_1_72' title='bbox 384 1286 554 1335; x_wconf 88' lang='lat' dir='ltr'><strong>derunt,</strong></span> <span class='ocrx_word' id='word_1_73' title='bbox 587 1298 698 1334; x_wconf 90' lang='lat' dir='ltr'><strong>eum,</strong></span> <span class='ocrx_word' id='word_1_74' title='bbox 728 1297 853 1336; x_wconf 91' lang='lat' dir='ltr'><strong>quem</strong></span> <span class='ocrx_word' id='word_1_75' title='bbox 889 1284 1144 1335; x_wconf 80' lang='lat' dir='ltr'><strong>peperisset,</strong></span> <span class='ocrx_word' id='word_1_76' title='bbox 1173 1283 1257 1322; x_wconf 90' lang='lat' dir='ltr'><strong>cla-</strong></span> 
     </span>
     <span class='ocr_line' id='line_1_17' title="bbox 382 1344 1258 1389; baseline -0.002 -2"><span class='ocrx_word' id='word_1_77' title='bbox 382 1348 591 1388; x_wconf 88' lang='lat' dir='ltr'><strong>rissimum</strong></span> <span class='ocrx_word' id='word_1_78' title='bbox 619 1348 804 1389; x_wconf 84' lang='lat' dir='ltr'><strong>Graeciae</strong></span> <span class='ocrx_word' id='word_1_79' title='bbox 834 1347 1037 1387; x_wconf 89' lang='lat' dir='ltr'><strong>diuturna</strong></span> <span class='ocrx_word' id='word_1_80' title='bbox 1060 1359 1155 1387; x_wconf 88' lang='lat' dir='ltr'><strong>cum</strong></span> <span class='ocrx_word' id='word_1_81' title='bbox 1174 1344 1258 1386; x_wconf 84' lang='lat' dir='ltr'><strong>for-</strong></span> 
     </span>
     <span class='ocr_line' id='line_1_18' title="bbox 385 1409 645 1450; baseline 0 0"><span class='ocrx_word' id='word_1_82' title='bbox 385 1415 488 1450; x_wconf 90' lang='lat' dir='ltr'><strong>tuna</strong></span> <span class='ocrx_word' id='word_1_83' title='bbox 519 1409 645 1450; x_wconf 85' lang='lat' dir='ltr'><strong>fore.’</strong></span> 
     </span>
    </p>

    <p class='ocr_par' dir='ltr' id='par_1_7' title="bbox 381 1471 1265 3221">
     <span class='ocr_line' id='line_1_19' title="bbox 437 1471 1259 1525; baseline 0.002 -13"><span class='ocrx_word' id='word_1_84' title='bbox 437 1471 700 1525; x_wconf 78' lang='lat' dir='ltr'><strong>Satyriscum]</strong></span> <span class='ocrx_word' id='word_1_85' title='bbox 716 1472 900 1511; x_wconf 88' lang='lat' dir='ltr'><strong>Parvum</strong></span> <span class='ocrx_word' id='word_1_86' title='bbox 915 1476 1118 1524; x_wconf 85' lang='lat' dir='ltr'><strong>satyrum.</strong></span> <span class='ocrx_word' id='word_1_87' title='bbox 1144 1472 1259 1514; x_wconf 90' lang='lat' dir='ltr'><strong>Mul-</strong></span> 
     </span>
     <span class='ocr_line' id='line_1_20' title="bbox 383 1534 1258 1588; baseline -0.002 -13"><span class='ocrx_word' id='word_1_88' title='bbox 383 1541 428 1575; x_wconf 89' lang='lat' dir='ltr'><strong>ta</strong></span> <span class='ocrx_word' id='word_1_89' title='bbox 464 1536 518 1574; x_wconf 90' lang='lat' dir='ltr'><strong>de</strong></span> <span class='ocrx_word' id='word_1_90' title='bbox 557 1535 711 1586; x_wconf 88' lang='lat' dir='ltr'><strong>satyris</strong></span> <span class='ocrx_word' id='word_1_91' title='bbox 755 1546 988 1588; x_wconf 89' lang='lat' dir='ltr'><strong>eorumque</strong></span> <span class='ocrx_word' id='word_1_92' title='bbox 1030 1534 1258 1586; x_wconf 80' lang='lat' dir='ltr'><strong>generibus</strong></span> 
     </span>
     <span class='ocr_line' id='line_1_21' title="bbox 382 1597 1258 1650; baseline -0.002 -11"><span class='ocrx_word' id='word_1_93' title='bbox 382 1599 575 1639; x_wconf 88' lang='lat' dir='ltr'><strong>fabulata</strong></span> <span class='ocrx_word' id='word_1_94' title='bbox 594 1604 662 1638; x_wconf 88' lang='lat' dir='ltr'><strong>est</strong></span> <span class='ocrx_word' id='word_1_95' title='bbox 672 1598 918 1650; x_wconf 79' lang='lat' dir='ltr'><strong>antiquitas.</strong></span> <span class='ocrx_word' id='word_1_96' title='bbox 973 1597 1100 1637; x_wconf 88' lang='lat' dir='ltr'><strong>Absit</strong></span> <span class='ocrx_word' id='word_1_97' title='bbox 1115 1603 1258 1637; x_wconf 89' lang='lat' dir='ltr'><strong>autem</strong></span> 
     </span>
     <span class='ocr_line' id='line_1_22' title="bbox 382 1661 1258 1713; baseline -0.002 -11"><span class='ocrx_word' id='word_1_98' title='bbox 382 1668 433 1702; x_wconf 88' lang='lat' dir='ltr'><strong>ut</strong></span> <span class='ocrx_word' id='word_1_99' title='bbox 448 1666 644 1713; x_wconf 89' lang='lat' dir='ltr'><strong>putemus</strong></span> <span class='ocrx_word' id='word_1_100' title='bbox 665 1666 813 1702; x_wconf 79' lang='lat' dir='ltr'><strong>extare</strong></span> <span class='ocrx_word' id='word_1_101' title='bbox 831 1662 955 1709; x_wconf 89' lang='lat' dir='ltr'><strong>ullos,</strong></span> <span class='ocrx_word' id='word_1_102' title='bbox 976 1666 1048 1701; x_wconf 88' lang='lat' dir='ltr'><strong>aut</strong></span> <span class='ocrx_word' id='word_1_103' title='bbox 1062 1661 1258 1701; x_wconf 84' lang='lat' dir='ltr'><strong>extitisse</strong></span> 
     </span>
     <span class='ocr_line' id='line_1_23' title="bbox 382 1725 1258 1777; baseline -0.002 -12"><span class='ocrx_word' id='word_1_104' title='bbox 382 1738 584 1777; x_wconf 90' lang='lat' dir='ltr'><strong>unquam,</strong></span> <span class='ocrx_word' id='word_1_105' title='bbox 619 1725 663 1765; x_wconf 90' lang='lat' dir='ltr'><strong>in</strong></span> <span class='ocrx_word' id='word_1_106' title='bbox 711 1737 851 1764; x_wconf 89' lang='lat' dir='ltr'><strong>rerum</strong></span> <span class='ocrx_word' id='word_1_107' title='bbox 891 1730 1046 1764; x_wconf 88' lang='lat' dir='ltr'><strong>natura</strong></span> <span class='ocrx_word' id='word_1_108' title='bbox 1079 1725 1258 1775; x_wconf 84' lang='lat' dir='ltr'><strong>Satyros</strong></span> 
     </span>
     <span class='ocr_line' id='line_1_24' title="bbox 381 1787 1259 1830; baseline 0 -3"><span class='ocrx_word' id='word_1_109' title='bbox 381 1787 615 1830; x_wconf 87' lang='lat' dir='ltr'><strong>Silenosve.</strong></span> <span class='ocrx_word' id='word_1_110' title='bbox 668 1788 755 1828; x_wconf 85' lang='lat' dir='ltr'><strong>Sed</strong></span> <span class='ocrx_word' id='word_1_111' title='bbox 789 1801 884 1828; x_wconf 92' lang='lat' dir='ltr'><strong>cum</strong></span> <span class='ocrx_word' id='word_1_112' title='bbox 916 1801 1064 1828; x_wconf 87' lang='lat' dir='ltr'><strong>errans</strong></span> <span class='ocrx_word' id='word_1_113' title='bbox 1093 1793 1168 1828; x_wconf 90' lang='lat' dir='ltr'><strong>aut</strong></span> <span class='ocrx_word' id='word_1_114' title='bbox 1197 1788 1259 1827; x_wconf 89' lang='lat' dir='ltr'><strong>lu-</strong></span> 
     </span>
     <span class='ocr_line' id='line_1_25' title="bbox 385 1849 1259 1900; baseline 0.001 -11"><span class='ocrx_word' id='word_1_115' title='bbox 385 1849 489 1891; x_wconf 88' lang='lat' dir='ltr'><strong>dens</strong></span> <span class='ocrx_word' id='word_1_116' title='bbox 508 1859 676 1899; x_wconf 88' lang='lat' dir='ltr'><strong>natura,</strong></span> <span class='ocrx_word' id='word_1_117' title='bbox 701 1851 813 1890; x_wconf 89' lang='lat' dir='ltr'><strong>sicut</strong></span> <span class='ocrx_word' id='word_1_118' title='bbox 841 1851 901 1891; x_wconf 87' lang='lat' dir='ltr'><strong>ait</strong></span> <span class='ocrx_word' id='word_1_119' title='bbox 926 1851 1111 1900; x_wconf 82' lang='lat' dir='ltr'><strong>Plinius,</strong></span> <span class='ocrx_word' id='word_1_120' title='bbox 1126 1850 1259 1891; x_wconf 84' lang='lat' dir='ltr'><strong>homi·</strong></span> 
     </span>
     <span class='ocr_line' id='line_1_26' title="bbox 383 1913 1259 1966; baseline 0.001 -14"><span class='ocrx_word' id='word_1_121' title='bbox 383 1925 480 1954; x_wconf 86' lang='lat' dir='ltr'><strong>nem</strong></span> <span class='ocrx_word' id='word_1_122' title='bbox 501 1913 726 1966; x_wconf 89' lang='lat' dir='ltr'><strong>aliquando</strong></span> <span class='ocrx_word' id='word_1_123' title='bbox 758 1914 1032 1966; x_wconf 81' lang='lat' dir='ltr'><strong>produxisset</strong></span> <span class='ocrx_word' id='word_1_124' title='bbox 1059 1914 1103 1953; x_wconf 92' lang='lat' dir='ltr'><strong>in</strong></span> <span class='ocrx_word' id='word_1_125' title='bbox 1121 1914 1259 1953; x_wconf 89' lang='lat' dir='ltr'><strong>lucem</strong></span> 
     </span>
     <span class='ocr_line' id='line_1_27' title="bbox 384 1976 1262 2028; baseline 0 -12"><span class='ocrx_word' id='word_1_126' title='bbox 384 1989 484 2017; x_wconf 90' lang='lat' dir='ltr'><strong>cum</strong></span> <span class='ocrx_word' id='word_1_127' title='bbox 516 1977 730 2027; x_wconf 84' lang='lat' dir='ltr'><strong>cornibus,</strong></span> <span class='ocrx_word' id='word_1_128' title='bbox 763 1982 838 2017; x_wconf 85' lang='lat' dir='ltr'><strong>aut</strong></span> <span class='ocrx_word' id='word_1_129' title='bbox 869 1977 954 2016; x_wconf 89' lang='lat' dir='ltr'><strong>alia</strong></span> <span class='ocrx_word' id='word_1_130' title='bbox 973 1976 1262 2028; x_wconf 83' lang='lat' dir='ltr'><strong>deformitate,</strong></span> 
     </span>
     <span class='ocr_line' id='line_1_28' title="bbox 385 2040 1261 2091; baseline 0.001 -12"><span class='ocrx_word' id='word_1_131' title='bbox 385 2045 535 2079; x_wconf 88' lang='lat' dir='ltr'><strong>contra</strong></span> <span class='ocrx_word' id='word_1_132' title='bbox 565 2043 791 2080; x_wconf 84' lang='lat' dir='ltr'><strong>consuetas</strong></span> <span class='ocrx_word' id='word_1_133' title='bbox 825 2040 908 2090; x_wconf 91' lang='lat' dir='ltr'><strong>ipsi</strong></span> <span class='ocrx_word' id='word_1_134' title='bbox 944 2040 1058 2091; x_wconf 84' lang='lat' dir='ltr'><strong>leges</strong></span> <span class='ocrx_word' id='word_1_135' title='bbox 1096 2040 1261 2080; x_wconf 89' lang='lat' dir='ltr'><strong>notabi-</strong></span> 
     </span>
     <span class='ocr_line' id='line_1_29' title="bbox 386 2103 1260 2154; baseline 0.001 -13"><span class='ocrx_word' id='word_1_136' title='bbox 386 2103 470 2141; x_wconf 86' lang='lat' dir='ltr'><strong>lem</strong></span> <span class='ocrx_word' id='word_1_137' title='bbox 493 2116 503 2142; x_wconf 86' lang='lat'>:</span> <span class='ocrx_word' id='word_1_138' title='bbox 539 2103 756 2154; x_wconf 85' lang='lat' dir='ltr'><strong>paullatim</strong></span> <span class='ocrx_word' id='word_1_139' title='bbox 779 2115 1028 2154; x_wconf 82' lang='lat' dir='ltr'><strong>persuasere</strong></span> <span class='ocrx_word' id='word_1_140' title='bbox 1047 2103 1129 2142; x_wconf 90' lang='lat' dir='ltr'><strong>sibi</strong></span> <span class='ocrx_word' id='word_1_141' title='bbox 1149 2115 1260 2142; x_wconf 90' lang='lat' dir='ltr'><strong>mor·</strong></span> 
     </span>
     <span class='ocr_line' id='line_1_30' title="bbox 385 2164 1260 2217; baseline -0.001 -12"><span class='ocrx_word' id='word_1_142' title='bbox 385 2165 493 2205; x_wconf 85' lang='lat' dir='ltr'><strong>tales</strong></span> <span class='ocrx_word' id='word_1_143' title='bbox 513 2178 652 2205; x_wconf 89' lang='lat' dir='ltr'><strong>rerum</strong></span> <span class='ocrx_word' id='word_1_144' title='bbox 671 2165 877 2216; x_wconf 88' lang='lat' dir='ltr'><strong>imperiti,</strong></span> <span class='ocrx_word' id='word_1_145' title='bbox 895 2171 940 2204; x_wconf 87' lang='lat' dir='ltr'><strong>et</strong></span> <span class='ocrx_word' id='word_1_146' title='bbox 960 2165 1141 2205; x_wconf 87' lang='lat' dir='ltr'><strong>naturali</strong></span> <span class='ocrx_word' id='word_1_147' title='bbox 1161 2164 1260 2217; x_wconf 82' lang='lat' dir='ltr'><strong>qua-</strong></span> 
     </span>
     <span class='ocr_line' id='line_1_31' title="bbox 384 2227 1260 2280; baseline 0.002 -14"><span class='ocrx_word' id='word_1_148' title='bbox 384 2227 482 2266; x_wconf 90' lang='lat' dir='ltr'><strong>dam</strong></span> <span class='ocrx_word' id='word_1_149' title='bbox 510 2228 784 2268; x_wconf 89' lang='lat' dir='ltr'><strong>inclinatione</strong></span> <span class='ocrx_word' id='word_1_150' title='bbox 810 2229 979 2280; x_wconf 88' lang='lat' dir='ltr'><strong>generis</strong></span> <span class='ocrx_word' id='word_1_151' title='bbox 1010 2229 1179 2268; x_wconf 84' lang='lat' dir='ltr'><strong>humani</strong></span> <span class='ocrx_word' id='word_1_152' title='bbox 1206 2228 1260 2268; x_wconf 89' lang='lat' dir='ltr'><strong>ad</strong></span> 
     </span>
     <span class='ocr_line' id='line_1_32' title="bbox 382 2289 1260 2340; baseline 0.002 -12"><span class='ocrx_word' id='word_1_153' title='bbox 382 2289 662 2340; x_wconf 75' lang='grc' dir='ltr'>τερατολογίαν</span> <span class='ocrx_word' id='word_1_154' title='bbox 681 2302 731 2329; x_wconf 90' lang='lat' dir='ltr'><strong>ac</strong></span> <span class='ocrx_word' id='word_1_155' title='bbox 754 2302 893 2329; x_wconf 88' lang='lat' dir='ltr'><strong>rerum</strong></span> <span class='ocrx_word' id='word_1_156' title='bbox 909 2290 1166 2330; x_wconf 89' lang='lat' dir='ltr'><strong>mirabilium</strong></span> <span class='ocrx_word' id='word_1_157' title='bbox 1184 2290 1260 2330; x_wconf 88' lang='lat' dir='ltr'><strong>fic-</strong></span> 
     </span>
     <span class='ocr_line' id='line_1_33' title="bbox 383 2352 1260 2404; baseline -0.001 -12"><span class='ocrx_word' id='word_1_158' title='bbox 383 2352 545 2392; x_wconf 87' lang='lat' dir='ltr'><strong>tionem</strong></span> <span class='ocrx_word' id='word_1_159' title='bbox 576 2359 622 2392; x_wconf 90' lang='lat' dir='ltr'><strong>et</strong></span> <span class='ocrx_word' id='word_1_160' title='bbox 658 2352 919 2392; x_wconf 82' lang='lat' dir='ltr'><strong>auditionem</strong></span> <span class='ocrx_word' id='word_1_161' title='bbox 955 2353 1084 2404; x_wconf 73' lang='lat' dir='ltr'><strong>Juxta</strong></span> <span class='ocrx_word' id='word_1_162' title='bbox 1122 2352 1260 2404; x_wconf 87' lang='lat' dir='ltr'><strong>proni,</strong></span> 
     </span>
     <span class='ocr_line' id='line_1_34' title="bbox 384 2415 1260 2467; baseline 0.002 -13"><span class='ocrx_word' id='word_1_163' title='bbox 384 2415 501 2456; x_wconf 89' lang='lat' dir='ltr'><strong>nasci</strong></span> <span class='ocrx_word' id='word_1_164' title='bbox 533 2416 576 2455; x_wconf 90' lang='lat' dir='ltr'><strong>in</strong></span> <span class='ocrx_word' id='word_1_165' title='bbox 609 2415 738 2467; x_wconf 83' lang='lat' dir='ltr'><strong>sylvis</strong></span> <span class='ocrx_word' id='word_1_166' title='bbox 769 2420 815 2455; x_wconf 93' lang='lat' dir='ltr'><strong>et</strong></span> <span class='ocrx_word' id='word_1_167' title='bbox 838 2415 1033 2467; x_wconf 84' lang='lat' dir='ltr'><strong>abruptis</strong></span> <span class='ocrx_word' id='word_1_168' title='bbox 1053 2416 1260 2467; x_wconf 85' lang='lat' dir='ltr'><strong>montium</strong></span> 
     </span>
     <span class='ocr_line' id='line_1_35' title="bbox 385 2479 1260 2531; baseline 0.002 -13"><span class='ocrx_word' id='word_1_169' title='bbox 385 2479 474 2518; x_wconf 85' lang='lat' dir='ltr'><strong>tale</strong></span> <span class='ocrx_word' id='word_1_170' title='bbox 509 2479 750 2518; x_wconf 81' lang='lat' dir='ltr'><strong>animalium</strong></span> <span class='ocrx_word' id='word_1_171' title='bbox 789 2491 949 2530; x_wconf 87' lang='lat' dir='ltr'><strong>genus:</strong></span> <span class='ocrx_word' id='word_1_172' title='bbox 998 2479 1111 2531; x_wconf 90' lang='lat' dir='ltr'><strong>quod</strong></span> <span class='ocrx_word' id='word_1_173' title='bbox 1145 2491 1260 2520; x_wconf 89' lang='lat' dir='ltr'><strong>com-</strong></span> 
     </span>
     <span class='ocr_line' id='line_1_36' title="bbox 384 2541 1262 2593; baseline 0.001 -13"><span class='ocrx_word' id='word_1_174' title='bbox 384 2546 577 2580; x_wconf 89' lang='lat' dir='ltr'><strong>mentum</strong></span> <span class='ocrx_word' id='word_1_175' title='bbox 613 2541 708 2592; x_wconf 91' lang='lat' dir='ltr'><strong>pari</strong></span> <span class='ocrx_word' id='word_1_176' title='bbox 736 2541 916 2581; x_wconf 86' lang='lat' dir='ltr'><strong>levitate</strong></span> <span class='ocrx_word' id='word_1_177' title='bbox 947 2555 971 2581; x_wconf 88' lang='lat' dir='ltr'><strong>a</strong></span> <span class='ocrx_word' id='word_1_178' title='bbox 1000 2542 1186 2593; x_wconf 77' lang='lat' dir='ltr'><strong>posteris</strong></span> <span class='ocrx_word' id='word_1_179' title='bbox 1215 2546 1262 2581; x_wconf 88' lang='lat' dir='ltr'><strong>et</strong></span> 
     </span>
     <span class='ocr_line' id='line_1_37' title="bbox 386 2604 1260 2655; baseline 0 -12"><span class='ocrx_word' id='word_1_180' title='bbox 386 2609 610 2655; x_wconf 87' lang='lat' dir='ltr'><strong>acceptum</strong></span> <span class='ocrx_word' id='word_1_181' title='bbox 641 2609 687 2643; x_wconf 86' lang='lat' dir='ltr'><strong>et</strong></span> <span class='ocrx_word' id='word_1_182' title='bbox 720 2604 833 2643; x_wconf 87' lang='lat' dir='ltr'><strong>varie</strong></span> <span class='ocrx_word' id='word_1_183' title='bbox 859 2604 1156 2644; x_wconf 90' lang='lat' dir='ltr'><strong>concinnatum</strong></span> <span class='ocrx_word' id='word_1_184' title='bbox 1176 2610 1260 2655; x_wconf 75' lang='lat' dir='ltr'><strong>est,</strong></span> 
     </span>
     <span class='ocr_line' id='line_1_38' title="bbox 388 2666 1262 2718; baseline 0 -12"><span class='ocrx_word' id='word_1_185' title='bbox 388 2672 558 2718; x_wconf 24' lang='lat' dir='ltr'><strong>atqueta</strong></span> <span class='ocrx_word' id='word_1_186' title='bbox 575 2667 784 2718; x_wconf 82' lang='lat' dir='ltr'><strong>prioribus</strong></span> <span class='ocrx_word' id='word_1_187' title='bbox 799 2666 940 2707; x_wconf 83' lang='lat' dir='ltr'><strong>fuerat</strong></span> <span class='ocrx_word' id='word_1_188' title='bbox 953 2667 1262 2718; x_wconf 88' lang='lat' dir='ltr'><strong>excogitatum.</strong></span> 
     </span>
     <span class='ocr_line' id='line_1_39' title="bbox 388 2728 1262 2780; baseline 0.001 -12"><span class='ocrx_word' id='word_1_189' title='bbox 388 2728 623 2773; x_wconf 83' lang='lat' dir='ltr'><strong>Accessere</strong></span> <span class='ocrx_word' id='word_1_190' title='bbox 660 2730 959 2780; x_wconf 81' lang='lat' dir='ltr'><strong>phantasmata</strong></span> <span class='ocrx_word' id='word_1_191' title='bbox 995 2729 1262 2769; x_wconf 83' lang='lat' dir='ltr'><strong>illudentium</strong></span> 
     </span>
     <span class='ocr_line' id='line_1_40' title="bbox 389 2790 1265 2843; baseline 0.002 -13"><span class='ocrx_word' id='word_1_192' title='bbox 389 2790 644 2836; x_wconf 59' lang='lat' dir='ltr'><strong>daemonum,</strong></span> <span class='ocrx_word' id='word_1_193' title='bbox 666 2803 840 2843; x_wconf 88' lang='lat' dir='ltr'><strong>quorum</strong></span> <span class='ocrx_word' id='word_1_194' title='bbox 857 2797 923 2831; x_wconf 88' lang='lat' dir='ltr'><strong>est</strong></span> <span class='ocrx_word' id='word_1_195' title='bbox 943 2792 1113 2832; x_wconf 89' lang='lat' dir='ltr'><strong>unicum</strong></span> <span class='ocrx_word' id='word_1_196' title='bbox 1131 2791 1265 2832; x_wconf 81' lang='lat' dir='ltr'><strong>studi-</strong></span> 
     </span>
     <span class='ocr_line' id='line_1_41' title="bbox 389 2853 1263 2906; baseline 0.002 -14"><span class='ocrx_word' id='word_1_197' title='bbox 389 2865 476 2903; x_wconf 92' lang='lat' dir='ltr'><strong>um,</strong></span> <span class='ocrx_word' id='word_1_198' title='bbox 509 2853 735 2892; x_wconf 89' lang='lat' dir='ltr'><strong>mendacia</strong></span> <span class='ocrx_word' id='word_1_199' title='bbox 771 2854 1063 2906; x_wconf 87' lang='lat' dir='ltr'><strong>cujuscunque</strong></span> <span class='ocrx_word' id='word_1_200' title='bbox 1094 2855 1263 2906; x_wconf 84' lang='lat' dir='ltr'><strong>generis</strong></span> 
     </span>
     <span class='ocr_line' id='line_1_42' title="bbox 390 2914 1263 2966; baseline 0.006 -13"><span class='ocrx_word' id='word_1_201' title='bbox 390 2925 470 2966; x_wconf 84' lang='lat' dir='ltr'><strong>pro</strong></span> <span class='ocrx_word' id='word_1_202' title='bbox 488 2914 602 2954; x_wconf 84' lang='lat' dir='ltr'><strong>veris</strong></span> <span class='ocrx_word' id='word_1_203' title='bbox 627 2915 837 2966; x_wconf 88' lang='lat' dir='ltr'><strong>ingerere,</strong></span> <span class='ocrx_word' id='word_1_204' title='bbox 855 2921 899 2956; x_wconf 89' lang='lat' dir='ltr'><strong>et</strong></span> <span class='ocrx_word' id='word_1_205' title='bbox 915 2918 1108 2958; x_wconf 90' lang='lat' dir='ltr'><strong>omnibus</strong></span> <span class='ocrx_word' id='word_1_206' title='bbox 1126 2918 1263 2958; x_wconf 88' lang='lat' dir='ltr'><strong>modis</strong></span> 
     </span>
     <span class='ocr_line' id='line_1_43' title="bbox 389 2977 1264 3022; baseline 0.007 -6"><span class='ocrx_word' id='word_1_207' title='bbox 389 2977 432 3016; x_wconf 90' lang='lat' dir='ltr'><strong>in</strong></span> <span class='ocrx_word' id='word_1_208' title='bbox 447 2977 660 3017; x_wconf 90' lang='lat' dir='ltr'><strong>hominum</strong></span> <span class='ocrx_word' id='word_1_209' title='bbox 682 2978 830 3017; x_wconf 89' lang='lat' dir='ltr'><strong>animis</strong></span> <span class='ocrx_word' id='word_1_210' title='bbox 848 2979 924 3018; x_wconf 90' lang='lat' dir='ltr'><strong>illa</strong></span> <span class='ocrx_word' id='word_1_211' title='bbox 942 2979 1122 3020; x_wconf 85' lang='lat' dir='ltr'><strong>firmare.</strong></span> <span class='ocrx_word' id='word_1_212' title='bbox 1152 2981 1264 3022; x_wconf 81' lang='lat' dir='ltr'><strong>Haec</strong></span> 
     </span>
     <span class='ocr_line' id='line_1_44' title="bbox 388 3042 1264 3088; baseline 0.007 -6"><span class='ocrx_word' id='word_1_213' title='bbox 388 3042 453 3082; x_wconf 89' lang='lat' dir='ltr'><strong>ita</strong></span> <span class='ocrx_word' id='word_1_214' title='bbox 485 3043 692 3083; x_wconf 80' lang='lat' dir='ltr'><strong>accidisse</strong></span> <span class='ocrx_word' id='word_1_215' title='bbox 731 3043 861 3083; x_wconf 87' lang='lat' dir='ltr'><strong>fidem</strong></span> <span class='ocrx_word' id='word_1_216' title='bbox 898 3044 1064 3086; x_wconf 85' lang='lat' dir='ltr'><strong>faciunt</strong></span> <span class='ocrx_word' id='word_1_217' title='bbox 1107 3048 1264 3088; x_wconf 83' lang='lat' dir='ltr'><strong>similes</strong></span> 
     </span>
     <span class='ocr_line' id='line_1_45' title="bbox 389 3107 1265 3160; baseline 0.009 -16"><span class='ocrx_word' id='word_1_218' title='bbox 389 3111 558 3147; x_wconf 81' lang='lat' dir='ltr'><strong>naturae</strong></span> <span class='ocrx_word' id='word_1_219' title='bbox 577 3107 709 3158; x_wconf 86' lang='lat' dir='ltr'><strong>lusus,</strong></span> <span class='ocrx_word' id='word_1_220' title='bbox 734 3119 913 3160; x_wconf 90' lang='lat' dir='ltr'><strong>quorum</strong></span> <span class='ocrx_word' id='word_1_221' title='bbox 930 3111 1044 3150; x_wconf 87' lang='lat' dir='ltr'><strong>nulla</strong></span> <span class='ocrx_word' id='word_1_222' title='bbox 1060 3115 1163 3151; x_wconf 88' lang='lat' dir='ltr'><strong>aetas</strong></span> <span class='ocrx_word' id='word_1_223' title='bbox 1181 3110 1265 3152; x_wconf 85' lang='lat' dir='ltr'><strong>fuit</strong></span> 
     </span>
     <span class='ocr_line' id='line_1_46' title="bbox 392 3170 758 3221; baseline 0.005 -13"><span class='ocrx_word' id='word_1_224' title='bbox 392 3181 562 3221; x_wconf 61' lang='lat' dir='ltr'><strong>expers„</strong></span> <span class='ocrx_word' id='word_1_225' title='bbox 593 3170 758 3211; x_wconf 82' lang='lat' dir='ltr'><strong>Casaub.</strong></span> 
     </span>
    </p>

    <p class='ocr_par' dir='ltr' id='par_1_8' title="bbox 391 3232 1268 3536">
     <span class='ocr_line' id='line_1_47' title="bbox 446 3232 1265 3286; baseline 0.004 -14"><span class='ocrx_word' id='word_1_226' title='bbox 446 3233 469 3283; x_wconf 54' lang='grc' dir='ltr'>ᾗ</span> <span class='ocrx_word' id='word_1_227' title='bbox 497 3235 523 3271; x_wconf 86' lang='grc'>8</span> <span class='ocrx_word' id='word_1_228' title='bbox 549 3232 744 3284; x_wconf 75' lang='lat' dir='ltr'><strong>Amilcar]</strong></span> <span class='ocrx_word' id='word_1_229' title='bbox 757 3233 924 3273; x_wconf 90' lang='lat' dir='ltr'><strong>Nomen</strong></span> <span class='ocrx_word' id='word_1_230' title='bbox 938 3234 1163 3286; x_wconf 89' lang='lat' dir='ltr'><strong>Punicum,</strong></span> <span class='ocrx_word' id='word_1_231' title='bbox 1179 3234 1265 3275; x_wconf 89' lang='lat' dir='ltr'><strong>Re-</strong></span> 
     </span>
     <span class='ocr_line' id='line_1_48' title="bbox 391 3293 1265 3349; baseline 0.005 -16"><span class='ocrx_word' id='word_1_232' title='bbox 391 3304 569 3347; x_wconf 79' lang='lat' dir='ltr'><strong>gemque</strong></span> <span class='ocrx_word' id='word_1_233' title='bbox 588 3293 783 3336; x_wconf 84' lang='lat' dir='ltr'><strong>denotat.</strong></span> <span class='ocrx_word' id='word_1_234' title='bbox 836 3296 973 3335; x_wconf 88' lang='lat' dir='ltr'><strong>Milici</strong></span> <span class='ocrx_word' id='word_1_235' title='bbox 991 3296 1133 3347; x_wconf 87' lang='lat' dir='ltr'><strong>etiam,</strong></span> <span class='ocrx_word' id='word_1_236' title='bbox 1150 3297 1265 3349; x_wconf 89' lang='lat' dir='ltr'><strong>quod</strong></span> 
     </span>
     <span class='ocr_line' id='line_1_49' title="bbox 392 3356 1265 3410; baseline 0.003 -14"><span class='ocrx_word' id='word_1_237' title='bbox 392 3356 620 3398; x_wconf 82' lang='lat' dir='ltr'><strong>Annibalis</strong></span> <span class='ocrx_word' id='word_1_238' title='bbox 655 3358 795 3399; x_wconf 89' lang='lat' dir='ltr'><strong>soceri</strong></span> <span class='ocrx_word' id='word_1_239' title='bbox 839 3371 1008 3406; x_wconf 89' lang='lat' dir='ltr'><strong>nomen,</strong></span> <span class='ocrx_word' id='word_1_240' title='bbox 1057 3364 1101 3399; x_wconf 89' lang='lat' dir='ltr'><strong>et</strong></span> <span class='ocrx_word' id='word_1_241' title='bbox 1140 3359 1265 3410; x_wconf 86' lang='lat' dir='ltr'><strong>hujus</strong></span> 
     </span>
     <span class='ocr_line' id='line_1_50' title="bbox 393 3417 1268 3478; baseline 0.007 -21"><span class='ocrx_word' id='word_1_242' title='bbox 393 3417 492 3458; x_wconf 86' lang='lat' dir='ltr'><strong>filiae</strong></span> <span class='ocrx_word' id='word_1_243' title='bbox 528 3419 717 3471; x_wconf 81' lang='lat' dir='ltr'><strong>Imilces,</strong></span> <span class='ocrx_word' id='word_1_244' title='bbox 753 3421 867 3474; x_wconf 85' lang='lat' dir='ltr'><strong>quod</strong></span> <span class='ocrx_word' id='word_1_245' title='bbox 904 3427 974 3478; x_wconf 76' lang='lat' dir='ltr'><strong>estv</strong></span> <span class='ocrx_word' id='word_1_246' title='bbox 1009 3422 1194 3474; x_wconf 83' lang='lat' dir='ltr'><strong>Regina,</strong></span> <span class='ocrx_word' id='word_1_247' title='bbox 1221 3428 1268 3463; x_wconf 87' lang='lat' dir='ltr'><strong>et</strong></span> 
     </span>
     <span class='ocr_line' id='line_1_51' title="bbox 392 3481 1266 3536; baseline 0.007 -16"><span class='ocrx_word' id='word_1_248' title='bbox 392 3481 610 3523; x_wconf 84' lang='lat' dir='ltr'><strong>Imilconis</strong></span> <span class='ocrx_word' id='word_1_249' title='bbox 636 3483 997 3536; x_wconf 74' lang='lat' dir='ltr'><strong>Carthaginiensis</strong></span> <span class='ocrx_word' id='word_1_250' title='bbox 1017 3484 1152 3536; x_wconf 75' lang='lat' dir='ltr'><strong>duc15‚</strong></span> <span class='ocrx_word' id='word_1_251' title='bbox 1181 3497 1266 3526; x_wconf 89' lang='lat' dir='ltr'><strong>non</strong></span> 
     </span>
    </p>
   </div>
   <div class='ocr_carea' id='block_1_7' title="bbox 941 286 1599 330">
    <p class='ocr_par' dir='ltr' id='par_1_9' title="bbox 941 286 1599 330">
     <span class='ocr_line' id='line_1_52' title="bbox 941 286 1599 330; baseline 0.003 -5"><span class='ocrx_word' id='word_1_252' title='bbox 941 287 1119 325; x_wconf 85' lang='lat' dir='ltr'>NOTAE</span> <span class='ocrx_word' id='word_1_253' title='bbox 1162 286 1491 330; x_wconf 64' lang='lat' dir='ltr'>VARRORUM</span> <span class='ocrx_word' id='word_1_254' title='bbox 1536 290 1599 327; x_wconf 79' lang='lat' dir='ltr'><strong>[N</strong></span> 
     </span>
    </p>
   </div>
   <div class='ocr_carea' id='block_1_8' title="bbox 1318 404 2216 3526">
    <p class='ocr_par' dir='ltr' id='par_1_10' title="bbox 1318 404 2216 1262">
     <span class='ocr_line' id='line_1_53' title="bbox 1319 404 2191 456; baseline 0.01 -13"><span class='ocrx_word' id='word_1_255' title='bbox 1319 404 1488 444; x_wconf 89' lang='lat' dir='ltr'><strong>aliunde</strong></span> <span class='ocrx_word' id='word_1_256' title='bbox 1511 406 1846 456; x_wconf 73' lang='lat' dir='ltr'><strong>sunt-petenda.</strong></span> <span class='ocrx_word' id='word_1_257' title='bbox 1902 408 2054 449; x_wconf 68' lang='lat' dir='ltr'><strong>Melet-h</strong></span> <span class='ocrx_word' id='word_1_258' title='bbox 2079 405 2191 453; x_wconf 80' lang='lat' dir='ltr'><strong>euim</strong></span> 
     </span>
     <span class='ocr_line' id='line_1_54' title="bbox 1319 469 2191 523; baseline 0.009 -17"><span class='ocrx_word' id='word_1_259' title='bbox 1319 469 1412 507; x_wconf 82' lang='lat' dir='ltr'><strong>Rex</strong></span> <span class='ocrx_word' id='word_1_260' title='bbox 1426 475 1506 517; x_wconf 84' lang='lat' dir='ltr'><strong>est,</strong></span> <span class='ocrx_word' id='word_1_261' title='bbox 1521 469 1679 508; x_wconf 70' lang='lat' dir='ltr'><strong>Male-ha</strong></span> <span class='ocrx_word' id='word_1_262' title='bbox 1691 470 1855 520; x_wconf 77' lang='lat' dir='ltr'><strong>Regina</strong></span> <span class='ocrx_word' id='word_1_263' title='bbox 1869 484 1880 519; x_wconf 92' lang='lat'>;</span> <span class='ocrx_word' id='word_1_264' title='bbox 1901 483 1998 523; x_wconf 80' lang='lat' dir='ltr'><strong>quae</strong></span> <span class='ocrx_word' id='word_1_265' title='bbox 2014 473 2191 515; x_wconf 68' lang='lat' dir='ltr'><strong>Milic-um</strong></span> 
     </span>
     <span class='ocr_line' id='line_1_55' title="bbox 1320 532 2216 582; baseline 0.007 -13"><span class='ocrx_word' id='word_1_266' title='bbox 1320 537 1364 571; x_wconf 92' lang='lat' dir='ltr'><strong>et</strong></span> <span class='ocrx_word' id='word_1_267' title='bbox 1384 532 1544 570; x_wconf 79' lang='lat' dir='ltr'><strong>Imilcen</strong></span> <span class='ocrx_word' id='word_1_268' title='bbox 1561 533 1911 582; x_wconf 77' lang='lat' dir='ltr'><strong>pronuntiabant.</strong></span> <span class='ocrx_word' id='word_1_269' title='bbox 1956 534 2086 573; x_wconf 78' lang='lat' dir='ltr'><strong>Silius</strong></span> <span class='ocrx_word' id='word_1_270' title='bbox 2104 535 2193 577; x_wconf 77' lang='lat' dir='ltr'><strong>Ita·</strong></span> <span class='ocrx_word' id='word_1_271' title='bbox 2213 548 2216 551; x_wconf 93' lang='grc'><strong><em>·</em></strong></span> 
     </span>
     <span class='ocr_line' id='line_1_56' title="bbox 1318 594 2194 647; baseline 0.006 -14"><span class='ocrx_word' id='word_1_272' title='bbox 1318 595 1423 633; x_wconf 88' lang='lat' dir='ltr'><strong>licus</strong></span> <span class='ocrx_word' id='word_1_273' title='bbox 1444 594 1516 633; x_wconf 88' lang='lat' dir='ltr'><strong>lib.</strong></span> <span class='ocrx_word' id='word_1_274' title='bbox 1538 605 1610 633; x_wconf 86' lang='lat'>111.</span> <span class='ocrx_word' id='word_1_275' title='bbox 1638 595 1651 616; x_wconf 89' lang='lat'>‘</span> <span class='ocrx_word' id='word_1_276' title='bbox 1670 594 1844 635; x_wconf 84' lang='lat' dir='ltr'><strong>Milicus</strong></span> <span class='ocrx_word' id='word_1_277' title='bbox 1874 595 2087 647; x_wconf 73' lang='lat' dir='ltr'><strong>indigenis</strong></span> <span class='ocrx_word' id='word_1_278' title='bbox 2106 598 2194 638; x_wconf 87' lang='lat' dir='ltr'><strong>late</strong></span> 
     </span>
     <span class='ocr_line' id='line_1_57' title="bbox 1319 655 2194 706; baseline 0.005 -11"><span class='ocrx_word' id='word_1_279' title='bbox 1319 660 1519 706; x_wconf 88' lang='lat' dir='ltr'><strong>regnarat</strong></span> <span class='ocrx_word' id='word_1_280' title='bbox 1537 655 1580 693; x_wconf 89' lang='lat' dir='ltr'><strong>in</strong></span> <span class='ocrx_word' id='word_1_281' title='bbox 1600 655 1684 694; x_wconf 90' lang='lat' dir='ltr'><strong>oris</strong></span> <span class='ocrx_word' id='word_1_282' title='bbox 1701 655 1983 706; x_wconf 53' lang='lat' dir='ltr'><strong>Cornigera‘sm</strong></span> <span class='ocrx_word' id='word_1_283' title='bbox 1995 660 2194 699; x_wconf 77' lang='lat' dir='ltr'><strong>attollens</strong></span> 
     </span>
     <span class='ocr_line' id='line_1_58' title="bbox 1320 716 2195 772; baseline 0.006 -16"><span class='ocrx_word' id='word_1_284' title='bbox 1320 717 1523 768; x_wconf 85' lang='lat' dir='ltr'><strong>genitoris</strong></span> <span class='ocrx_word' id='word_1_285' title='bbox 1542 717 1728 768; x_wconf 84' lang='lat' dir='ltr'><strong>imagine</strong></span> <span class='ocrx_word' id='word_1_286' title='bbox 1751 716 1957 759; x_wconf 88' lang='lat' dir='ltr'><strong>frontem:</strong></span> <span class='ocrx_word' id='word_1_287' title='bbox 1989 716 2104 760; x_wconf 77' lang='lat' dir='ltr'><strong>Hinc</strong></span> <span class='ocrx_word' id='word_1_288' title='bbox 2121 733 2195 772; x_wconf 87' lang='lat' dir='ltr'><strong>pa-</strong></span> 
     </span>
     <span class='ocr_line' id='line_1_59' title="bbox 1321 781 2196 832; baseline 0.007 -14"><span class='ocrx_word' id='word_1_289' title='bbox 1321 781 1460 828; x_wconf 89' lang='lat' dir='ltr'><strong>triam,</strong></span> <span class='ocrx_word' id='word_1_290' title='bbox 1501 781 1745 831; x_wconf 83' lang='lat' dir='ltr'><strong>clarumque</strong></span> <span class='ocrx_word' id='word_1_291' title='bbox 1792 793 1927 832; x_wconf 76' lang='lat' dir='ltr'><strong>genus</strong></span> <span class='ocrx_word' id='word_1_292' title='bbox 1974 781 2196 824; x_wconf 78' lang='lat' dir='ltr'><strong>referebat</strong></span> 
     </span>
     <span class='ocr_line' id='line_1_60' title="bbox 1319 843 2195 896; baseline 0.005 -14"><span class='ocrx_word' id='word_1_293' title='bbox 1319 844 1484 894; x_wconf 86' lang='lat' dir='ltr'><strong>Imilce,</strong></span> <span class='ocrx_word' id='word_1_294' title='bbox 1501 843 1736 883; x_wconf 89' lang='lat' dir='ltr'><strong>Barbarica</strong></span> <span class='ocrx_word' id='word_1_295' title='bbox 1756 843 1925 896; x_wconf 83' lang='lat' dir='ltr'><strong>paulum</strong></span> <span class='ocrx_word' id='word_1_296' title='bbox 1948 846 2098 885; x_wconf 82' lang='lat' dir='ltr'><strong>vitiato</strong></span> <span class='ocrx_word' id='word_1_297' title='bbox 2120 856 2195 887; x_wconf 88' lang='lat' dir='ltr'><strong>no-</strong></span> 
     </span>
     <span class='ocr_line' id='line_1_61' title="bbox 1319 906 2194 962; baseline 0.006 -18"><span class='ocrx_word' id='word_1_298' title='bbox 1319 907 1431 946; x_wconf 88' lang='lat' dir='ltr'><strong>mine</strong></span> <span class='ocrx_word' id='word_1_299' title='bbox 1444 906 1623 958; x_wconf 68' lang='lat' dir='ltr'><strong>lingua!</strong></span> <span class='ocrx_word' id='word_1_300' title='bbox 1662 907 1749 957; x_wconf 84' lang='lat' dir='ltr'><strong>Ita,</strong></span> <span class='ocrx_word' id='word_1_301' title='bbox 1768 908 1840 959; x_wconf 91' lang='lat' dir='ltr'><strong>qui</strong></span> <span class='ocrx_word' id='word_1_302' title='bbox 1859 909 1943 948; x_wconf 72' lang='grc' dir='ltr'><strong>καθ’</strong></span> <span class='ocrx_word' id='word_1_303' title='bbox 1960 909 2194 962; x_wconf 74' lang='grc' dir='ltr'><strong>ὑπερβολὴν,</strong></span> 
     </span>
     <span class='ocr_line' id='line_1_62' title="bbox 1321 969 2195 1023; baseline 0.006 -16"><span class='ocrx_word' id='word_1_304' title='bbox 1321 973 1369 1007; x_wconf 91' lang='lat' dir='ltr'><strong>ut</strong></span> <span class='ocrx_word' id='word_1_305' title='bbox 1388 970 1446 1009; x_wconf 91' lang='lat' dir='ltr'><strong>ait</strong></span> <span class='ocrx_word' id='word_1_306' title='bbox 1461 969 1632 1019; x_wconf 85' lang='lat' dir='ltr'><strong>Strabo,</strong></span> <span class='ocrx_word' id='word_1_307' title='bbox 1652 970 1792 1021; x_wconf 88' lang='lat' dir='ltr'><strong>Tyriis</strong></span> <span class='ocrx_word' id='word_1_308' title='bbox 1810 971 1951 1011; x_wconf 86' lang='lat' dir='ltr'><strong>cultus</strong></span> <span class='ocrx_word' id='word_1_309' title='bbox 1968 971 2195 1023; x_wconf 82' lang='lat' dir='ltr'><strong>Hercules,</strong></span> 
     </span>
     <span class='ocr_line' id='line_1_63' title="bbox 1321 1030 2198 1086; baseline 0.006 -16"><span class='ocrx_word' id='word_1_310' title='bbox 1321 1031 1544 1071; x_wconf 82' lang='lat' dir='ltr'><strong>dicebatur</strong></span> <span class='ocrx_word' id='word_1_311' title='bbox 1577 1030 1824 1084; x_wconf 73' lang='grc' dir='ltr'>Μέλκαρτος,</span> <span class='ocrx_word' id='word_1_312' title='bbox 1851 1033 1941 1074; x_wconf 84' lang='lat' dir='ltr'><strong>sive</strong></span> <span class='ocrx_word' id='word_1_313' title='bbox 1961 1032 2198 1086; x_wconf 76' lang='grc' dir='ltr'><strong><em>Μέλκαρθος,</em></strong></span> 
     </span>
     <span class='ocr_line' id='line_1_64' title="bbox 1321 1093 2197 1148; baseline 0.007 -17"><span class='ocrx_word' id='word_1_314' title='bbox 1321 1093 1393 1145; x_wconf 92' lang='lat' dir='ltr'><strong>qui</strong></span> <span class='ocrx_word' id='word_1_315' title='bbox 1437 1093 1671 1145; x_wconf 84' lang='lat' dir='ltr'><strong>depravate</strong></span> <span class='ocrx_word' id='word_1_316' title='bbox 1723 1094 1997 1148; x_wconf 71' lang='grc' dir='ltr'>Μελκάνθαρος</span> <span class='ocrx_word' id='word_1_317' title='bbox 2039 1097 2197 1137; x_wconf 85' lang='lat' dir='ltr'><strong>dicitur</strong></span> 
     </span>
     <span class='ocr_line' id='line_1_65' title="bbox 1324 1156 2197 1201; baseline 0.005 -6"><span class='ocrx_word' id='word_1_318' title='bbox 1324 1156 1512 1196; x_wconf 87' lang='lat' dir='ltr'><strong>Eusebio</strong></span> <span class='ocrx_word' id='word_1_319' title='bbox 1547 1158 1591 1197; x_wconf 89' lang='lat' dir='ltr'><strong>in</strong></span> <span class='ocrx_word' id='word_1_320' title='bbox 1636 1158 1849 1199; x_wconf 90' lang='lat' dir='ltr'><strong>Oratione</strong></span> <span class='ocrx_word' id='word_1_321' title='bbox 1897 1159 1953 1199; x_wconf 89' lang='lat' dir='ltr'><strong>de</strong></span> <span class='ocrx_word' id='word_1_322' title='bbox 1996 1160 2197 1201; x_wconf 82' lang='lat' dir='ltr'><strong>laudibus</strong></span> 
     </span>
     <span class='ocr_line' id='line_1_66' title="bbox 1321 1219 2077 1262; baseline 0.008 -3"><span class='ocrx_word' id='word_1_323' title='bbox 1321 1219 1606 1260; x_wconf 82' lang='lat' dir='ltr'><strong>Constantini.</strong></span> <span class='ocrx_word' id='word_1_324' title='bbox 1634 1220 1835 1262; x_wconf 76' lang='lat' dir='ltr'><strong>Selaenus.</strong></span> <span class='ocrx_word' id='word_1_325' title='bbox 2073 1223 2077 1227; x_wconf 54' lang='lat'><strong>⁴</strong></span> 
     </span>
    </p>

    <p class='ocr_par' dir='ltr' id='par_1_11' title="bbox 1321 1283 2199 1513">
     <span class='ocr_line' id='line_1_67' title="bbox 1374 1283 2199 1335; baseline 0.002 -13"><span class='ocrx_word' id='word_1_326' title='bbox 1374 1283 1488 1323; x_wconf 72' lang='lat' dir='ltr'><strong>Inter</strong></span> <span class='ocrx_word' id='word_1_327' title='bbox 1515 1283 1685 1335; x_wconf 80' lang='lat' dir='ltr'><strong>Siculos]</strong></span> <span class='ocrx_word' id='word_1_328' title='bbox 1719 1284 1824 1325; x_wconf 87' lang='lat' dir='ltr'><strong>Illos</strong></span> <span class='ocrx_word' id='word_1_329' title='bbox 1851 1285 2016 1326; x_wconf 83' lang='lat' dir='ltr'><strong>Siculos</strong></span> <span class='ocrx_word' id='word_1_330' title='bbox 2041 1286 2199 1326; x_wconf 86' lang='lat' dir='ltr'><strong>intelli-</strong></span> 
     </span>
     <span class='ocr_line' id='line_1_68' title="bbox 1321 1345 2199 1400; baseline 0.002 -16"><span class='ocrx_word' id='word_1_331' title='bbox 1321 1345 1401 1397; x_wconf 74' lang='lat' dir='ltr'><strong>git,</strong></span> <span class='ocrx_word' id='word_1_332' title='bbox 1422 1347 1492 1398; x_wconf 89' lang='lat' dir='ltr'><strong>qui</strong></span> <span class='ocrx_word' id='word_1_333' title='bbox 1513 1358 1609 1386; x_wconf 89' lang='lat' dir='ltr'><strong>cum</strong></span> <span class='ocrx_word' id='word_1_334' title='bbox 1634 1347 2061 1400; x_wconf 84' lang='lat' dir='ltr'><strong>Carthaginiensibus</strong></span> <span class='ocrx_word' id='word_1_335' title='bbox 2082 1349 2199 1388; x_wconf 89' lang='lat' dir='ltr'><strong>socia</strong></span> 
     </span>
     <span class='ocr_line' id='line_1_69' title="bbox 1321 1410 2198 1461; baseline 0.002 -14"><span class='ocrx_word' id='word_1_336' title='bbox 1321 1420 1439 1447; x_wconf 86' lang='lat' dir='ltr'><strong>arma</strong></span> <span class='ocrx_word' id='word_1_337' title='bbox 1469 1410 1783 1461; x_wconf 84' lang='lat' dir='ltr'><strong>conjunxerant</strong></span> <span class='ocrx_word' id='word_1_338' title='bbox 1827 1416 1872 1452; x_wconf 86' lang='lat' dir='ltr'><strong>et</strong></span> <span class='ocrx_word' id='word_1_339' title='bbox 1913 1410 2198 1451; x_wconf 81' lang='lat' dir='ltr'><strong>eonfoederati</strong></span> 
     </span>
     <span class='ocr_line' id='line_1_70' title="bbox 1321 1478 2030 1513; baseline -0.003 -2"><span class='ocrx_word' id='word_1_340' title='bbox 1321 1478 1459 1513; x_wconf 87' lang='lat' dir='ltr'><strong>erant.</strong></span> <span class='ocrx_word' id='word_1_341' title='bbox 2027 1508 2030 1509; x_wconf 14' lang='grc' dir='ltr'><em>γ</em></span> 
     </span>
    </p>

    <p class='ocr_par' dir='ltr' id='par_1_12' title="bbox 1320 1534 2205 3526">
     <span class='ocr_line' id='line_1_71' title="bbox 1375 1534 2199 1590; baseline 0.004 -15"><span class='ocrx_word' id='word_1_342' title='bbox 1375 1537 1398 1588; x_wconf 60' lang='grc' dir='ltr'><strong>ξ</strong></span> <span class='ocrx_word' id='word_1_343' title='bbox 1426 1540 1453 1576; x_wconf 90' lang='grc'>9</span> <span class='ocrx_word' id='word_1_344' title='bbox 1479 1534 1722 1588; x_wconf 75' lang='lat' dir='ltr'><strong>Alcibiades]</strong></span> <span class='ocrx_word' id='word_1_345' title='bbox 1761 1538 1978 1590; x_wconf 84' lang='lat' dir='ltr'><strong>Lysander</strong></span> <span class='ocrx_word' id='word_1_346' title='bbox 1998 1537 2199 1579; x_wconf 88' lang='lat' dir='ltr'><strong>Lacedae·</strong></span> 
     </span>
     <span class='ocr_line' id='line_1_72' title="bbox 1321 1598 2200 1642; baseline 0.001 -3"><span class='ocrx_word' id='word_1_347' title='bbox 1321 1598 1485 1639; x_wconf 86' lang='lat' dir='ltr'><strong>monins</strong></span> <span class='ocrx_word' id='word_1_348' title='bbox 1505 1598 1788 1641; x_wconf 80' lang='lat' dir='ltr'><strong>Athenienses</strong></span> <span class='ocrx_word' id='word_1_349' title='bbox 1807 1601 1880 1641; x_wconf 87' lang='lat' dir='ltr'><strong>diu</strong></span> <span class='ocrx_word' id='word_1_350' title='bbox 1898 1602 2095 1642; x_wconf 85' lang='lat' dir='ltr'><strong>obsessos</strong></span> <span class='ocrx_word' id='word_1_351' title='bbox 2110 1607 2200 1641; x_wconf 85' lang='lat' dir='ltr'><strong>tan-</strong></span> 
     </span>
     <span class='ocr_line' id='line_1_73' title="bbox 1321 1662 2199 1716; baseline 0 -14"><span class='ocrx_word' id='word_1_352' title='bbox 1321 1662 1417 1702; x_wconf 85' lang='lat' dir='ltr'><strong>dem</strong></span> <span class='ocrx_word' id='word_1_353' title='bbox 1447 1662 1490 1700; x_wconf 90' lang='lat' dir='ltr'><strong>in</strong></span> <span class='ocrx_word' id='word_1_354' title='bbox 1518 1674 1637 1702; x_wconf 86' lang='lat' dir='ltr'><strong>suam</strong></span> <span class='ocrx_word' id='word_1_355' title='bbox 1668 1666 1929 1713; x_wconf 80' lang='lat' dir='ltr'><strong>potestatem</strong></span> <span class='ocrx_word' id='word_1_356' title='bbox 1953 1663 2139 1716; x_wconf 86' lang='lat' dir='ltr'><strong>redegit,</strong></span> <span class='ocrx_word' id='word_1_357' title='bbox 2154 1669 2199 1703; x_wconf 91' lang='lat' dir='ltr'><strong>et</strong></span> 
     </span>
     <span class='ocr_line' id='line_1_74' title="bbox 1321 1724 2202 1778; baseline 0.002 -14"><span class='ocrx_word' id='word_1_358' title='bbox 1321 1736 1489 1764; x_wconf 82' lang='lat' dir='ltr'><strong>omnem</strong></span> <span class='ocrx_word' id='word_1_359' title='bbox 1513 1724 1763 1776; x_wconf 80' lang='lat' dir='ltr'><strong>reipublicae</strong></span> <span class='ocrx_word' id='word_1_360' title='bbox 1794 1730 1956 1766; x_wconf 82' lang='lat' dir='ltr'><strong>statum</strong></span> <span class='ocrx_word' id='word_1_361' title='bbox 1983 1730 2202 1778; x_wconf 86' lang='lat' dir='ltr'><strong>permuta-</strong></span> 
     </span>
     <span class='ocr_line' id='line_1_75' title="bbox 1321 1786 2199 1840; baseline 0 -13"><span class='ocrx_word' id='word_1_362' title='bbox 1321 1788 1400 1839; x_wconf 84' lang='lat' dir='ltr'><strong>vit,</strong></span> <span class='ocrx_word' id='word_1_363' title='bbox 1414 1787 1625 1839; x_wconf 84' lang='lat' dir='ltr'><strong>impositis</strong></span> <span class='ocrx_word' id='word_1_364' title='bbox 1644 1788 1825 1837; x_wconf 81' lang='lat' dir='ltr'><strong>triginta</strong></span> <span class='ocrx_word' id='word_1_365' title='bbox 1843 1786 2114 1840; x_wconf 71' lang='lat' dir='ltr'><strong>praetoribus,</strong></span> <span class='ocrx_word' id='word_1_366' title='bbox 2126 1788 2199 1840; x_wconf 86' lang='lat' dir='ltr'><strong>qui</strong></span> 
     </span>
     <span class='ocr_line' id='line_1_76' title="bbox 1322 1850 2200 1903; baseline 0 -12"><span class='ocrx_word' id='word_1_367' title='bbox 1322 1851 1364 1891; x_wconf 90' lang='lat' dir='ltr'><strong>in</strong></span> <span class='ocrx_word' id='word_1_368' title='bbox 1394 1850 1576 1891; x_wconf 82' lang='lat' dir='ltr'><strong>totidem</strong></span> <span class='ocrx_word' id='word_1_369' title='bbox 1600 1862 1779 1891; x_wconf 86' lang='lat' dir='ltr'><strong>evasere</strong></span> <span class='ocrx_word' id='word_1_370' title='bbox 1808 1855 2027 1903; x_wconf 79' lang='lat' dir='ltr'><strong>tyrannos.</strong></span> <span class='ocrx_word' id='word_1_371' title='bbox 2082 1852 2200 1893; x_wconf 75' lang='lat' dir='ltr'><strong>Quo·</strong></span> 
     </span>
     <span class='ocr_line' id='line_1_77' title="bbox 1323 1912 2197 1966; baseline -0.002 -12"><span class='ocrx_word' id='word_1_372' title='bbox 1323 1926 1415 1954; x_wconf 90' lang='lat' dir='ltr'><strong>rum</strong></span> <span class='ocrx_word' id='word_1_373' title='bbox 1449 1913 1612 1966; x_wconf 79' lang='lat' dir='ltr'><strong>primus</strong></span> <span class='ocrx_word' id='word_1_374' title='bbox 1645 1913 1804 1954; x_wconf 81' lang='lat' dir='ltr'><strong>Critias</strong></span> <span class='ocrx_word' id='word_1_375' title='bbox 1839 1912 1940 1964; x_wconf 85' lang='lat' dir='ltr'><strong>fuit,</strong></span> <span class='ocrx_word' id='word_1_376' title='bbox 1975 1915 2064 1966; x_wconf 86' lang='lat' dir='ltr'><strong>qui,</strong></span> <span class='ocrx_word' id='word_1_377' title='bbox 2096 1924 2197 1956; x_wconf 71' lang='lat' dir='ltr'><strong>cum</strong></span> 
     </span>
     <span class='ocr_line' id='line_1_78' title="bbox 1321 1977 2200 2030; baseline -0.002 -12"><span class='ocrx_word' id='word_1_378' title='bbox 1321 1978 1490 2019; x_wconf 84' lang='lat' dir='ltr'><strong>videret</strong></span> <span class='ocrx_word' id='word_1_379' title='bbox 1510 1977 1781 2018; x_wconf 87' lang='lat' dir='ltr'><strong>Alcibiadem</strong></span> <span class='ocrx_word' id='word_1_380' title='bbox 1809 1977 2036 2030; x_wconf 85' lang='lat' dir='ltr'><strong>plurimum</strong></span> <span class='ocrx_word' id='word_1_381' title='bbox 2061 1977 2200 2029; x_wconf 80' lang='lat' dir='ltr'><strong>gratia</strong></span> 
     </span>
     <span class='ocr_line' id='line_1_79' title="bbox 1322 2040 2200 2093; baseline -0.001 -12"><span class='ocrx_word' id='word_1_382' title='bbox 1322 2048 1367 2082; x_wconf 89' lang='lat' dir='ltr'><strong>et</strong></span> <span class='ocrx_word' id='word_1_383' title='bbox 1387 2041 1647 2082; x_wconf 86' lang='lat' dir='ltr'><strong>auctoritate</strong></span> <span class='ocrx_word' id='word_1_384' title='bbox 1662 2042 1807 2081; x_wconf 78' lang='lat' dir='ltr'><strong>valere</strong></span> <span class='ocrx_word' id='word_1_385' title='bbox 1824 2040 1937 2093; x_wconf 83' lang='lat' dir='ltr'><strong>apud</strong></span> <span class='ocrx_word' id='word_1_386' title='bbox 1951 2041 2200 2081; x_wconf 85' lang='lat' dir='ltr'><strong>Pharnaba-</strong></span> 
     </span>
     <span class='ocr_line' id='line_1_80' title="bbox 1324 2103 2200 2156; baseline -0.002 -12"><span class='ocrx_word' id='word_1_387' title='bbox 1324 2117 1434 2154; x_wconf 92' lang='lat' dir='ltr'><strong>zum,</strong></span> <span class='ocrx_word' id='word_1_388' title='bbox 1470 2104 1703 2144; x_wconf 83' lang='lat' dir='ltr'><strong>Persarum</strong></span> <span class='ocrx_word' id='word_1_389' title='bbox 1725 2106 1905 2156; x_wconf 85' lang='lat' dir='ltr'><strong>Regem,</strong></span> <span class='ocrx_word' id='word_1_390' title='bbox 1924 2103 2097 2156; x_wconf 87' lang='lat' dir='ltr'><strong>scripsit</strong></span> <span class='ocrx_word' id='word_1_391' title='bbox 2119 2105 2200 2155; x_wconf 87' lang='lat' dir='ltr'><strong>Ly-</strong></span> 
     </span>
     <span class='ocr_line' id='line_1_81' title="bbox 1323 2165 2199 2219; baseline -0.002 -12"><span class='ocrx_word' id='word_1_392' title='bbox 1323 2168 1495 2219; x_wconf 87' lang='lat' dir='ltr'><strong>sandro,</strong></span> <span class='ocrx_word' id='word_1_393' title='bbox 1541 2167 1622 2206; x_wconf 89' lang='lat' dir='ltr'><strong>nisi</strong></span> <span class='ocrx_word' id='word_1_394' title='bbox 1665 2166 1789 2207; x_wconf 88' lang='lat' dir='ltr'><strong>daret</strong></span> <span class='ocrx_word' id='word_1_395' title='bbox 1825 2179 2015 2218; x_wconf 84' lang='lat' dir='ltr'><strong>operam,</strong></span> <span class='ocrx_word' id='word_1_396' title='bbox 2056 2170 2106 2206; x_wconf 91' lang='lat' dir='ltr'><strong>ut</strong></span> <span class='ocrx_word' id='word_1_397' title='bbox 2143 2165 2199 2205; x_wconf 89' lang='lat' dir='ltr'><strong>de</strong></span> 
     </span>
     <span class='ocr_line' id='line_1_82' title="bbox 1321 2228 2199 2280; baseline -0.006 -9"><span class='ocrx_word' id='word_1_398' title='bbox 1321 2229 1463 2271; x_wconf 89' lang='lat' dir='ltr'><strong>medio</strong></span> <span class='ocrx_word' id='word_1_399' title='bbox 1507 2231 1734 2270; x_wconf 84' lang='lat' dir='ltr'><strong>tolleretur</strong></span> <span class='ocrx_word' id='word_1_400' title='bbox 1784 2228 2051 2280; x_wconf 86' lang='lat' dir='ltr'><strong>Alcibiades,</strong></span> <span class='ocrx_word' id='word_1_401' title='bbox 2096 2228 2199 2267; x_wconf 83' lang='lat' dir='ltr'><strong>nihil</strong></span> 
     </span>
     <span class='ocr_line' id='line_1_83' title="bbox 1322 2291 2198 2344; baseline -0.002 -12"><span class='ocrx_word' id='word_1_402' title='bbox 1322 2304 1484 2342; x_wconf 87' lang='lat' dir='ltr'><strong>eorum,</strong></span> <span class='ocrx_word' id='word_1_403' title='bbox 1529 2305 1623 2344; x_wconf 83' lang='lat' dir='ltr'><strong>quae</strong></span> <span class='ocrx_word' id='word_1_404' title='bbox 1667 2291 1850 2332; x_wconf 79' lang='lat' dir='ltr'><strong>Athenis</strong></span> <span class='ocrx_word' id='word_1_405' title='bbox 1895 2291 2198 2342; x_wconf 81' lang='lat' dir='ltr'><strong>constituerat,</strong></span> 
     </span>
     <span class='ocr_line' id='line_1_84' title="bbox 1320 2354 2201 2407; baseline -0.003 -12"><span class='ocrx_word' id='word_1_406' title='bbox 1320 2361 1460 2396; x_wconf 89' lang='lat' dir='ltr'><strong>ratum</strong></span> <span class='ocrx_word' id='word_1_407' title='bbox 1475 2354 1579 2396; x_wconf 85' lang='lat' dir='ltr'><strong>fore.</strong></span> <span class='ocrx_word' id='word_1_408' title='bbox 1593 2354 1846 2407; x_wconf 71' lang='lat' dir='ltr'><strong>nLysander,</strong></span> <span class='ocrx_word' id='word_1_409' title='bbox 1863 2355 1935 2394; x_wconf 88' lang='lat' dir='ltr'><strong>ubi</strong></span> <span class='ocrx_word' id='word_1_410' title='bbox 1950 2355 2032 2394; x_wconf 86' lang='lat' dir='ltr'><strong>hoc</strong></span> <span class='ocrx_word' id='word_1_411' title='bbox 2045 2364 2201 2405; x_wconf 86' lang='lat' dir='ltr'><strong>cogno-</strong></span> 
     </span>
     <span class='ocr_line' id='line_1_85' title="bbox 1323 2416 2202 2470; baseline -0.003 -12"><span class='ocrx_word' id='word_1_412' title='bbox 1323 2419 1399 2470; x_wconf 81' lang='lat' dir='ltr'><strong>vit,</strong></span> <span class='ocrx_word' id='word_1_413' title='bbox 1431 2419 1545 2458; x_wconf 91' lang='lat' dir='ltr'><strong>misit</strong></span> <span class='ocrx_word' id='word_1_414' title='bbox 1569 2418 1622 2458; x_wconf 84' lang='lat' dir='ltr'><strong>ad</strong></span> <span class='ocrx_word' id='word_1_415' title='bbox 1645 2417 1971 2457; x_wconf 83' lang='lat' dir='ltr'><strong>Pharnabazum</strong></span> <span class='ocrx_word' id='word_1_416' title='bbox 1993 2416 2202 2466; x_wconf 89' lang='lat' dir='ltr'><strong>nuntium,</strong></span> 
     </span>
     <span class='ocr_line' id='line_1_86' title="bbox 1321 2478 2201 2533; baseline -0.003 -13"><span class='ocrx_word' id='word_1_417' title='bbox 1321 2481 1394 2533; x_wconf 86' lang='lat' dir='ltr'><strong>qui</strong></span> <span class='ocrx_word' id='word_1_418' title='bbox 1404 2480 1942 2530; x_wconf 84' lang='lat' dir='ltr'><strong>diceret,Lacedaemonios</strong></span> <span class='ocrx_word' id='word_1_419' title='bbox 1956 2478 2201 2519; x_wconf 80' lang='lat' dir='ltr'><strong>renuntiare</strong></span> 
     </span>
     <span class='ocr_line' id='line_1_87' title="bbox 1321 2542 2201 2594; baseline -0.006 -11"><span class='ocrx_word' id='word_1_420' title='bbox 1321 2545 1386 2583; x_wconf 84' lang='lat' dir='ltr'><strong>ini</strong></span> <span class='ocrx_word' id='word_1_421' title='bbox 1418 2544 1683 2593; x_wconf 82' lang='lat' dir='ltr'><strong>societatem,</strong></span> <span class='ocrx_word' id='word_1_422' title='bbox 1713 2554 1808 2594; x_wconf 83' lang='lat' dir='ltr'><strong>quae</strong></span> <span class='ocrx_word' id='word_1_423' title='bbox 1836 2554 1931 2582; x_wconf 86' lang='lat' dir='ltr'><strong>cnm</strong></span> <span class='ocrx_word' id='word_1_424' title='bbox 1953 2542 2072 2593; x_wconf 84' lang='lat' dir='ltr'><strong>Rege</strong></span> <span class='ocrx_word' id='word_1_425' title='bbox 2091 2545 2201 2589; x_wconf 88' lang='lat' dir='ltr'><strong>erat,</strong></span> 
     </span>
     <span class='ocr_line' id='line_1_88' title="bbox 1323 2603 2201 2647; baseline -0.006 0"><span class='ocrx_word' id='word_1_426' title='bbox 1323 2607 1406 2647; x_wconf 89' lang='lat' dir='ltr'><strong>nisi</strong></span> <span class='ocrx_word' id='word_1_427' title='bbox 1443 2608 1511 2647; x_wconf 88' lang='lat' dir='ltr'><strong>vel</strong></span> <span class='ocrx_word' id='word_1_428' title='bbox 1539 2613 1751 2646; x_wconf 89' lang='lat' dir='ltr'><strong>mortuum</strong></span> <span class='ocrx_word' id='word_1_429' title='bbox 1788 2605 2032 2646; x_wconf 59' lang='lat' dir='ltr'><strong>velwivum</strong></span> <span class='ocrx_word' id='word_1_430' title='bbox 2069 2603 2123 2643; x_wconf 86' lang='lat' dir='ltr'><strong>ad</strong></span> <span class='ocrx_word' id='word_1_431' title='bbox 2155 2615 2201 2642; x_wconf 90' lang='lat' dir='ltr'><strong>se</strong></span> 
     </span>
     <span class='ocr_line' id='line_1_89' title="bbox 1324 2666 2201 2717; baseline -0.009 -6"><span class='ocrx_word' id='word_1_432' title='bbox 1324 2672 1520 2711; x_wconf 89' lang='lat' dir='ltr'><strong>mitteret</strong></span> <span class='ocrx_word' id='word_1_433' title='bbox 1563 2668 1862 2717; x_wconf 87' lang='lat' dir='ltr'><strong>Alcibiadem;</strong></span> <span class='ocrx_word' id='word_1_434' title='bbox 1901 2666 2201 2707; x_wconf 81' lang='lat' dir='ltr'><strong>Pharnabazus</strong></span> 
     </span>
     <span class='ocr_line' id='line_1_90' title="bbox 1325 2729 2202 2776; baseline -0.009 -2"><span class='ocrx_word' id='word_1_435' title='bbox 1325 2732 1598 2774; x_wconf 86' lang='lat' dir='ltr'><strong>clementiam</strong></span> <span class='ocrx_word' id='word_1_436' title='bbox 1635 2737 1680 2772; x_wconf 91' lang='lat' dir='ltr'><strong>et</strong></span> <span class='ocrx_word' id='word_1_437' title='bbox 1713 2730 1841 2771; x_wconf 87' lang='lat' dir='ltr'><strong>fidem</strong></span> <span class='ocrx_word' id='word_1_438' title='bbox 1881 2742 2002 2770; x_wconf 82' lang='lat' dir='ltr'><strong>suam</strong></span> <span class='ocrx_word' id='word_1_439' title='bbox 2033 2729 2202 2776; x_wconf 84' lang='lat' dir='ltr'><strong>maluit,</strong></span> 
     </span>
     <span class='ocr_line' id='line_1_91' title="bbox 1325 2790 2201 2848; baseline -0.009 -11"><span class='ocrx_word' id='word_1_440' title='bbox 1325 2809 1450 2848; x_wconf 88' lang='lat' dir='ltr'><strong>quam</strong></span> <span class='ocrx_word' id='word_1_441' title='bbox 1470 2807 1574 2847; x_wconf 90' lang='lat' dir='ltr'><strong>opes</strong></span> <span class='ocrx_word' id='word_1_442' title='bbox 1590 2795 1732 2846; x_wconf 82' lang='lat' dir='ltr'><strong>regias</strong></span> <span class='ocrx_word' id='word_1_443' title='bbox 1751 2793 1896 2834; x_wconf 86' lang='lat' dir='ltr'><strong>minui.</strong></span> <span class='ocrx_word' id='word_1_444' title='bbox 1927 2793 2079 2845; x_wconf 80' lang='lat' dir='ltr'><strong>Itaque</strong></span> <span class='ocrx_word' id='word_1_445' title='bbox 2095 2790 2201 2830; x_wconf 83' lang='lat' dir='ltr'><strong>duos</strong></span> 
     </span>
     <span class='ocr_line' id='line_1_92' title="bbox 1325 2855 2200 2910; baseline -0.008 -11"><span class='ocrx_word' id='word_1_446' title='bbox 1325 2860 1459 2910; x_wconf 89' lang='lat' dir='ltr'><strong>misit,</strong></span> <span class='ocrx_word' id='word_1_447' title='bbox 1476 2858 1782 2899; x_wconf 82' lang='lat' dir='ltr'><strong>Susamithrem</strong></span> <span class='ocrx_word' id='word_1_448' title='bbox 1814 2863 1860 2896; x_wconf 86' lang='lat' dir='ltr'><strong>et</strong></span> <span class='ocrx_word' id='word_1_449' title='bbox 1889 2856 2110 2908; x_wconf 80' lang='lat' dir='ltr'><strong>Mageum,</strong></span> <span class='ocrx_word' id='word_1_450' title='bbox 2126 2855 2200 2906; x_wconf 81' lang='lat' dir='ltr'><strong>qui</strong></span> 
     </span>
     <span class='ocr_line' id='line_1_93' title="bbox 1326 2917 2199 2962; baseline -0.007 -1"><span class='ocrx_word' id='word_1_451' title='bbox 1326 2920 1594 2962; x_wconf 88' lang='lat' dir='ltr'><strong>Alcibiadem</strong></span> <span class='ocrx_word' id='word_1_452' title='bbox 1634 2918 1943 2960; x_wconf 83' lang='lat' dir='ltr'><strong>interficerent.</strong></span> <span class='ocrx_word' id='word_1_453' title='bbox 1999 2917 2058 2957; x_wconf 85' lang='lat' dir='ltr'><strong>Hi</strong></span> <span class='ocrx_word' id='word_1_454' title='bbox 2102 2928 2199 2956; x_wconf 87' lang='lat' dir='ltr'><strong>cum</strong></span> 
     </span>
     <span class='ocr_line' id='line_1_94' title="bbox 1326 2981 2199 3034; baseline -0.007 -10"><span class='ocrx_word' id='word_1_455' title='bbox 1326 2996 1412 3024; x_wconf 87' lang='lat' dir='ltr'><strong>non</strong></span> <span class='ocrx_word' id='word_1_456' title='bbox 1449 2984 1659 3024; x_wconf 83' lang='lat' dir='ltr'><strong>auderent</strong></span> <span class='ocrx_word' id='word_1_457' title='bbox 1695 2981 1811 3023; x_wconf 79' lang='lat' dir='ltr'><strong>ferro</strong></span> <span class='ocrx_word' id='word_1_458' title='bbox 1854 2981 2027 3034; x_wconf 73' lang='lat' dir='ltr'><strong>aggredi</strong></span> <span class='ocrx_word' id='word_1_459' title='bbox 2066 2981 2199 3020; x_wconf 82' lang='lat' dir='ltr'><strong>virum</strong></span> 
     </span>
     <span class='ocr_line' id='line_1_95' title="bbox 1326 3046 2205 3098; baseline -0.005 -11"><span class='ocrx_word' id='word_1_460' title='bbox 1326 3046 1619 3098; x_wconf 85' lang='lat' dir='ltr'><strong>fortissimum,</strong></span> <span class='ocrx_word' id='word_1_461' title='bbox 1651 3047 1765 3098; x_wconf 88' lang='lat' dir='ltr'><strong>ligna</strong></span> <span class='ocrx_word' id='word_1_462' title='bbox 1794 3047 2046 3096; x_wconf 87' lang='lat' dir='ltr'><strong>intulerunt,</strong></span> <span class='ocrx_word' id='word_1_463' title='bbox 2062 3049 2117 3085; x_wconf 87' lang='lat' dir='ltr'><strong>·et</strong></span> <span class='ocrx_word' id='word_1_464' title='bbox 2137 3051 2205 3083; x_wconf 81' lang='lat' dir='ltr'><strong>tn·</strong></span> 
     </span>
     <span class='ocr_line' id='line_1_96' title="bbox 1328 3107 2202 3162; baseline -0.003 -13"><span class='ocrx_word' id='word_1_465' title='bbox 1328 3109 1507 3162; x_wconf 87' lang='lat' dir='ltr'><strong>gurium,</strong></span> <span class='ocrx_word' id='word_1_466' title='bbox 1540 3112 1585 3149; x_wconf 90' lang='lat' dir='ltr'><strong>in</strong></span> <span class='ocrx_word' id='word_1_467' title='bbox 1614 3121 1697 3162; x_wconf 92' lang='lat' dir='ltr'><strong>qno</strong></span> <span class='ocrx_word' id='word_1_468' title='bbox 1730 3121 1827 3149; x_wconf 91' lang='lat' dir='ltr'><strong>cum</strong></span> <span class='ocrx_word' id='word_1_469' title='bbox 1859 3109 1996 3148; x_wconf 79' lang='lat' dir='ltr'><strong>amica</strong></span> <span class='ocrx_word' id='word_1_470' title='bbox 2021 3107 2202 3160; x_wconf 87' lang='lat' dir='ltr'><strong>quadam</strong></span> 
     </span>
     <span class='ocr_line' id='line_1_97' title="bbox 1327 3169 2202 3221; baseline -0.005 -10"><span class='ocrx_word' id='word_1_471' title='bbox 1327 3177 1422 3211; x_wconf 87' lang='lat' dir='ltr'><strong>erat</strong></span> <span class='ocrx_word' id='word_1_472' title='bbox 1455 3170 1720 3221; x_wconf 86' lang='lat' dir='ltr'><strong>Alcibiades,</strong></span> <span class='ocrx_word' id='word_1_473' title='bbox 1750 3170 2050 3211; x_wconf 83' lang='lat' dir='ltr'><strong>incenderunt.</strong></span> <span class='ocrx_word' id='word_1_474' title='bbox 2120 3169 2202 3208; x_wconf 84' lang='lat' dir='ltr'><strong>Ille</strong></span> 
     </span>
     <span class='ocr_line' id='line_1_98' title="bbox 1328 3232 2204 3285; baseline -0.002 -12"><span class='ocrx_word' id='word_1_475' title='bbox 1328 3234 1513 3285; x_wconf 89' lang='lat' dir='ltr'><strong>strepitu</strong></span> <span class='ocrx_word' id='word_1_476' title='bbox 1550 3232 1730 3272; x_wconf 85' lang='lat' dir='ltr'><strong>flammae</strong></span> <span class='ocrx_word' id='word_1_477' title='bbox 1758 3232 1928 3272; x_wconf 86' lang='lat' dir='ltr'><strong>excitus</strong></span> <span class='ocrx_word' id='word_1_478' title='bbox 1947 3232 2204 3272; x_wconf 76' lang='lat' dir='ltr'><strong>vestimenta</strong></span> 
     </span>
     <span class='ocr_line' id='line_1_99' title="bbox 1329 3296 2202 3348; baseline -0.003 -10"><span class='ocrx_word' id='word_1_479' title='bbox 1329 3298 1468 3338; x_wconf 87' lang='lat' dir='ltr'><strong>omnia</strong></span> <span class='ocrx_word' id='word_1_480' title='bbox 1499 3308 1624 3348; x_wconf 89' lang='lat' dir='ltr'><strong>super</strong></span> <span class='ocrx_word' id='word_1_481' title='bbox 1648 3296 1789 3348; x_wconf 83' lang='lat' dir='ltr'><strong>ignem</strong></span> <span class='ocrx_word' id='word_1_482' title='bbox 1824 3297 1993 3348; x_wconf 75' lang='lat' dir='ltr'><strong>injecit,</strong></span> <span class='ocrx_word' id='word_1_483' title='bbox 2024 3301 2072 3336; x_wconf 87' lang='lat' dir='ltr'><strong>et</strong></span> <span class='ocrx_word' id='word_1_484' title='bbox 2105 3307 2202 3336; x_wconf 84' lang='lat' dir='ltr'><strong>cum</strong></span> 
     </span>
     <span class='ocr_line' id='line_1_100' title="bbox 1327 3358 2202 3408; baseline -0.002 -9"><span class='ocrx_word' id='word_1_485' title='bbox 1327 3359 1524 3399; x_wconf 87' lang='lat' dir='ltr'><strong>familiari</strong></span> <span class='ocrx_word' id='word_1_486' title='bbox 1554 3370 1678 3398; x_wconf 86' lang='lat' dir='ltr'><strong>servo</strong></span> <span class='ocrx_word' id='word_1_487' title='bbox 1705 3359 1906 3399; x_wconf 84' lang='lat' dir='ltr'><strong>et-amica</strong></span> <span class='ocrx_word' id='word_1_488' title='bbox 1925 3359 2093 3408; x_wconf 79' lang='lat' dir='ltr'><strong>evasit3</strong></span> <span class='ocrx_word' id='word_1_489' title='bbox 2126 3358 2202 3398; x_wconf 88' lang='lat' dir='ltr'><strong>sed</strong></span> 
     </span>
     <span class='ocr_line' id='line_1_101' title="bbox 1330 3420 2203 3470; baseline -0.001 -9"><span class='ocrx_word' id='word_1_490' title='bbox 1330 3421 1503 3470; x_wconf 81' lang='lat' dir='ltr'><strong>tandem</strong></span> <span class='ocrx_word' id='word_1_491' title='bbox 1531 3433 1557 3460; x_wconf 88' lang='lat' dir='ltr'><strong>a</strong></span> <span class='ocrx_word' id='word_1_492' title='bbox 1585 3420 1857 3462; x_wconf 81' lang='lat' dir='ltr'><strong>multitudine</strong></span> <span class='ocrx_word' id='word_1_493' title='bbox 1882 3421 2062 3461; x_wconf 72' lang='lat' dir='ltr'><strong>militum</strong></span> <span class='ocrx_word' id='word_1_494' title='bbox 2090 3421 2203 3461; x_wconf 83' lang='lat' dir='ltr'><strong>occi-</strong></span> 
     </span>
     <span class='ocr_line' id='line_1_102' title="bbox 1329 3478 2203 3526; baseline 0 -2"><span class='ocrx_word' id='word_1_495' title='bbox 1329 3484 1462 3526; x_wconf 82' lang='lat' dir='ltr'><strong>ditur.</strong></span> <span class='ocrx_word' id='word_1_496' title='bbox 1517 3485 1627 3524; x_wconf 82' lang='lat' dir='ltr'><strong>Tum</strong></span> <span class='ocrx_word' id='word_1_497' title='bbox 1664 3487 1875 3525; x_wconf 80' lang='lat' dir='ltr'><strong>mortuum</strong></span> <span class='ocrx_word' id='word_1_498' title='bbox 1903 3478 2056 3526; x_wconf 66' lang='lat' dir='ltr'><strong>muilier</strong></span> <span class='ocrx_word' id='word_1_499' title='bbox 2082 3490 2203 3526; x_wconf 85' lang='lat' dir='ltr'><strong>veste</strong></span> 
     </span>
    </p>
   </div>
  </div>
 </body>
</html>
