2346 3996
425 280 565 334 1376

422 416 551 463 caput
594 409 815 448 dementer
850 407 1074 448 imminens
1115 408 1294 460 imperio

422 479 535 516 esset
579 472 732 512 fultum
778 472 949 512 credula
993 470 1295 524 suffragatione

1189 293 1367 332 NO'I'AE

1409 292 1474 332 IN

1361 412 1580 452 civitatum
1602 418 1646 452 et
1665 412 1851 464 gentium
1884 413 2012 453 totius
2045 412 2234 461 orientis.

1366 476 1471 514 Otiv.

493 791 1138 872 FRAGMENTUM
1175 807 1422 868 LIBRI
1460 808 1587 871 DE
1622 807 2164 876 NOMINIBUS.

410 992 414 996 ·
468 970 625 1012 Pnaer.
639 964 686 1011 In
699 973 887 1024 epitomen
898 984 1006 1012 suam
1022 972 1067 1012 C.
1080 971 1162 1011 Titi
1175 970 1296 1010 Probi

419 1033 621 1085 proefutio]
650 1035 734 1075 Hic
754 1036 900 1075 titulus
920 1035 962 1074 in
978 1034 1123 1074 multis
1140 1033 1296 1072 veteri·

422 1096 501 1135 bus
531 1097 648 1136 libris
679 1110 761 1137 nou
799 1097 996 1147 habetur,
1017 1102 1062 1136 et
1081 1096 1123 1135 in
1143 1095 1294 1147 aliqui-

422 1158 517 1209 bus,
535 1164 581 1198 ut
598 1159 700 1207 dixi,
721 1165 820 1199 sunt
838 1160 931 1199 aliae
951 1157 1294 1211 praefatiuneulae

420 1221 684 1262 librariorum
707 1224 916 1263 arbitratu
934 1221 1197 1273 compositae.
1233 1219 1294 1260 At

421 1282 464 1321 in
492 1284 720 1335 Campensi
749 1285 899 1325 codice
919 1285 1036 1324 nulla
1059 1290 1126 1323 est
1147 1281 1295 1335 praefa·

421 1347 495 1384 tio.
538 1347 902 1387 Quemadmodum
923 1346 1037 1386 enim
1055 1346 1100 1385 in
1117 1345 1211 1385 aliis
1225 1357 1297 1385 no-

424 1421 516 1447 vem
538 1408 673 1458 libris,
691 1409 751 1448 ita
769 1416 813 1448 et
827 1409 896 1449 hic
909 1408 1170 1448 solummodo
1186 1420 1295 1460 prae-

422 1471 612 1522 figuntur
650 1473 781 1524 tituli,
818 1486 922 1526 quos
958 1473 1298 1514 abbreviatorem

420 1536 583 1575 Julium
618 1536 818 1577 Paridem
845 1537 1042 1578 omisisse
1072 1537 1222 1577 dicunt
1249 1537 1297 1576 li-

423 1599 658 1639 brariorum
705 1600 1065 1653 praefatiunculae,
1109 1607 1156 1642 et
1200 1605 1299 1641 sunt

420 1662 592 1713 quidem
621 1664 754 1703 tales:
785 1665 852 1705 De
876 1665 1110 1714 nominibus,
1129 1665 1192 1705 De
1206 1676 1297 1716 pro-

420 1724 652 1773 nominibus,
679 1726 743 1765 De
760 1726 1066 1777 cognominibus,
1083 1726 1148 1767 De
1175 1737 1296 1775 ugno-

420 1786 602 1837 minibus,
621 1787 685 1826 De
702 1789 1023 1839 appellationibus
1043 1792 1299 1839 potestatum,

421 1848 486 1887 De
511 1849 640 1889 verbis
669 1850 854 1891 Romunoe
871 1852 1063 1893 historice.
1119 1853 1185 1892 Ex
1207 1852 1297 1905 qui-

423 1911 501 1951 bus
515 1911 642 1952 facile
654 1914 797 1966 colligi
815 1919 973 1966 potest,
984 1915 1180 1956 librarios
1187 1914 1298 1967 frag-

420 1980 610 2015 mentum
631 1976 744 2016 istud
761 1977 982 2028 Epitomes
1010 1978 1064 2019 de
1083 1978 1297 2019 nominum

421 2037 585 2084 ratione
615 2051 699 2079 non
729 2040 878 2092 solum,
907 2041 983 2081 sed
999 2046 1045 2080 et
1071 2042 1155 2082 alia
1181 2055 1295 2095 quae·

421 2099 518 2140 dam
553 2102 830 2153 collectanea,
864 2105 997 2145 veluti
1032 2106 1296 2157 appendices

420 2165 473 2205 ad
494 2166 797 2208 declarandum
817 2170 1039 2210 Valerium
1068 2171 1159 2222 ejus
1177 2170 1297 2211 libris

417 2229 640 2281 adjecisse,
667 2242 723 2270 ex
742 2231 928 2284 antiquis
953 2232 1124 2285 quidem
1152 2237 1297 2273 aucto-

418 2291 533 2332 ribus
553 2292 823 2346 deprompta,
836 2294 912 2335 sed
927 2307 1023 2347 quae
1037 2296 1296 2348 posteriores

419 2367 497 2406 pro
519 2368 594 2396 suo
607 2356 774 2408 judicio
794 2358 905 2397 male
932 2357 1297 2408 consarcinatum,

419 2424 659 2470 mutarunt,
704 2424 750 2459 et
790 2420 1119 2461 detruncarunt.
1186 2419 1297 2460 Nam

418 2480 518 2521 huic
538 2479 783 2533 fragmento
814 2482 868 2522 de
899 2482 1156 2532 nominibus,
1183 2482 1297 2535 quod

417 2544 619 2584 continue
649 2550 749 2597 post
779 2545 924 2585 titulos
962 2546 1067 2586 istos
1093 2546 1301 2598 sequitur,

418 2606 462 2646 in
493 2607 724 2660 Campensi
750 2607 900 2650 codice
926 2619 1093 2648 annexa
1119 2613 1190 2647 est
1216 2607 1300 2647 alia

420 2671 614 2722 quaedam
643 2672 833 2723 epitome
856 2673 911 2713 de
941 2671 1298 2724 appellationibus

419 2739 700 2786 potestatum,
721 2740 766 2775 et
791 2735 846 2775 de
875 2737 999 2776 Rom.
1017 2734 1204 2774 historiae
1226 2745 1296 2773 vo-

419 2795 609 2845 cabulis;
637 2798 758 2838 velut
777 2803 962 2850 arguunt
986 2798 1116 2838 etiam
1137 2807 1191 2837 ex
1211 2796 1298 2837 dic-

418 2860 477 2900 tis
514 2860 651 2901 titulis
693 2861 779 2902 duo
817 2862 1037 2914 postremi.
1091 2860 1296 2900 Attamen

419 2925 515 2964 haec
547 2924 602 2964 ab
634 2924 717 2965 alio
746 2926 986 2966 recentiore
1012 2923 1183 2964 videtur
1201 2934 1297 2962 esse

420 2988 677 3040 composita,
705 2993 752 3030 et
768 2989 839 3029 vix
858 2988 988 3041 digna
1006 2989 1120 3038 luce,
1139 2987 1297 3027 nedum

420 3050 570 3091 Valer.
585 3050 775 3090 Maximo
791 3063 802 3090 ι
825 3051 1134 3104 qualiscunque
1152 3055 1297 3089 tamen

419 3119 504 3164 est,
522 3125 607 3154 non
627 3114 765 3154 minus
776 3114 979 3167 prodesse
993 3112 1138 3154 forsan
1152 3117 1298 3164 posset

419 3176 772 3227 imperitioribus,
817 3188 942 3229 quam
984 3177 1070 3227 illa,
1111 3187 1204 3227 quae
1243 3186 1296 3215 ex

421 3239 661 3291 Pomponio
678 3239 791 3282 Jcto
809 3238 864 3279 de
881 3239 997 3289 Orig.
1017 3239 1110 3281 Jur.
1131 3250 1181 3278 ac
1210 3250 1295 3277 ma-

421 3301 678 3352 gistratuum
716 3313 799 3342 non
842 3301 1069 3342 admodum
1113 3299 1298 3340 fideliter

423 3369 488 3403 est
516 3365 763 3415 compilata.

475 3426 546 3466 DE
564 3427 795 3468 Pnfflnom.
814 3427 971 3468 Decimi
984 3426 1097 3476 hujus
1109 3428 1235 3478 operis
1250 3427 1298 3466 li-

424 3489 485 3527 bri
510 3502 580 3540 per
614 3491 661 3531 C.
682 3492 813 3532 Titum
834 3492 1004 3533 Probum
1032 3491 1214 3542 Epitome
1234 3491 1297 3530 De

1360 972 1617 1024 proenomz'ne]
1665 971 1735 1012 Ita
1768 973 1907 1024 vulgo.
1965 973 2109 1026 Atque
2140 973 2234 1014 liaec

1363 1035 1465 1074 item
1485 1035 1708 1086 inscriptio
1736 1048 1818 1075 non
1838 1035 2019 1077 babetur
2045 1037 2089 1075 in
2109 1036 2235 1077 MSto

1364 1099 1528 1151 Camp.‚
1547 1111 1627 1138 nec
1648 1100 1690 1138 in
1711 1100 1820 1140 aliis.

1417 1163 1532 1207 Quod
1551 1163 1753 1213 Romulus,
1770 1166 1808 1201 et
1828 1161 1990 1211 Remus,
2005 1160 2236 1211 Faustulus]

1362 1226 1498 1265 Deest
1526 1226 1664 1265 altera
1693 1225 1862 1276 copula.
1902 1225 2013 1264 Nam
2038 1225 2083 1264 in
2111 1224 2236 1264 Cam-

1363 1289 1483 1339 pensi
1506 1289 1558 1327 V.
1577 1288 1628 1327 C.
1643 1292 1689 1327 et
1704 1288 1797 1327 aliis
1814 1287 1919 1327 Mss.
1933 1287 1994 1326 sic
2014 1287 2183 1337 legitur,
2196 1291 2237 1326 et

1365 1351 1512 1390 Remus
1528 1355 1568 1391 et
1580 1350 1801 1391 Faustulus.
1845 1350 2061 1389 Caeterum
2079 1349 2237 1388 Varro-

1365 1414 1430 1453 nis
1468 1413 1709 1465 opinionem
1747 1412 1870 1451 istam
1904 1411 2098 1463 sequitur
2132 1411 2235 1452 item

1365 1476 1591 1528 Appianus
1604 1475 1935 1524 Alexandrinus,
1948 1474 2138 1514 scribens
2153 1474 2238 1514 Ro·

1364 1553 1510 1580 manos
1529 1541 1583 1580 ab
1598 1539 1718 1579 initio
1731 1550 1828 1578 usos
1845 1549 1928 1578 nno
1940 1537 2125 1588 nomine,
2138 1537 2236 1577 dein

1366 1603 1547 1654 duobus,
1563 1609 1712 1655 postea
1731 1601 1882 1642 tribus.

1419 1668 1572 1707 Rheam
1603 1664 1800 1718 Sylviam]
1845 1664 1899 1705 V.
1922 1663 1974 1703 C.
2008 1663 2132 1704 Reum
2158 1662 2239 1703 Sil-

1364 1730 1482 1770 vium.
1530 1730 1638 1772 Quae
1656 1727 1957 1779 orthographia
1979 1726 2153 1779 antiqua
2171 1730 2240 1766 est

1363 1794 1571 1844 Romana,
1613 1803 1697 1831 non
1743 1790 2032 1840 Graecissan‘33
2075 1788 2237 1841 quippe

1363 1856 1452 1895 sine
1483 1855 1745 1907 aspiratione
1773 1853 1841 1893 vel
1869 1866 1896 1904 y
1924 1852 1969 1892 in
1999 1851 2237 1904 Sylviorum

1364 1918 1547 1958 nomine.

1419 1979 1620 2019 Amulium
1651 1978 1840 2030 Silvium]
1886 1971 1947 2017 'V.
1969 1977 2022 2018 C.
2052 1977 2237 2018 Amatam

1363 2042 1541 2083 Silvium.
1582 2043 1676 2082 Nec
1691 2041 1800 2082 adeo
1814 2041 1939 2082 male.
1969 2041 2079 2081 Nam
2095 2039 2239 2092 prisca

1363 2104 1484 2144 fuere
1497 2103 1763 2157 praenomina
1769 2102 1883 2154 apud
1894 2102 2101 2152 Albanos,
2109 2101 2240 2142 Amn-

1365 2169 1446 2219 lus,
1476 2167 1694 2217 Romulus,
1722 2165 1939 2216 Numitor,
1964 2164 2118 2216 Tutor,
2139 2174 2240 2204 nec-

1365 2241 1450 2270 non
1497 2230 1674 2280 Romus,
1713 2227 1893 2279 Remus,
1931 2230 1976 2266 et
2021 2227 2107 2266 alia
2140 2237 2237 2278 quae

1366 2290 1634 2344 postmodum
1661 2302 1746 2330 non
1779 2293 1982 2342 usurpata
2015 2288 2238 2329 obsoleve-

1365 2361 1480 2396 runt.

1419 2417 1638 2468 Agrippam
1657 2415 1855 2469 Sylvium]
1883 2415 1935 2455 In
1964 2415 2018 2455 V.
2047 2415 2097 2456 C.
2114 2413 2237 2464 Agri—

1360 2493 1453 2531 pum
1472 2480 1657 2520 Silvium.
1702 2479 1814 2519 Item
1840 2478 1975 2530 antiq.
1996 2476 2180 2528 simplici
2192 2488 2237 2527 p.

1366 2544 1476 2584 Nam
1496 2544 1549 2583 ab
1565 2555 1679 2595 aegro
1692 2547 1820 2595 partu
1831 2552 2075 2594 praenomen
2087 2540 2239 2580 inven-

1365 2612 1453 2646 tum
1469 2611 1548 2646 est.
1576 2605 1630 2646 In
1647 2605 1848 2646 sambuci
1864 2603 2015 2645 codice
2026 2603 2096 2644 liic
2114 2602 2239 2643 omit-

1365 2671 1486 2710 titur.

1419 2733 1600 2772 Tutorem
1644 2730 1844 2781 Clodium]
1889 2730 1944 2770 V.
1969 2729 2019 2770 C.
2057 2728 2237 2768 nem-em

1367 2796 1555 2835 Cloelium.
1598 2796 1750 2837 Recte.
1788 2794 1901 2834 Nam
1921 2791 2074 2832 Cloelia
2088 2802 2193 2842 gens
2212 2802 2239 2829 a

1365 2858 1516 2898 Cloelio
1543 2858 1690 2898 AEneae
1723 2856 1882 2896 comite
1905 2853 2125 2907 appellat-a
2155 2858 2238 2902 est,

1364 2921 1569 2973 Dionysio
1605 2926 1650 2960 et
1693 2919 1822 2959 Festo
1867 2916 2066 2957 testibus.
2128 2916 2237 2957 Quae

1365 2983 1480 3036 apud
1500 2982 1691 3023 Albanos
1710 2982 1752 3022 in
1771 2981 1894 3022 Latio
1911 2980 2024 3020 inter
2042 2978 2241 3031 antiquis·

1363 3048 1489 3088 simas
1516 3052 1564 3088 et
1590 3046 1868 3086 nobilissimas
1885 3042 1986 3084 mit.
2026 3040 2237 3093 PostSyl-

1365 3113 1474 3152 viam
1494 3111 1622 3162 enim,
1640 3110 1683 3150 in
1703 3108 1932 3150 Numitore
1944 3105 2236 3155 deficientem,

1365 3174 1456 3226 ejus
1489 3173 1609 3224 regni
1634 3171 1921 3224 principatum
1948 3173 1995 3208 et
2022 3166 2236 3219 guberna-

1365 3238 1462 3277 cula
1481 3235 1624 3276 tenuit
1649 3234 1726 3275 sub
1748 3233 1890 3273 Numa
1906 3235 1953 3272 et
1983 3230 2106 3271 Tullo
2124 3230 2236 3271 Hos-

1364 3299 1455 3340 tilio
1484 3298 1684 3351 regibus3
1723 3301 1769 3336 et
1796 3295 1966 3335 demum
1995 3292 2110 3334 Alba
2158 3293 2237 3333 sub

1362 3362 1541 3404 Suffetio
1567 3362 1782 3402 dictatore
1808 3360 1965 3410 diruta,
1986 3358 2124 3399 Cloelii
2153 3359 2236 3398 Ro-

1363 3439 1474 3467 mam
1494 3439 1519 3466 a
1539 3426 1662 3466 Tullo
1681 3436 1782 3476 rege
1809 3435 1905 3463 cum
1931 3421 2044 3463 oinni
2063 3421 2144 3462 alia
2161 3432 2236 3460 no-

1365 3491 1531 3531 bilitate
1566 3486 1754 3529 traducti
1794 3487 1922 3527 etiam
1959 3491 2074 3535 sunt,
2109 3489 2236 3535 atque
