2320 4004
396 288 535 344 1100

394 423 551 463 niensis
587 422 865 472 Philosophus
903 423 1159 462 clarissimus
1204 434 1258 463 ex

393 497 501 536 pago
535 483 805 537 Alopecensi,
839 484 950 525 filius
986 486 1260 537 Sophronisci

392 551 652 589 marmorarii
672 557 715 589 et
735 551 990 590 Phanaretae
1005 551 1263 602 obstetricis,

391 609 572 663 fuitque,
591 617 637 651 ut
656 612 825 663 quidam
855 612 1016 664 ferunt,
1037 614 1259 666 Anaxago-

394 683 453 711 rae
474 674 653 724 primum
672 674 856 725 auditor,
874 675 1029 715 deinde
1048 675 1262 726 Archelai,

394 734 460 772 cui
482 735 688 774 successit
708 736 751 774 in
773 736 928 777 schola.
975 737 1061 777 Hic
1077 737 1262 777 animad-

392 800 563 835 vertens
597 799 900 848 speculationis
935 802 1139 841 naturalis
1175 802 1263 840 nul-

393 857 477 896 lum
511 857 696 898 fructum
726 872 835 912 esse,
856 868 1058 914 quantum
1078 863 1130 902 ad
1150 875 1263 903 com-

391 920 558 959 modum
579 922 675 962 vitae
697 930 936 975 spectaret,
963 926 1120 976 primus
1147 926 1265 964 Ethi-

391 992 484 1032 cen,
505 982 583 1022 hoc
612 991 690 1036 est,
710 988 911 1027 moralem
933 988 1263 1040 Philosophiam,

391 1043 570 1095 invenit,
591 1048 742 1088 relicta
762 1052 956 1090 naturali.
1010 1052 1138 1101 Nam,
1155 1058 1266 1090 teste

395 1106 603 1148 Cicerone
622 1110 663 1149 in
683 1111 866 1164 Prologo
887 1114 1023 1165 quinti
1041 1114 1136 1152 libri
1155 1114 1266 1152 Tus·

394 1170 733 1214 culan.⁴Quaest.
762 1176 919 1224 primus
948 1177 1001 1215 de
1034 1177 1139 1215 coelo
1167 1177 1266 1215 Phi-

392 1231 621 1284 losophiam
659 1237 897 1282 devocavit,
928 1244 972 1277 et
1008 1238 1050 1276 in
1081 1238 1266 1277 Urbibus

393 1296 632 1345 collocavit,
670 1299 711 1337 in
749 1300 978 1351 domosque
1015 1300 1266 1350 introduxit,

392 1362 436 1396 et
457 1358 598 1409 coegit
617 1359 670 1398 de
698 1361 900 1410 moribus,
930 1367 973 1400 et
998 1361 1100 1412 vita,
1122 1362 1265 1401 rebus-

393 1429 474 1467 que
513 1419 630 1458 bonis
664 1426 709 1459 et
746 1421 862 1460 malis
893 1433 1097 1473 quaerere.
1166 1423 1268 1463 Fuit

394 1478 554 1519 Orator
574 1488 806 1533 promptus,
821 1496 933 1524 acer.
962 1485 1266 1535 Primus,teste

392 1541 616 1595 Favorino,
663 1557 757 1585 cum
807 1547 1006 1587 AEschine
1057 1548 1267 1600 discipulo

391 1606 588 1645 oratoriae
628 1609 731 1647 artis
761 1621 933 1661 campos
964 1611 1149 1662 aperuit,
1168 1610 1269 1651 fuit·

392 1677 475 1717 que
502 1668 562 1706 illi
583 1681 688 1709 cura
717 1672 846 1710 etiam
866 1684 1085 1724 corporeae
1105 1674 1271 1713 exerci-

394 1729 581 1781 tationis,
610 1738 738 1783 atque
759 1739 853 1773 erat
872 1736 1067 1786 praeclari
1087 1735 1272 1785 habitus,

395 1798 443 1831 ut
478 1792 589 1833 dixit
626 1795 831 1837 Laertius.
904 1798 1030 1837 Unde
1065 1799 1270 1840 suadebat

395 1854 613 1908 discipulis
633 1860 734 1910 suis,
753 1866 800 1899 ut
821 1873 865 1900 se
884 1861 1035 1901 crebro
1056 1862 1270 1902 intueren-

395 1921 466 1956 tur
499 1918 541 1957 in
574 1923 776 1971 speculo;
805 1927 852 1963 ut
877 1924 1028 1976 quibus
1047 1931 1160 1965 esset
1177 1937 1268 1965 cor-

395 1980 510 2030 poris
540 1981 724 2033 dignitas
753 1997 778 2024 a
804 1991 959 2026 natura
986 1988 1158 2039 donata,
1175 2001 1270 2029 eam

392 2039 616 2093 integram,
635 2046 759 2085 nullis
782 2047 894 2087 vitiis
912 2055 1154 2101 corruptam
1172 2062 1271 2090 con·

395 2113 633 2155 servarent,
651 2107 800 2159 quibus
821 2121 922 2150 vero
933 2117 1084 2160 negata
1104 2110 1271 2159 fuisset,

397 2160 557 2207 virtute
570 2177 885 2222 compararent,
900 2180 948 2213 ut
966 2174 1121 2226 animo,
1139 2175 1271 2214 sinon

395 2242 589 2282 corpore,
610 2233 846 2274 hominibus
866 2236 1105 2286 placerent.
1161 2239 1273 2277 Mili·

396 2293 504 2332 tavit
519 2294 789 2346 quandoque,
810 2302 854 2336 et
874 2298 1202 2348 Xenophontem
1219 2300 1272 2340 ab

395 2366 503 2407 equo
522 2356 752 2409 dejectum,
772 2359 814 2398 in
835 2361 985 2410 proelio
1004 2360 1122 2402 facto
1144 2362 1272 2402 virili-

394 2421 476 2465 ter,
496 2420 749 2471 suspiciens,
769 2423 928 2462 salvum
950 2424 1152 2467 reddidit.
1193 2427 1274 2466 Fu-

394 2481 606 2531 gientibus
639 2483 969 2526 Atheniensibus
995 2487 1203 2528 universis
1228 2489 1271 2529 in

396 2542 510 2583 bello
528 2546 667 2584 navali
696 2547 816 2598 vicit,
835 2548 1137 2602 victoriamque
1157 2550 1273 2591 Alci-

394 2604 509 2645 biadi
553 2609 779 2659 concessit,
838 2622 963 2662 quem
1009 2611 1117 2663 ipse,
1160 2618 1272 2653 teste

397 2668 635 2720 Aristippo,
671 2671 756 2709 suis
791 2673 984 2712 manibus
1009 2680 1274 2725 armaverat3

395 2731 452 2770 de
489 2742 571 2783 quo
600 2732 680 2771 alia
707 2733 896 2774 dicemus
927 2736 970 2774 in
1001 2737 1191 2788 capitulo
1220 2738 1274 2778 de

397 2792 625 2845 Sapienter
644 2795 786 2836 dictis.
816 2797 966 2838 Oliver.

452 2857 734 2910 Marmorario]
760 2859 813 2898 Id
847 2865 926 2910 est,
962 2861 1033 2912 qui
1064 2872 1276 2901 marmora

401 2919 592 2970 pollebat
605 2925 677 2959 aut
694 2921 932 2972 sculpebat.
960 2923 1128 2962 Badius.
1165 2925 1276 2963 Mar-

396 2981 587 3032 morario]
617 2983 790 3022 Laertio
812 2982 891 3023 υἱὸς
908 2986 1124 3035 λιθουργοῦ.
1154 2985 1278 3025 Glos-

403 3044 587 3084 sarium:
631 3045 937 3095 Marmorarius,
972 3047 1277 3100 Μαρμαροποιὸς,

399 3108 793 3160 Ἀγαλματσγλύφος.
857 3110 997 3150 Alibi:
1046 3110 1280 3164 Μαρμάριος,

402 3173 664 3213 Mamurius.
692 3173 834 3213 Coler.

455 3234 651 3286 Indoctis]
682 3234 861 3286 Ignarus
892 3235 1022 3276 etiam
1050 3237 1279 3278 correctio-

401 3298 465 3337 nis
490 3298 717 3349 Lipsianae,
745 3298 890 3348 malui,
921 3299 1060 3339 doctis.
1116 3299 1281 3340 Doctos

402 3373 567 3400 errores
605 3362 824 3412 eleganter
859 3365 985 3400 vocat
1019 3373 1130 3401 vana
1167 3375 1281 3414 quae-

404 3421 501 3460 dam
546 3422 821 3462 scientiarum
860 3422 1281 3464 Mathematicarum.

404 3484 622 3526 Ambitum
635 3489 778 3524 autem
796 3483 914 3524 illum
931 3483 1170 3537 disciplinae
1188 3486 1282 3525 Ma-

974 305 1148 345 No'rAE
1189 303 1464 346 VARloRU
1479 306 1520 345 Μ
1562 304 1627 346 m

1320 423 1564 464 thematicae
1597 432 1679 464 non
1711 422 1846 463 minus
1876 421 2050 474 proprie
2071 417 2199 474 qnam

1321 485 1463 526 facete
1503 487 1515 508 ‘
1532 485 1725 526 errores'
1765 485 1983 535 indigitat.
2038 484 2200 534 Dioge-

1322 559 1395 586 nes
1429 548 1611 599 Cynicus
1643 547 1973 587 Mathematicus
2005 544 2202 593 πλανήτας

1321 621 1402 659 per
1426 611 1574 660 jocum
1606 610 1878 661 appellitasse
1897 610 2055 662 legitur
2086 607 2201 661 apud

1323 671 1559 710 Stobaeum.
1601 673 1775 710 Coterus.
2223 671 2226 674 ’

1376 735 1398 784 ς
1417 737 1442 772 2
1471 734 1769 784 Demosthenes]
1807 732 2108 773 Demosthenis
2127 744 2203 785 pa·

1323 802 1433 836 trem
1450 797 1704 836 Plutarchus
1719 797 2053 837 Demosthenem
2069 797 2204 836 nomi·

1323 866 1469 899 natum
1506 860 1638 898 fuisse
1671 859 1792 908 dicit,
1830 859 2048 910 illumque,
2089 862 2204 898 teste

1323 924 1602 974 Theopompo
1641 922 1881 971 Historico,
1914 921 2051 960 virum
2103 932 2206 972 pro-

1326 985 1440 1034 bum,
1471 986 1710 1033 honestum,
1738 983 2076 1035 Machaeropium
2105 994 2205 1035 cog-

1325 1047 1601 1093 nominatum,
1642 1046 1696 1086 ab
1741 1045 1910 1085 officina
1949 1045 2206 1096 gladiorum,

1327 1120 1452 1160 quam
1491 1108 1674 1147 Athenis
1707 1108 1938 1159 egregiam,
1977 1107 2205 1158 multisque

1328 1171 1565 1210 artificibus
1585 1172 1718 1210 servis
1738 1171 1991 1210 instructam
2009 1169 2210 1220 habebat,

1327 1234 1440 1284 quod
1471 1239 1516 1273 et
1534 1234 1756 1274 Juvenalis
1776 1233 1957 1273 affirmat
1975 1234 2018 1272 in
2036 1233 2208 1285 Satyra,

1327 1308 1422 1334 cum
1460 1295 1599 1335 dicat:
1651 1296 1815 1336 ‘Quem
1848 1301 1974 1346 pater
2016 1294 2209 1334 ardentis

1327 1369 1476 1396 massae
1511 1356 1691 1408 fuligine
1711 1358 1855 1408 lippus
1884 1357 1924 1397 A
1952 1356 2138 1397 carbone
2165 1364 2211 1397 et

1328 1420 1579 1472 forcipibus,
1599 1422 1846 1474 gladiosque
1877 1426 2056 1472 parante
2080 1420 2212 1466 Incu-

1329 1484 1398 1529 de,
1414 1491 1459 1523 et
1491 1484 1609 1523 luteo
1632 1484 1824 1523 Vulcano
1853 1483 1907 1522 ad
1935 1482 2106 1522 rhetora
2134 1483 2212 1521 mi⁶

1331 1546 1415 1587 sit!
1471 1547 1656 1586 Matrem
1694 1547 1788 1597 ejus
1822 1546 2039 1586 AEschines
2074 1543 2213 1584 tradit

1331 1621 1386 1648 ex
1419 1609 1599 1649 barbara
1626 1610 1801 1649 muliere
1821 1613 1867 1648 et
1885 1606 2212 1647 Atheniensium

1331 1673 1515 1724 quodam
1536 1673 1662 1712 exule
1694 1677 1862 1711 natam:
1892 1670 1935 1710 id
1972 1680 2119 1710 verum
2138 1669 2213 1720 sit,

1331 1746 1411 1775 nec
1430 1747 1500 1787 ne,
1515 1735 1722 1775 incertum
1741 1739 1822 1784 est,
1843 1745 1940 1772 nam
1972 1731 2024 1772 ad
2059 1730 2211 1771 falsam

1331 1797 1585 1836 calumniam
1621 1796 1665 1836 id
1697 1796 1910 1847 obJectum
1931 1793 2215 1834 Demostheni

1332 1859 1384 1899 ab
1411 1861 1562 1899 aemulo
1589 1864 1783 1910 putatur.
1838 1857 1942 1898 Fuit
1962 1862 2106 1896 autem
2125 1855 2213 1895 De-

1331 1923 1574 1962 mosthenes
1606 1922 1765 1961 Orator
1784 1920 1965 1959 omnium
1993 1918 2218 1970 maximus,

1331 1990 1380 2024 ut
1395 1985 1472 2024 sub
1492 1985 1691 2025 Oratoris
1711 1983 1878 2023 nomine
1907 1980 2021 2033 apud
2034 1980 2213 2020 Graecos

1334 2050 1346 2069 ‘
1369 2045 1711 2087 Demosthenes’
1768 2045 2051 2095 intelligatur,
2101 2041 2215 2082 sicut

1336 2109 1449 2160 apud
1469 2121 1544 2148 nos
1582 2113 1595 2132 ‘
1612 2107 1793 2148 Cicero.’
1851 2107 1909 2146 Et
1936 2109 2104 2146 constat
2123 2105 2213 2157 qni·

1336 2173 1432 2212 dem
1467 2183 1662 2224 parvum
1708 2170 1928 2210 admodum
1979 2168 2215 2219 orphanum

1335 2234 1484 2286 fuisse,
1505 2235 1576 2287 qui
1597 2246 1692 2274 cum
1707 2245 1752 2273 se
1771 2246 1796 2272 a
1814 2230 2025 2272 tutoribus
2040 2231 2127 2271 suis
2145 2231 2220 2270 de-

1335 2302 1506 2348 ceptum
1556 2296 1689 2336 fuisse
1735 2299 2031 2347 cognosceret,
2064 2294 2218 2336 statuit

1335 2359 1506 2399 omnino
1526 2363 1664 2399 artem
1689 2359 1917 2398 oratoriam
1942 2357 2111 2409 assequi
2132 2357 2219 2409 ple·

1336 2422 1526 2473 nissime,
1543 2427 1592 2462 nt
1611 2421 1666 2462 ab
1685 2421 1748 2460 his
1755 2420 1830 2471 jus
1850 2432 1970 2460 suum
1991 2417 2219 2472 aliquando

1336 2490 1603 2537 reposceret,
1633 2483 1710 2523 sed
1734 2483 1876 2523 omnia
1906 2494 1932 2522 a
1958 2486 2114 2522 natura
2141 2492 2220 2522 suo

1337 2548 1559 2600 proposito
1589 2545 1778 2586 habebat
1810 2545 2006 2595 adversa,
2032 2556 2126 2596 quae
2153 2548 2219 2583 ta-

1338 2621 1436 2649 men
1454 2609 1597 2649 studio
1617 2613 1663 2647 et
1679 2606 1892 2647 industria
1919 2605 2153 2657 superavit,
2169 2610 2220 2645 ut

1338 2672 1382 2711 in
1413 2683 1508 2723 cap.
1543 2671 1597 2710 de
1633 2669 1855 2709 Industria
1889 2668 2095 2708 dicemus».
2134 2668 2221 2708 Oli-

1337 2747 1419 2775 ver.

1392 2796 1571 2837 Alterius
1616 2797 1761 2837 autem,
1781 2798 1946 2834 matrem
1981 2792 2104 2845 olera]
2151 2793 2220 2834 De

1340 2860 1557 2912 Euripidis
1589 2865 1730 2899 matre
1755 2856 2014 2898 contrarium
2033 2855 2223 2896 ostendit

1341 2922 1508 2964 Suidas.
1539 2923 1754 2962 Corradus.

1397 2986 1508 3025 CAP.
1526 2996 1569 3024 v.
1589 2984 1771 3035 Nobilio]
1793 2983 1905 3025 Quia
1919 2981 2224 3023 anobilissimis

1343 3047 1594 3100 parentibus
1624 3047 1715 3086 nati
1749 3050 1864 3086 sunt.
1915 3044 2096 3096 Nobilio]
2122 3044 2221 3084 scen

1343 3111 1500 3151 leribus
1520 3110 1650 3149 etiam
1667 3109 1761 3160 quis
1780 3107 1938 3147 nobilis
1959 3106 2130 3146 dicitur.

1397 3174 1419 3225 ς
1438 3177 1461 3212 1
1480 3173 1659 3211 Monstro
1673 3170 1862 3221 similius]
1880 3169 1974 3209 Imo
2002 3167 2085 3207 nisi
2103 3168 2226 3207 tenui

1342 3235 1496 3275 fuisset
1514 3233 1779 3282 valetudine,
1796 3232 1983 3271 alterum
2005 3229 2227 3270 extitisset

1344 3300 1486 3338 lumen
1506 3295 1714 3346 civitatis,
1733 3293 1874 3347 inquit
1892 3293 2043 3334 Cicero
2061 3292 2106 3334 in
2123 3292 2221 3333 Cat.

1350 3361 1517 3400 Cor-rud.

1401 3423 1438 3462 Α
1454 3421 1618 3473 parvulo
1635 3419 1839 3459 admodum
1867 3418 1991 3469 regis,
2006 3417 2092 3469 sa]
2130 3417 2225 3458 Sci·

1348 3497 1441 3529 mus
1474 3481 1685 3537 quomodo
1721 3482 1878 3522 Lucius
1910 3481 2056 3532 Scipio
2091 3478 2225 3524 frater
