2346 3996
380 299 522 352 1314

379 432 582 484 sophatus
604 435 670 472 est
695 430 950 482 scripsitque
978 431 1129 480 multa,
1158 442 1254 482 quae

375 495 458 535 hoc
476 496 571 535 loco
591 494 754 534 referre
773 506 854 533 non
876 499 942 533 est
962 506 1084 545 opuS.
1139 495 1256 533 Mor-

378 564 478 599 tuus
497 565 565 599 est
584 565 726 599 autem
747 571 858 598 anno
877 559 1018 599 aetatis
1045 571 1132 598 suae
1155 571 1254 598 cen-

377 623 529 662 tesimo
548 622 895 675 quinquagesimo
915 623 1116 674 septimo,
1144 629 1253 662 teste

374 685 599 737 Phasgone
618 686 692 726 lib.
724 686 776 725 de
798 687 1038 738 Longaevis.
1090 686 1254 726 Plinius

374 749 482 789 dicit
492 750 726 790 centesimo
740 750 1088 804 quinquagesimo
1104 749 1255 799 tertio;

371 816 420 852 ut
464 820 606 853 autem
644 813 875 854 Cretenses
911 812 1102 858 tradunt,
1140 817 1253 852 teste

372 876 561 927 La‘ertio,
614 877 723 917 vixit
767 876 963 917 ducentis
1017 874 1251 928 nonaginta

373 942 506 982 annis.
538 942 687 981 Oliver.

427 1005 609 1057 Cnosius]
638 1005 870 1056 Cretensis,
899 1009 944 1044 et
970 1004 1126 1044 Cnosio
1154 1005 1248 1045 vico

370 1069 586 1110 oriundus.

425 1135 485 1186 §6
509 1133 757 1184 Hellanicus]
788 1133 973 1173 Diversa
989 1133 1095 1172 citat
1112 1132 1247 1172 Athe-

366 1208 503 1239 naeus.
558 1198 663 1239 Quae
698 1209 750 1235 an
770 1197 856 1236 sint
876 1195 1095 1235 Hellanici
1115 1195 1247 1247 Mity-

366 1259 510 1310 lenaei,
530 1271 584 1298 an
615 1259 792 1309 Milesii,
814 1258 988 1297 dubium
1022 1263 1103 1298 est.
1161 1257 1246 1298 Hic

367 1328 511 1363 autem
530 1323 721 1362 Milesius
741 1322 1010 1372 intelligitur.

423 1388 619 1432 Quosdam
637 1398 688 1426 ex
719 1390 837 1435 gente
871 1383 1079 1436 Epiornm]
1126 1386 1244 1426 Win-

365 1451 598 1500 chelianus,
635 1462 685 1489 ex
717 1453 836 1499 gente
872 1449 1064 1488 Eliorum.
1130 1448 1243 1488 Item

363 1520 500 1555 recte.
558 1515 668 1555 Nam
699 1513 939 1565 Stephanus
972 1511 1026 1552 de
1053 1512 1162 1552 Urb.
1183 1513 1244 1553 ait

361 1579 482 1620 Elios
503 1579 570 1619 vel
590 1577 716 1618 Eleos
737 1578 837 1617 olim
856 1589 879 1617 a
899 1588 999 1629 rege
1028 1577 1148 1627 Epeo
1169 1589 1243 1629 ap-

359 1642 546 1693 pellatos
566 1642 697 1692 Epios
728 1639 878 1691 fuisse,
906 1640 1075 1680 eosdem
1099 1646 1241 1692 patro-

360 1705 534 1758 nymica
559 1717 665 1745 voce
689 1703 827 1744 dictos
862 1702 1240 1755 Endymioniadas‚

361 1769 476 1822 quod
509 1771 654 1822 Epeus
674 1768 951 1820 Endymionis
970 1766 1082 1807 filius
1104 1781 1128 1807 a
1149 1768 1240 1820 qui-

359 1834 541 1874 busdam
571 1833 801 1874 diceretur.
848 1833 970 1883 Pigh.
1028 1832 1238 1884 Epiorum]

359 1896 462 1938 Lib.
484 1898 598 1937 Dan.
616 1902 661 1937 et
680 1896 873 1949 quaedam
903 1895 1129 1944 editiones,
1145 1895 1240 1946 Epi-

353 1960 524 2012 piorum.
582 1960 680 2012 Epii
702 1971 801 2000 sane
826 1959 916 2000 sive
934 1958 1044 2010 Epei
1064 1957 1237 1999 Achaiae

356 2036 460 2076 pars
479 2030 594 2076 sunt,
613 2037 698 2064 non
730 2023 916 2073 AEtoliae‚
940 2029 1053 2063 teste
1079 2023 1238 2074 Plinio,

355 2087 585 2139 Strabone,
615 2088 722 2128 aliis.
776 2086 845 2126 An
876 2085 990 2127 forte
1011 2086 1236 2138 legendum

355 2150 618 2204 Epiriorum?
640 2151 922 2204 Epiriiiidem
937 2150 1024 2190 dici
1041 2156 1237 2201 potuere,

357 2217 433 2269 qui
465 2221 511 2257 et
541 2216 807 2257 Acarnanes.
863 2212 950 2254 Adi
980 2212 1237 2253 Strabonem

356 2281 435 2322 lib.
456 2291 502 2322 x.
535 2282 666 2321 Coler.

410 2344 633 2396 Ducentos]
662 2343 825 2385 Plinius
843 2343 935 2384 haec
955 2341 1096 2384 omnia
1114 2339 1234 2380 fabu-

353 2409 445 2449 losa
463 2421 572 2459 esse,
593 2414 637 2448 et
658 2420 712 2448 ex
745 2418 889 2447 errore
906 2417 1110 2446 annorum
1139 2415 1235 2455 pro-

353 2472 536 2526 venisse,
570 2483 672 2524 quos
705 2469 776 2511 alii
804 2483 879 2511 sex
911 2468 1136 2518 mensium,
1164 2466 1235 2508 alii

353 2536 484 2577 trium
503 2536 839 2582 constituissent,
859 2533 981 2573 dixit.
1015 2531 1164 2572 Oliver.

408 2599 665 2651 Damasthes]
714 2598 942 2639 Hellanico
973 2595 1146 2636 Milesio
1178 2607 1234 2635 ae-

354 2664 507 2715 qualis.
561 2663 688 2715 Cujus
707 2662 900 2702 meminit
934 2659 1166 2712 Dionysius
1183 2659 1233 2698 li·

351 2725 432 2766 bro
451 2738 484 2766 1.
520 2725 669 2778 Antiq.
707 2725 831 2766 Rom.
879 2723 1036 2764 Strabo
1069 2721 1143 2761 lib.
1165 2733 1232 2762 1x.

353 2789 441 2829 alii.
500 2789 625 2840 Eique
642 2786 848 2828 subscribit
866 2783 1123 2834 Damasthes]
1162 2783 1233 2823 Ita

352 2853 397 2892 in
429 2853 644 2894 veteribus
675 2851 796 2892 libris
833 2858 1028 2900 vocatur,
1066 2848 1171 2887 item
1207 2860 1233 2887 a

352 2917 514 2958 Plinio.
569 2916 669 2956 Fuit
694 2912 1044 2966 Hellesponticus
1060 2909 1232 2951 histori-

350 2993 471 3022 arum
485 2981 687 3031 scriptor,
707 2978 848 3031 patria
867 2975 1077 3017 SisiensiS.
1105 2975 1232 3025 Pigra.

351 3043 608 3095 Damastkes]
662 3041 855 3093 Scriptor
884 3040 918 3079 is
953 3038 1091 3078 minus
1136 3049 1231 3089 pro·

351 3108 479 3148 batus
498 3114 544 3148 et
564 3119 675 3158 pene
689 3105 843 3146 nullius
865 3102 1012 3144 classis
1029 3101 1231 3143 Straboni

352 3172 426 3213 lib.
461 3183 492 3212 1.
541 3169 743 3211 Meminit
774 3167 965 3220 ejusdem
1001 3166 1152 3219 Steph.
1185 3166 1229 3206 in

351 3234 587 3288 ὑπερβόρεοι.
623 3235 750 3274 coler.

407 3301 480 3351 §⁷
503 3299 728 3339 Alexander
771 3293 882 3345 vero]
939 3292 1227 3332 Alexandrum

352 3363 599 3406 Cornelium
631 3366 758 3402 vocat
794 3358 973 3398 Plinius.
1017 3356 1227 3397 Existimo

351 3439 446 3467 eum
468 3439 577 3477 esse,
597 3425 650 3465 de
672 3437 754 3476 quo
773 3424 863 3463 baec
891 3420 1040 3462 scribit
1070 3419 1227 3459 Strabo

347 3490 424 3542 lib.
443 3501 547 3531 xlu.
574 3490 656 3528 Τῶν
680 3486 723 3527 δὲ
753 3484 955 3537 νεωτέρων,
983 3480 1230 3534 Ἀλέξανδρος

354 3551 498 3606 ‘Pirrwp
516 3553 536 3592 ὁ
551 3551 701 3604 Λύχνος
730 3547 1060 3604 προσαγορευθεὶς,
1090 3546 1134 3588 ὃς
1164 3545 1229 3587 καὶ

952 313 1130 351 No'rAE
1159 296 1505 353 'vamoRUM
1548 315 1611 352 IN

1320 429 1598 471 ἐπολιτεύσατο
1642 430 1705 471 καὶ
1742 432 1978 486 συνέγραψεν
2009 434 2194 488 ἱστορίαν,

1319 496 1382 538 καὶ
1414 497 1486 545 ἔπη
1504 495 1723 549 κατέλιπεν,
1744 498 1784 537 ἐν
1813 497 1870 539 οῖς
1898 498 1950 538 τά
1977 515 2023 539 τε
2041 499 2197 552 οὐράνια

1317 560 1533 611 διατίθεται,
1565 560 1628 600 καὶ
1653 561 1725 602 τὰς
1756 562 1932 614 ἠπείρους
1957 567 2195 616 γεωγραφεῖ,

1317 625 1398 663 καθ’
1418 622 1587 672 ἑκάστην
1604 624 1735 666 ἐκδοὺς
1747 625 1956 676 ποιήματα.
1987 630 2116 668 Coler-
2173 671 2176 673 ,

1371 688 1494 728 Nulla
1513 701 1563 728 ex
1580 694 1708 739 purte,
1736 689 1824 742 ξω]
1870 691 2023 744 Neque
2049 691 2193 739 animi,

1314 764 1455 805 neque
1494 754 1685 804 corporis
1714 752 1873 793 viribus
1906 750 2191 806 deficientem,

1313 828 1394 856 non
1427 817 1655 869 sapientia,
1687 828 1772 856 non
1803 817 2007 857 memoria
2043 828 2192 857 caren-

1312 885 1416 930 tem‚
1433 892 1527 933 quae
1549 879 1782 920 senectutis
1800 879 1903 920 vitia
1925 891 2018 919 esse
2035 881 2190 922 selant.

1317 943 1463 984 Oliver.

1365 1006 1581 1057 Xenophon
1612 1009 1720 1059 qu'us
1749 1004 1834 1058 περὶ
1867 1004 1993 1057 γήρως
2024 1006 2191 1057 legitur]

1308 1069 1380 1110 Ita
1408 1071 1547 1123 vulgo.
1603 1071 1794 1122 Corrige,
1829 1074 1875 1109 ut
1898 1071 1941 1110 in
1963 1071 2191 1121 Campensi

1309 1138 1354 1172 et
1387 1133 1680 1173 Wincheliano
1712 1132 1797 1184 περὶ
1825 1133 1962 1172 πλοῦς.
2015 1131 2188 1172 Citatur

1306 1197 1409 1236 item
1445 1211 1470 1237 a
1498 1197 1640 1239 Plinio
1671 1197 1912 1249 Xenophon
1931 1196 1975 1236 in
1994 1196 2188 1249 Periplo.

1308 1261 1435 1310 Pigh.

1362 1323 1594 1364 Latinorum
1624 1324 1777 1375 regem]
1819 1322 1892 1364 Ita
1908 1323 2052 1375 vulgo.
2105 1323 2186 1364 La-

1307 1402 1453 1430 morum
1473 1391 1543 1431 alii
1563 1391 1674 1431 libri.
1728 1390 1812 1431 Sed
1831 1391 1873 1431 in
1892 1391 2050 1440 Plinio,
2067 1391 2186 1430 mnri-

1307 1453 1506 1495 timorum.
1526 1454 1701 1494 Coi-rad.
1757 1455 1889 1506 Lege,
1903 1453 2188 1503 Lai-hminum,

1308 1522 1356 1557 nt
1377 1523 1545 1558 veteres
1566 1517 1675 1559 libri.

1352 1580 1465 1622 CAP.
1481 1593 1581 1623 xlv.
1597 1583 1664 1622 An
1680 1582 1832 1632 melius,
1847 1581 1935 1635 ism]
1948 1581 2069 1622 Sicut
2082 1593 2187 1622 non·

1304 1645 1410 1691 ,nulli
1425 1645 1671 1700 Philosophi
1689 1651 1917 1699 praecepta
1927 1646 1983 1686 de
1997 1650 2186 1687 contem-

1305 1709 1446 1749 nenda
1462 1710 1593 1763 gloria
1611 1709 1900 1762 tradiderunt,
1915 1722 2010 1750 cum
2026 1709 2108 1762 ipsi
2120 1715 2186 1749 ta·
2251 1735 2255 1737 >

1305 1783 1400 1811 men
1429 1772 1650 1826 appetisse
1680 1773 1855 1824 gloriam
1886 1772 2072 1813 maxime
2106 1771 2184 1812 visi

1304 1834 1405 1883 sint,
1435 1836 1547 1888 quia,
1573 1841 1685 1876 teste
1711 1836 1939 1887 Cicerone,
1976 1834 2184 1877 trahimur

1305 1911 1450 1939 omnes
1471 1899 1612 1941 studio
1631 1899 1841 1950 laudis,et
1860 1899 2046 1952 optimus
2066 1899 2180 1953 quis-

1303 1975 1386 2015 que
1397 1964 1577 2004 maxime
1594 1964 1726 2016 gloria
1737 1963 1924 2004 ducitur.
1950 1963 2011 2004 Et
2023 1963 2085 2003 illi
2098 1963 2182 2015 ipsi

1301 2026 1552 2079 Philosophi
1571 2028 1728 2068 libellis
1759 2027 1860 2077 illis,
1883 2038 1988 2080 quos
2007 2026 2062 2066 de
2082 2038 2182 2066 con-

1303 2091 1533 2131 temnenda
1579 2091 1715 2143 gloria
1772 2090 1982 2142 scribunt,
2025 2101 2180 2130 nomen

1301 2165 1423 2193 suum
1442 2154 1706 2203 inscribunt:
1752 2154 1794 2193 in
1821 2164 1873 2192 eo
1901 2152 2010 2206 ipso,
2036 2153 2078 2192 in
2097 2164 2182 2206 quo

1301 2216 1654 2267 praedicationem
1669 2216 2021 2269 nobilitatemque
2040 2215 2182 2267 despi-

1299 2280 1435 2330 ciunt,
1467 2281 1699 2332 praedicari
1732 2292 1778 2322 se
1804 2285 1851 2320 et
1881 2277 2090 2320 nominari
2109 2291 2183 2319 vo-

1298 2343 1408 2383 lunt.
1463 2343 1549 2383 Sed
1585 2349 1653 2384 est
1684 2342 1808 2384 fortis
1845 2347 1891 2383 et
1921 2339 2182 2395 magnanimi

1299 2406 1378 2446 viri
1417 2407 1594 2458 gloriam
1631 2419 1718 2448 non
1757 2411 1980 2460 appetere,
2015 2409 2063 2446 et
2087 2405 2181 2446 sola

1299 2483 1472 2511 snorum
1509 2478 1632 2512 recte
1667 2470 1883 2511 factorum
1916 2468 2180 2511 conscientia

1299 2539 1550 2576 contentum
1580 2547 1674 2575 esse
1693 2549 1704 2575 ε
1748 2535 1760 2556 ‘
1777 2534 1903 2586 Saepe
1923 2532 2024 2573 viris
2041 2531 2179 2583 maior

1299 2597 1434 2648 gloria
1451 2602 1598 2649 spreta
1616 2594 1759 2638 redit!
1795 2596 1944 2635 Oliver.

1353 2661 1529 2706 Quorum
1561 2662 1604 2701 in
1630 2658 1952 2712 contemplandis]
1998 2657 2179 2709 Pighius

1298 2723 1517 2764 Ciceronis
1551 2723 1678 2762 libros
1708 2722 1761 2762 de
1791 2721 1938 2761 Gloria
1966 2720 2084 2760 innui
2105 2720 2177 2760 ha·

1295 2786 1487 2837 riolatur,
1522 2798 1625 2839 quos
1645 2798 1741 2838 cum
1759 2785 1847 2835 alii,
1867 2790 1956 2825 tum
1984 2783 2177 2836 Agellius

1297 2849 1406 2905 citat
1421 2850 1449 2889 l.
1473 2861 1550 2890 xv.
1570 2862 1609 2890 c.
1629 2853 1670 2890 6.
1698 2847 1903 2889 Varronis
1923 2847 2052 2888 etiam
2073 2847 2177 2887 titu-

1294 2911 1361 2951 lus
1381 2918 1448 2952 est
1480 2911 1596 2963 apud
1629 2911 1831 2961 Nonium,
1866 2908 2068 2951 Herculis
2094 2909 2178 2950 Co·

1295 2975 1441 3015 lumna
1456 2974 1542 3027 περὶ
1561 2973 1682 3024 δόξης.
1715 2975 1843 3014 Celer.

1348 3038 1371 3090 ᾗ
1400 3041 1421 3078 1
1456 3037 1641 3090 Superior
1668 3036 1900 3089 Africanus]
1943 3036 2081 3078 Quam
2109 3035 2176 3074 in·

1295 3101 1379 3142 sita
1413 3102 1469 3142 sit
1504 3100 1743 3141 hominibus
1788 3100 1936 3152 gloriae
1967 3097 2174 3138 naturalis

1294 3165 1490 3218 quaedam
1522 3164 1745 3216 appetitio,
1778 3174 1833 3202 ex
1863 3161 1930 3202 his
1962 3159 2172 3211 exemplis

1292 3228 1419 3268 facile
1450 3227 1650 3279 cognosci
1675 3230 1836 3278 potest.
1890 3223 1995 3266 Cum
2028 3222 2171 3273 Scipio

1292 3290 1522 3332 Africanus
1557 3288 1766 3340 superior,
1803 3285 1875 3338 qui
1912 3283 2172 3325 Annibalem

1293 3365 1347 3393 ex
1378 3353 1508 3393 Italia
1536 3350 1734 3401 retraxit,
1767 3348 1839 3402 qui
1870 3347 2171 3398 Carthaginem

1292 3429 1394 3468 pop.
1415 3417 1537 3456 Rom.
1566 3412 1836 3454 tributariam
1868 3408 2074 3460 reddidit,
2091 3407 2172 3448 sci-

1291 3485 1360 3521 ret
1380 3483 1541 3519 tantam
1561 3489 1653 3517 esse
1671 3473 2012 3526 magnitudinem
2029 3482 2171 3512 rerum

1292 3555 1476 3591 suarum.
1495 3548 1544 3583 ut
1563 3540 1664 3582 dum
1682 3540 1919 3580 Romanum
1937 3539 2073 3577 staret
2092 3534 2173 3579 im.
