2332 4036
537 295 793 336 VALERII
837 292 1082 333 MAxtm
1131 293 1246 330 mn.
1278 290 1318 328 1.
1357 289 1493 328 cm».
1522 275 1572 326 1.

146 427 213 463 est
236 415 544 468 Acarnania,in
565 428 650 469 qua
679 414 873 467 Olympii
906 413 1030 456 Jovis

146 483 482 536 antiquissimum
502 479 647 520 fanum
669 479 759 519 est.’
794 477 945 518 Oliver.

199 547 295 588 Jom·
335 544 535 598 Olympio]
578 543 712 583 Varia
750 541 872 582 fuere
910 542 1032 584 Jovis

146 610 427 664 cognomina3
456 621 551 648 narn
583 614 630 648 et
665 612 789 659 pater
820 606 1031 647 Chaonius

145 682 191 716 et
220 674 439 725 Anxyrus,
466 673 611 721 Eleus,
637 670 861 722 TarpeiuS,
902 670 1032 709 Fere-

146 737 444 787 trius,Panom
452 736 612 786 pha-us,
625 732 825 781 Ammon,
835 734 1033 782 Canaeus,

148 801 340 850 Eliceus,
367 801 500 850 atque
527 797 589 837 ita
619 808 762 848 porro,
778 795 932 835 dictus.
961 795 1033 834 De

148 862 353 915 Olympio
366 862 430 901 ita
442 860 704 900 Firmianns:
722 861 733 882 ‘
751 859 902 898 Potest
912 868 1033 897 mons

150 927 364 978 Olympus
381 924 558 976 figuram
589 922 738 963 Poetis
773 922 959 972 dedisse,
986 925 1034 960 ut

148 990 303 1032 Jovem
349 989 544 1028 dicerent
581 987 679 1026 coeli
718 998 894 1039 regnum
941 997 1034 1025 esse

153 1053 379 1092 sortitum:
413 1049 524 1102 quod
551 1050 765 1102 Olympus
787 1049 1034 1099 ambiguum

151 1125 307 1154 nomen
326 1117 394 1153 est
412 1118 459 1152 et
478 1113 633 1152 montis
653 1119 698 1152 et
718 1112 830 1155 coeli.
885 1111 1035 1164 Olym·

151 1189 253 1229 pum
277 1182 420 1217 antem
441 1175 654 1216 habitasse
675 1176 703 1217 J
708 1188 832 1215 ovem
848 1175 1036 1214 Veteres

151 1244 378 1280 testantur.
436 1239 520 1281 Qui
543 1245 639 1279 erat
654 1250 771 1278 mons
789 1238 1038 1278 Thessaliae.

158 1303 395 1356 Olympum
423 1303 552 1344 etiam
581 1302 757 1355 Οὐρανοῦ
774 1301 923 1354 δίφρον,
940 1301 1040 1342 coeli

155 1367 317 1418 sedem,
346 1367 622 1419 appellarunt
639 1366 839 1406 Veteres.
860 1365 976 1407 Quin
997 1369 1043 1405 et

154 1441 288 1481 supra
305 1434 455 1470 ventos
473 1434 518 1469 et
547 1429 681 1470 nubes
706 1430 819 1470 hunc
850 1435 1041 1470 montem

155 1493 299 1545 posuit
316 1491 574 1544 antiquitas?

209 1557 359 1608 Hiero]
398 1556 497 1597 Lib.
528 1556 641 1596 Dan.
673 1556 800 1596 Gella.
858 1556 971 1596 Gelo
1006 1556 1042 1596 is

155 1618 254 1666 fuit,
269 1618 374 1659 satis
390 1624 515 1658 notus
535 1630 590 1658 ex
611 1618 703 1659 Cic.
724 1618 779 1658 de
791 1619 896 1659 Nat.
912 1618 1042 1659 Deor.

156 1683 232 1725 lib.
269 1693 313 1724 ν.
359 1683 558 1723 Clemens
596 1681 722 1723 Alex.
770 1682 923 1723 tribuit
960 1683 1042 1722 hoc

157 1747 373 1799 Dionysio
391 1746 493 1788 filio.
525 1748 700 1787 Colerus.

213 1811 428 1864 Epidauri]
482 1813 610 1853 Unde
673 1817 719 1852 et
771 1812 1043 1864 AEsculapius

159 1875 171 1897 ‘
197 1874 466 1926 Epidaurius’
508 1887 624 1927 saepe
645 1875 788 1915 dictus
808 1881 888 1916 est.
936 1876 1043 1916 Ovi-

84 1941 92 1949 *
156 1938 252 1978 dius
274 1951 327 1978 ex
363 1940 537 1979 Ponto:
571 1938 772 1979 ‘Afferat
811 1940 906 1992 ipse
941 1941 1044 1981 licet

159 2014 302 2043 sacras
344 2003 605 2055 Epidaurius
653 2005 826 2056 herbas,
865 2005 1046 2046 Sanabit

160 2067 278 2107 nullo
300 2068 475 2107 vulnera
499 2068 640 2108 cordis
663 2068 781 2120 ope!

215 2130 394 2171 Barbam
428 2131 607 2183 auream]
654 2131 784 2184 Apud
819 2132 1045 2185 Sicyonios

161 2194 461 2235 simulachrum
491 2195 589 2247 'ejus
620 2196 813 2237 imberbe
846 2197 1047 2237 extitisse

163 2268 219 2296 ex
245 2256 376 2297 ebore
395 2263 442 2298 et
461 2270 568 2298 auro
589 2263 766 2300 annotat
791 2259 1048 2312 Pausanias,

165 2326 212 2361 et
229 2321 446 2362 Lucianus
465 2322 508 2361 in
525 2322 638 2363 Jove
657 2323 883 2374 Tragoedo.

210 2385 323 2425 Idem
333 2398 483 2426 mensas
493 2389 718 2440 argenteas]
731 2388 828 2427 Mos
842 2387 923 2427 fuit
934 2389 1049 2439 apud

168 2449 382 2500 antiquos,
397 2455 444 2488 ut
463 2461 622 2489 mensae
646 2457 864 2502 argenteae
881 2452 921 2490 in
938 2451 1051 2490 Deo-

167 2522 260 2550 rum
295 2512 467 2563 templis
499 2520 876 2566 consecrarentur,
909 2516 952 2554 in
987 2514 1051 2553 his

167 2579 311 2613 autem
356 2574 675 2615 inscribebatur
724 2575 874 2616 titulus
900 2591 910 2616 :
974 2579 1052 2616 τῶν

168 2634 323 2684 ἀγαθῶν
336 2637 445 2687 θεῶν,
478 2635 522 2675 id
549 2643 632 2688 est,
659 2638 843 2678 bonorum
861 2639 1050 2680 Deorum.

171 2698 340 2740 Oliver.

221 2761 620 2813 BonorumDeov-um]
637 2762 802 2804 Graecis
815 2764 851 2803 οἱ
862 2765 1052 2818 μεγάλοι,

169 2825 337 2876 δυνατοὶ,
372 2825 554 2877 χρηστοὶ,
593 2833 642 2864 ut
678 2827 844 2868 Latinis
895 2831 1056 2881 Magni,

171 2889 310 2939 Potes,
326 2888 436 2928 Boni
453 2889 548 2929 Dei.
584 2890 657 2929 De
671 2890 822 2942 quibus
841 2892 937 2944 lege
956 2894 1053 2933 Ser-

171 2955 285 2993 vium
317 2951 371 2993 ad
407 2953 576 2995 AEneid.
613 2965 645 2995 1.
690 2961 737 2996 et
778 2955 1053 2999 Athenaeum.

175 3017 304 3055 Coler.

233 3078 428 3119 Victorias
473 3080 632 3132 aureas]
690 3082 800 3122 Deae
844 3084 1055 3125 Victoriae

173 3146 352 3182 statuas.
407 3142 507 3182 Mos
527 3141 613 3182 fuit
642 3145 759 3196 apud
790 3147 974 3198 majores
1006 3154 1059 3189 ut

173 3205 466 3257 Imperatores
493 3218 548 3246 ex
565 3206 757 3248 hostibus
780 3215 904 3260 parta
923 3211 1057 3251 victo-

174 3269 253 3320 ria,
268 3275 441 3309 statuas
451 3269 652 3321 quasdam
668 3274 712 3310 et
727 3272 934 3324 imagines
947 3276 1057 3315 Deae

175 3331 382 3371 Victoriae
403 3339 720 3375 consecrarent.
765 3335 1058 3379 Quintilianus

175 3393 231 3434 de
243 3394 523 3435 Institutione
537 3394 740 3438 Oratoria
753 3398 833 3440 lib.
845 3411 909 3441 rx.
927 3401 939 3422 ‘
951 3402 1058 3441 The-

179 3455 428 3507 mistocles:
453 3456 608 3510 inquit,
636 3461 648 3481 ‘
665 3471 818 3502 aureas
839 3462 1057 3506 Victorias

183 3516 371 3559 conflare
393 3520 589 3562 volebat?
626 3523 773 3565 Oliver.

1862 268 1978 324 933

1158 412 1354 453 Victorias
1373 409 1530 460 aureas]
1558 405 1798 448 Victoriam
1818 415 1985 456 praepe-

1095 481 1184 516 tem
1205 476 1293 515 sive
1315 476 1472 515 alatam
1493 471 1732 523 fingebant,
1753 467 1868 521 quod
1892 467 1983 518 ejus

1094 538 1211 579 fama
1228 539 1371 579 statim
1394 551 1441 578 se
1461 538 1587 577 humo
1610 535 1752 584 tollat,
1770 531 1985 583 amplexa-

1095 615 1178 655 que
1193 603 1394 653 gloriam‚
1425 603 1551 652 longe
1580 600 1755 650 lateque
1778 607 1854 648 per
1873 606 1986 633 sum-

1095 679 1208 706 mum
1229 667 1347 705 volet
1368 665 1553 715 aethera,
1573 673 1736 715 perque
1757 661 1987 699 immensos

1096 737 1307 769 terrarum
1325 733 1490 768 tractus
1507 725 1793 779 exspatietur.
1833 723 1989 774 Itaque

1097 794 1257 833 alatum
1299 792 1452 832 extitit
1487 791 1578 842 ejus
1615 790 1658 829 in
1696 786 1905 840 Olympia
1938 786 1993 825 si-

1096 859 1376 908 mulachrum,
1416 856 1639 908 ipsiusque
1681 853 1786 893 alias
1823 853 1990 902 signum

1097 922 1309 973 accipiter
1327 926 1409 971 est,
1437 920 1630 959 volucres
1657 919 1841 970 reliquas
1870 916 1992 968 agili-

1098 990 1189 1026 tate
1211 984 1378 1035 remigii
1394 985 1556 1023 alarum
1587 994 1810 1035 superans.
1882 981 1996 1021 Por-

1098 1050 1301 1102 phyrius:
1321 1048 1398 1089 Τὰς
1413 1046 1455 1088 δὲ
1476 1046 1634 1088 Μούσας
1670 1044 1895 1097 ἐπτέρωσαν
1929 1044 1996 1084 καὶ

1098 1111 1170 1151 τὰς
1206 1114 1401 1165 Σειρῆνας,
1446 1111 1550 1152 κατὰ
1593 1110 1646 1150 τὰ
1705 1109 1807 1149 αὐτὰ
1849 1107 1892 1148 δὲ
1927 1107 1994 1147 καὶ

1098 1174 1215 1224 τήντε
1229 1175 1368 1227 Νίκην,
1388 1174 1450 1216 καὶ
1465 1173 1653 1227 τὴνἾριν,
1667 1173 1731 1214 καὶ
1753 1170 1995 1224 vasti-:pmcn

1101 1239 1165 1279 καὶ
1183 1239 1251 1280 τὸν
1266 1239 1424 1293 Ἐρμῆν;
1455 1240 1500 1279 id
1529 1245 1614 1290 est,
1631 1239 1772 1278 Musas
1798 1241 1928 1276 autem
1956 1239 1996 1275 et

1103 1306 1267 1347 Sirenas
1299 1308 1427 1346 alatas
1453 1305 1588 1354 fecere
1601 1318 1617 1352 ;
1649 1305 1856 1354 eodemque
1882 1302 1995 1341 modo

1104 1375 1144 1411 et
1182 1371 1416 1421 Victoriam,
1444 1373 1482 1409 et
1516 1369 1622 1418 Irin,
1651 1372 1691 1407 et
1729 1369 1928 1417 Amorem,
1957 1369 1996 1404 et

1106 1434 1364 1474 Mercurium.
1430 1432 1614 1473 Ovidius
1649 1431 1785 1471 Trist.
1833 1430 1910 1470 lib.
1943 1440 1996 1470 11.

1105 1499 1120 1521 ‘
1138 1497 1460 1550 Ausoniumque
1482 1497 1633 1536 ducem
1656 1495 1795 1535 solitis
1813 1493 1998 1534 circum-

1106 1562 1225 1601 volat
1245 1561 1341 1612 alis,
1359 1562 1502 1600 Ponat
1522 1565 1570 1599 ut
1591 1560 1635 1599 in
1657 1558 1796 1598 nitida
1827 1559 1997 1598 Laurea

1105 1629 1222 1666 serta
1241 1624 1391 1666 eoma.'
1423 1625 1603 1674 Funger.

1159 1687 1351 1739 Poteras]
1392 1687 1554 1727 Patera
1588 1685 1731 1737 poculi
1763 1696 1898 1737 genus
1925 1695 2002 1735 pa·

1107 1756 1217 1802 tense,
1238 1752 1362 1803 cujus
1382 1755 1424 1790 et
1445 1750 1487 1790 in
1507 1750 1714 1790 conviviis
1733 1754 1778 1789 et
1796 1749 1839 1789 in
1866 1748 2000 1788 sacris

1105 1828 1206 1856 usus
1227 1822 1337 1856 erat.
1385 1815 1567 1855 Cicero:
1591 1815 1793 1864 ‘Patera,
1813 1825 1894 1866 qua
1910 1823 2001 1852 mu-

1105 1880 1231 1920 lieres
1252 1879 1306 1919 ad
1323 1892 1389 1919 res
1405 1878 1570 1919 divinas
1587 1877 1845 1918 uterentur!
1876 1878 1998 1917 Grae-

1107 1944 1168 1983 cis
1187 1944 1343 1995 phiala.
1399 1943 1558 1984 Isidor.
1588 1942 1664 1982 lib.
1685 1953 1765 1982 xx,
1792 1953 1892 1994 cap.
1912 1946 1953 1981 5.

1165 2007 1247 2052 Qui
1267 2007 1429 2046 tametsi
1453 2007 1587 2047 debita
1604 2004 1817 2058 supplicia]
1847 2005 2000 2045 Cicero

1109 2070 1164 2111 de
1193 2075 1351 2111 natura
1381 2072 1579 2110 Deorum
1611 2069 1688 2109 lib.
1709 2069 1788 2108 ult.
1810 2067 2004 2108 ostendit

1108 2135 1222 2175 hunc
1242 2133 1443 2174 foeliciter
1457 2138 1691 2174 mortuum.
1722 2132 1843 2172 Dicit
1860 2131 1998 2172 enim:

1110 2199 1123 2221 ‘
1141 2198 1271 2239 Hunc
1289 2209 1370 2237 non
1388 2197 1613 2250 Olympius
1633 2195 1808 2247 Jupiter
1823 2193 2002 2234 fulmine

1112 2261 1340 2314 percussit,
1357 2273 1442 2300 non
1460 2259 1727 2311 AEsculapius
1741 2259 1894 2297 misero
1909 2256 2000 2296 diu-

1116 2331 1327 2376 turnoque
1348 2325 1495 2363 morbo
1512 2322 1853 2362 intabescentem
1870 2321 2003 2360 inter-

1116 2387 1238 2435 emit,
1267 2391 1396 2438 atque
1429 2386 1471 2424 in
1505 2398 1580 2425 suo
1609 2385 1771 2425 lectulo
1808 2388 2003 2423 mortuus

1115 2451 1156 2490 in
1174 2450 1476 2502 triumphantis
1491 2449 1661 2489 modum
1678 2449 1720 2488 in
1740 2460 1889 2500 rogum
1911 2448 2003 2487 illa-

1116 2520 1184 2554 tus
1205 2519 1290 2564 est,
1304 2525 1483 2565 eamque
1495 2517 1771 2564 potestatem,
1785 2521 1910 2564 quam
1925 2523 2005 2563 per

1116 2578 1256 2617 scelus
1295 2583 1448 2616 nactus
1484 2582 1568 2626 est,
1610 2575 1731 2628 quasi
1759 2576 1922 2627 justam
1960 2579 2006 2614 ct

1114 2641 1347 2692 legitimam
1379 2639 1651 2679 haereditatis
1679 2640 1774 2679 loco
1805 2638 1893 2678 filio
1929 2651 2006 2679 suo

1116 2703 1298 2743 tradidit
1321 2716 1333 2753 3
1363 2703 1439 2743 sed
1462 2708 1607 2743 tamen
1628 2715 1721 2742 cam
1747 2702 1909 2742 diutius
1939 2714 2006 2743 re-

1118 2768 1255 2807 tinere
1276 2763 1361 2807 non
1381 2767 1541 2819 potuit,
1571 2778 1667 2805 nam
1684 2777 1818 2818 regno
1839 2766 2006 2818 pulsus,

1117 2830 1416 2882 ludimagister
1434 2829 1579 2870 factus
1612 2834 1695 2880 est,
1730 2834 1776 2869 et
1812 2828 1856 2868 in
1877 2829 2005 2869 trivio

1117 2895 1265 2935 literas
1306 2894 1470 2946 docuit,
1510 2899 1557 2934 et
1588 2894 1670 2934 hoc
1707 2893 1834 2933 modo
1871 2894 2007 2944 patris

1118 2971 1265 3012 poenas
1302 2958 1413 2998 filius
1451 2957 1600 2998 dedit)
1656 2958 1741 2997 Sed
1780 2957 1834 2996 de
1878 2957 2005 3009 hujus

1119 3023 1321 3075 sacrilegi
1350 3022 1464 3074 regis
1496 3027 1635 3062 morte
1653 3021 1853 3062 Justinus
1880 3021 2006 3059 vehe-

1119 3094 1289 3127 menter
1326 3100 1351 3127 a
1389 3086 1602 3126 Cicerone
1641 3085 1876 3132 dissentit-3
1920 3095 2006 3122 nou

1119 3152 1232 3192 enim
1254 3149 1456 3190 foeliciter
1473 3156 1686 3189 mortuum
1700 3149 1743 3187 in
1757 3159 1831 3188 suo
1849 3147 2007 3186 lectulo

1113 3216 1350 3268 jacentem,
1380 3214 1455 3254 sed
1473 3227 1496 3253 a
1517 3213 1607 3252 suis
1627 3211 1863 3252 crudeliter
1881 3220 2007 3249 neca·

1121 3286 1212 3319 tum
1233 3278 1380 3329 fuisse,
1399 3278 1506 3318 dicit
1526 3277 1568 3316 in
1591 3277 1675 3316 fine
1693 3274 1792 3314 libri
1813 3275 2007 3326 vigesimi

1122 3343 1262 3395 primi.
1318 3342 1443 3382 Dicit
1471 3341 1584 3381 enim
1602 3339 1851 3391 Dionysius,
1880 3351 2008 3392 quem

1122 3407 1249 3458 paulo
1292 3411 1393 3446 ante
1441 3417 1525 3445 non
1568 3401 1716 3443 Sicilia
1757 3413 1842 3442 non
1879 3403 2009 3444 Italia

1122 3469 1340 3522 capiebat,
1360 3468 1541 3509 assiduis
1572 3466 1676 3506 belli
1703 3466 2008 3507 certaminibus
2059 3520 2065 3523 .

1123 3534 1267 3575 victus
1287 3534 1551 3584 fractusque,
1574 3530 1626 3571 ad
1657 3536 1919 3583 postremum
1949 3531 2011 3571 in-
