2346 3996
580 284 838 327 VALERII
881 275 1119 321 MAX1Ml

242 412 253 434 ‘
272 412 322 453 In
360 410 474 452 nullo
513 418 670 460 genere
709 414 832 457 aeque
871 401 1008 441 facilis
1046 405 1113 439 est

241 475 419 515 mistura
438 484 532 512 cum
554 468 668 520 fero3
697 467 882 520 qualiter
901 471 1024 504 natos
1045 475 1116 503 an—

241 536 347 589 tiqui
385 533 603 586 Hybridas
637 531 859 581 vocabant,
892 541 966 569 seu
995 527 1118 567 semi·

239 599 383 641 feros:
421 598 474 638 ad
494 597 683 638 homines
717 605 900 647 quoque,
928 599 976 631 ut
1006 591 1048 630 in
1069 591 1118 632 C.

238 662 489 713 Antonium,
506 659 723 701 Ciceronis
737 658 780 697 in
796 656 1019 697 consulatu
1033 655 1119 695 col-

240 727 392 777 legam,
413 724 702 778 appellatione
721 718 952 762 translata!
1000 718 1119 758 Cedo

241 790 450 830 bominem
480 789 553 842 qui
586 788 672 827 aiat
691 784 877 825 Plinium
897 781 1121 835 scripsisse

239 856 252 876 ‘
276 851 524 906 Hyb1·idas.'
579 847 786 891 Rescribo
801 847 946 899 itaque
964 845 1119 886 audac-

243 923 338 958 ter:
371 917 537 956 Ibridus.
592 915 705 955 Nam
732 923 816 964 qua
849 909 1016 949 ratione
1035 908 1120 949 dici

244 979 379 1032 possit
417 979 571 1019 animal
597 977 768 1018 brutum
797 973 998 1025 Hybrida,
1035 983 1120 1012 non

245 1043 388 1083 video.
442 1042 649 1083 Homines
685 1049 811 1091 porro
840 1035 968 1076 variis
987 1034 1121 1074 modis

245 1105 407 1146 Ibridae
421 1105 508 1145 dici
526 1109 708 1156 potuere
727 1113 738 1151 ;
759 1106 806 1140 ut
822 1099 858 1139 si
874 1098 967 1151 quis
989 1109 1043 1138 ex
1058 1098 1121 1137 in-

247 1179 386 1220 genuo
404 1174 450 1208 et
467 1178 611 1217 servo,
631 1178 684 1205 ex
704 1176 828 1204 servo
858 1170 902 1203 et
922 1162 1121 1202 libertino

243 1237 371 1271 natus
386 1235 517 1282 esset,
534 1229 671 1269 lorido
689 1226 925 1268 dicebatur.
957 1226 1068 1266 Item
1087 1225 1123 1266 si

247 1294 341 1348 quis
357 1301 524 1346 patrem
537 1300 580 1335 et
596 1299 777 1333 matrem
793 1291 974 1331 diversae
986 1289 1124 1330 natio-

245 1359 311 1398 ni!
328 1357 522 1399 haberet.
563 1357 787 1397 Suetonius
802 1355 1025 1406 Augusto:
1055 1356 1067 1377 ‘
1085 1355 1126 1395 1·

246 1427 334 1461 tem
352 1420 488 1460 Asinii
509 1419 693 1472 Epicadi
722 1431 777 1458 ex
809 1424 937 1470 gente
951 1418 1126 1458 Parthi-

249 1497 319 1535 na,
365 1483 558 1525 lbi-idaess
614 1484 842 1524 Postremo
890 1481 1028 1522 Ibrida
1062 1481 1125 1521 di-

246 1552 442 1602 cebatur,
460 1550 496 1590 si
515 1550 609 1603 quis
630 1549 763 1589 mixto
777 1548 981 1589 sermonis
1002 1560 1129 1601 gene-

250 1624 298 1653 re
336 1618 542 1655 uteretur.
608 1613 716 1654 Inde
758 1619 982 1665 exponunt
1021 1613 1124 1654 illud

250 1676 403 1718 Horat.
422 1690 456 1718 1.
474 1678 567 1719 Sat.
588 1682 629 1718 7.
687 1681 698 1701 ⁶
715 1678 866 1718 Ibrida
896 1690 979 1731 quo
1000 1684 1125 1730 pacto

248 1740 304 1780 sit
323 1740 500 1781 Persius
519 1740 663 1781 ultus?
695 1742 870 1782 (toleras.

303 1803 459 1856 ibrida]
487 1805 629 1846 Mixto
665 1806 870 1858 sanguine
907 1810 1129 1847 contume-

250 1867 355 1908 liose
389 1874 531 1921 natus,
568 1875 748 1921 propter
797 1868 1023 1910 obscurum
1057 1872 1126 1923 jus

251 1932 470 1983 civitatis;
499 1932 679 1986 ideoque
717 1933 891 1974 dubium
924 1942 1036 1987 erat,
1073 1948 1126 1976 an

251 1995 432 2037 deberet
451 1997 619 2037 censeri
631 1997 736 2038 civis
749 1998 982 2040 Romanus.
1001 2000 1109 2042 Bad.

303 2058 504 2099 Adversus.
535 2060 847 2101 intercessionem
878 2062 1130 2117 collegarum]

250 2121 597 2163 Intercesserunt
628 2124 825 2176 collegae,
854 2126 935 2166 boc
955 2132 1037 2179 est,
1055 2127 1130 2167 alii

253 2185 428 2236 tribuni,
463 2197 516 2226 ne
555 2187 739 2239 reipubl.
773 2189 1016 2240 perniciosa
1057 2192 1127 2231 lex

251 2246 465 2300 ferretum
493 2261 587 2290 eam
610 2258 753 2292 tamen
788 2253 888 2294 tulit
922 2254 1129 2295 adversus

253 2313 515 2364 collegarum
535 2314 903 2367 intercessionem,
919 2323 966 2357 et
986 2317 1046 2357 ita
1066 2330 1131 2358 se-

252 2375 462 2416 ditionem
487 2383 533 2418 et
551 2377 707 2418 bellum
727 2380 948 2421 excitavit.
978 2381 1084 2422 oliv.

307 2442 463 2493 Magna
492 2455 578 2483 cum
596 2444 703 2483 clade
733 2443 854 2497 reip-J
882 2444 993 2487 Quia
1026 2446 1129 2486 socii

255 2517 400 2546 rursus
431 2518 550 2547 arma
579 2514 872 2560 sumpserunt,
891 2512 936 2549 et
953 2508 1066 2549 inter
1085 2521 1130 2550 se

255 2569 370 2610 cives
401 2570 605 2623 pestifera
635 2571 844 2612 seditione
863 2571 1129 2615 laborarunt.

255 2634 380 2676 Idem.

294 2698 479 2751 Sociale]
526 2700 695 2740 Bellum
734 2701 959 2755 sociorum,
1014 2703 1128 2756 qnod

253 2762 656 2814 periculosissimum
687 2762 786 2815 fuit,
806 2764 982 2806 tandem
1002 2765 1128 2807 Pom·

254 2826 549 2879 peiusssstrabo
567 2826 751 2868 sedavit.
789 2827 914 2868 Idem.

309 2891 472 2931 Certum
483 2889 625 2941 civem]
645 2890 758 2932 Quia
772 2890 1034 2934 Veronensis
1048 2894 1130 2935 iste

253 2952 356 3006 fuit,
387 2954 485 2995 ideo
515 2953 624 2994 dicit
651 2954 768 3006 prius
797 2966 893 2994 eum
915 2956 1130 2997 tribunum

254 3016 524 3069 pestiferum,
544 3029 670 3071 quam
686 3022 854 3058 certum
866 3018 1130 3074 civem-egis·

255 3093 317 3123 se.
347 3082 471 3122 Idem.

309 3145 420 3186 CAP.
437 3155 521 3185 vn.
543 3146 565 3198 ξ
583 3147 605 3184 1
630 3144 748 3195 Cato,
767 3143 853 3197 &⁶51
873 3145 934 3186 M.
950 3145 1131 3187 Porcius

255 3208 366 3249 Cato
384 3208 560 3261 capitali
575 3207 752 3249 crimine
771 3213 1011 3250 accusatus.
1043 3210 1131 3252 Hic

254 3272 403 3311 consul
417 3270 653 3312 Celtiberos
668 3270 851 3320 domuit,
867 3277 913 3313 et
926 3283 982 3312 ne
995 3273 1133 3315 rebel-

254 3333 346 3374 lare
366 3340 555 3387 possent,
571 3335 721 3376 literas
747 3335 801 3375 ad
819 3337 1008 3388 singulas
1027 3339 1131 3379 civi-

257 3401 370 3436 tates
388 3396 514 3448 misit,
540 3403 588 3438 ut
605 3410 747 3439 muros
766 3399 989 3441 diruerent
1006 3413 1017 3439 z
1037 3414 1131 3443 cum

258 3469 522 3512 unaquaeque
540 3461 619 3502 sibi
636 3462 714 3502 soli
726 3463 925 3515 imperari
945 3469 1133 3517 putaret,

261 3519 484 3564 fecerunt:
505 3523 614 3577 ipse,
635 3535 731 3566 cum
756 3524 927 3567 laudem
948 3538 1132 3568 merere-

1913 268 2054 324 1289

1179 405 1262 450 tur,
1282 400 1335 440 ab
1367 400 1520 441 invidis
1540 399 1680 452 capite
1713 399 1951 452 postulatus
1975 408 2055 442 est.

1179 464 1359 503 Constat
1405 464 1656 516 quadragies
1717 467 1872 516 quater
1924 463 2055 505 fuisse

1179 532 1441 573 accusatum,
1469 533 1514 567 et
1543 538 1711 578 semper
1732 525 1914 578 gloriose
1935 527 2056 567 abso-

1179 588 1333 628 lutum.
1363 590 1489 629 Hauc
1510 597 1653 630 autem
1675 591 1866 631 ultimam
1885 603 2056 631 cansam

1178 649 1309 691 fuisse
1330 652 1598 706 conjicimus,
1618 666 1741 706 quam
1758 655 2059 707 octogenarius

1180 715 1306 767 dixit,
1327 728 1422 756 cum
1444 728 1606 757 summa
1626 718 1753 759 laude
1773 724 1819 759 et
1847 719 1968 772 quasi
1987 719 2060 759 ad-

1179 781 1423 833 miratione,
1441 782 1555 835 quod
1575 783 1616 822 in
1637 795 1689 822 ea
1708 788 1838 840 aetate
1857 785 2062 825 memoria

1180 850 1305 887 tanta
1340 847 1607 900 laterumque
1639 846 1846 888 firmitate
1878 854 1924 889 et
1959 861 2060 901 pro-

1181 910 1459 952 nunciatione
1475 911 1657 963 valeret,
1677 911 1785 952 utin
1806 913 1920 952 nulla
1938 918 2062 966 parte

1181 972 1402 1014 deficeret.
1459 974 1590 1026 Cujus
1618 975 1757 1014 oratio
1786 981 1948 1016 tantam
1978 976 2062 1017 vim

1180 1035 1346 1087 habuit,
1376 1042 1425 1076 ut
1454 1049 1541 1077 non
1581 1037 1715 1077 solum
1748 1051 1794 1078 se
1832 1044 2064 1091 tutaretur,

1182 1099 1258 1140 sed
1316 1105 1608 1141 accusatorem
1665 1113 1833 1154 quoque
1880 1102 2064 1144 Galbam

1183 1173 1302 1203 reum
1324 1176 1420 1204 cum
1450 1177 1612 1205 summo
1632 1166 1825 1218 periculo
1845 1167 2064 1209 redderet.

1186 1227 1293 1267 Eam
1307 1228 1577 1280 postmodum
1589 1230 1823 1270 orationem
1838 1231 1879 1271 in
1890 1230 2068 1272 Annali-

1186 1290 1264 1331 bus
1284 1291 1371 1331 suis
1392 1292 1589 1333 inseruit.
1645 1293 1811 1335 Plinius
1832 1296 1937 1336 Nat.
1950 1295 2067 1337 Hist.

1186 1355 1262 1395 lib.
1280 1366 1360 1397 v11.
1392 1368 1490 1408 cap.
1511 1360 1577 1396 27.
1599 1355 1653 1397 de
1673 1356 1836 1398 catone
1854 1371 1865 1398 ε
1895 1363 1907 1382 ‘
1923 1359 2065 1400 Caete-

1188 1418 1275 1470 ris,'
1305 1418 1459 1472 inquit,
1492 1420 1505 1443 ⁴
1523 1420 1728 1460 virtutum
1747 1421 1975 1473 generibus
1996 1434 2068 1463 va-

1189 1482 1240 1523 rii
1275 1490 1319 1523 et
1348 1484 1472 1524 multi
1489 1481 1611 1524 fuere
1642 1490 1902 1536 praestantes
1925 1499 1934 1526 :
1957 1486 2066 1527 Cato

1164 281 1281 320 ΜΒ.
1307 279 1445 323 vm.
1487 280 1619 320 cAr.
1644 268 1697 320 7.

1188 1545 1351 1598 primus
1369 1546 1538 1588 Porciae
1560 1549 1698 1599 gentis
1716 1553 1804 1589 tres
1824 1561 2004 1591 summas
2025 1551 2068 1590 ln
2145 1557 2149 1563 '

1187 1609 1355 1651 homine
1395 1622 1463 1650 res
1501 1611 1756 1663 praestitisse
1798 1613 2067 1654 existimatus

1188 1680 1271 1726 est,
1291 1674 1479 1727 optimus
1501 1675 1676 1726 Orator,
1707 1677 1893 1729 optimus
1923 1677 2070 1730 Impe-

1188 1742 1321 1790 rator,
1350 1738 1538 1790 optimus
1575 1739 1768 1780 Senator.
1824 1741 1933 1783 Quae
1970 1742 2072 1782 mibi

1189 1802 1329 1842 omnia
1360 1802 1530 1843 etiamsi
1565 1815 1650 1843 non
1697 1803 1832 1855 prius,
1876 1810 2070 1845 attamen

1191 1865 1344 1906 clarius
1379 1865 1511 1907 fuisse
1548 1866 1590 1906 in
1622 1867 1825 1919 Scipione
1844 1867 2069 1908 AEmiliano

1191 1929 1407 1983 videntur,
1427 1930 1604 1983 dempto
1624 1936 1838 1982 praeterea
1865 1931 2069 1983 plurimo-

1190 2005 1284 2034 rum
1304 1994 1419 2045 odio,
1453 2006 1538 2046 quo
1559 1994 1668 2034 Cato
1686 1992 1916 2036 laboravit.
1977 1995 2070 2036 Ita-

1190 2069 1273 2109 que
1295 2058 1353 2098 sit
1380 2057 1599 2110 proprium
1631 2058 1822 2109 Catonis,
1851 2064 2005 2112 quater
2025 2065 2072 2101 et

1188 2121 1446 2174 quadragies
1491 2134 1687 2162 caussam
1745 2122 1923 2175 dixisse,
1987 2136 2069 2164 nec

1190 2197 1444 2238 quemquam
1493 2185 1652 2238 saepius
1699 2186 1977 2237 postulatum,
2025 2194 2071 2228 et

1191 2260 1360 2300 semper
1379 2247 1649 2288 absolutum.'
1687 2249 1839 2290 Oliver.

1202 2344 1205 2347 .
1249 2312 1491 2364 Quinetiam,
1507 2312 1597 2364 &0ss
1627 2313 1734 2353 Cum
1755 2314 1802 2353 L.
1821 2313 2071 2354 Scribonius

1192 2376 1389 2416 tribunus
1419 2377 1556 2430 plebis
1589 2378 1856 2429 rogationem
1889 2378 2075 2431 tulisset,

1192 2444 1241 2481 ut
1265 2441 1476 2494 Lusitani,
1506 2442 1580 2494 qui
1611 2441 1654 2480 in
1673 2440 1802 2481 fidem
1823 2443 1970 2495 populi
1987 2443 2075 2483 Ro·

1192 2505 1306 2544 mani
1322 2504 1458 2545 dediti
1479 2518 1504 2545 a
1520 2505 1698 2545 Servilio
1713 2505 1855 2547 Galba
1870 2506 1912 2546 in
1928 2506 2074 2548 Gallia

1193 2569 1428 2620 venisseut,
1455 2569 1499 2608 in
1522 2568 1770 2610 libertatem
1790 2570 2073 2611 restitueren-

1194 2636 1279 2685 tur,
1307 2633 1370 2676 M.
1399 2633 1508 2674 Cato
1533 2633 1741 2674 acerrime
1765 2634 1926 2675 suasit:
1949 2640 2075 2677 extat

1193 2698 1330 2738 oratio
1350 2698 1394 2738 in
1413 2696 1652 2738 Annalibus
1669 2696 1763 2749 ejus
1781 2697 1962 2739 inclusa.
2019 2699 2074 2741 Q.

1193 2761 1367 2802 Fulvius
1395 2761 1607 2813 Nobilior,
1637 2765 1683 2801 et
1710 2772 1826 2813 saepe
1858 2761 1913 2801 ab
1946 2773 1997 2802 eo
2029 2762 2074 2802 in

1191 2826 1353 2867 Senatu
1372 2826 1605 2874 laceratus,
1624 2823 1852 2876 respondit
1872 2836 1949 2877 pro
1969 2825 2075 2866 Gal-

1192 2887 1264 2929 ba.
1304 2888 1405 2941 Ipse
1424 2900 1595 2941 quoque
1615 2886 1772 2937 Galba,
1790 2899 1886 2927 cum
1907 2899 1952 2927 se
1972 2899 2073 2928 con-

1192 2951 1387 2991 demnari
1402 2950 1584 3002 videret,
1595 2951 1842 3003 complexus
1856 2950 1958 2991 duos
1966 2950 2075 2991 filios

1193 3020 1493 3067 praetextatos,
1518 3020 1563 3055 et
1585 3014 1766 3067 Sulpicii
1785 3013 1932 3066 filium,
1950 3015 2071 3067 cujus

1193 3085 1315 3121 tutor
1327 3079 1815 3132 erat‚itamiserabiliter
1827 3080 1994 3119 locutus
2005 3084 2074 3119 est

1196 3156 1275 3196 pro
1294 3156 1357 3195 se,
1370 3150 1420 3184 ut
1434 3144 1601 3196 rogatio
1617 3143 1923 3196 antiquaretur.
1945 3143 2051 3182 Olie.

1256 3210 1311 3249 Ut
1320 3207 1427 3258 juris
1444 3207 1590 3259 civilis]
1620 3206 1883 3258 Pomponius
1899 3218 2069 3258 quoque

1195 3272 1523 3315 Juriscousultis
1558 3274 1776 3319 accenset,
1812 3268 1934 3319 cujus
1955 3275 1998 3308 et
2025 3269 2073 3308 li-

1197 3336 1296 3377 bros
1316 3342 1486 3376 exstare
1513 3331 1679 3373 scribit.
1727 3332 1881 3371 Cicero
1908 3330 2071 3373 fatetur

1196 3400 1380 3440 omnium
1399 3394 1823 3448 Jurisperitissimum
1847 3406 1934 3434 suae
1967 3401 2071 3436 aeta·

1196 3463 1250 3505 tis
1269 3462 1420 3502 fuisse.
1452 3460 1624 3499 Colerus.

1251 3528 1273 3579 ξ
1292 3530 1317 3566 2
1348 3522 1504 3574 Proles]
1539 3519 1773 3571 Progenies
1791 3525 1835 3560 et
1857 3531 2068 3574 propago3
