2346 3996
382 271 526 327 13:36

382 404 484 444 tatis
512 414 722 455 meruere,
751 406 797 441 ut
828 406 981 442 auctor
1012 407 1078 442 est
1112 402 1255 442 Livius

381 467 410 507 l.
427 478 487 506 vr.
507 465 708 519 qnodque
723 464 851 505 etiam
863 469 1049 504 testatur
1066 465 1159 517 ipse
1174 466 1255 506 Va-

381 530 461 569 ler.
478 530 505 569 l.
526 541 611 569 vu.
625 542 661 567 c.
681 531 719 568 3.
752 528 857 570 Quae
871 527 1042 578 quidem
1058 528 1255 569 accidere

381 591 436 630 A.
465 591 520 630 U.
560 600 810 630 ocenxxm.
875 590 986 630 Haec
1019 597 1178 641 autem,
1200 590 1253 630 de

379 654 532 705 quibus
551 664 664 692 nunc
685 652 873 704 loquitur
891 652 1105 703 Valerius,
1133 665 1254 692 sexa-

378 718 500 768 ginta
533 717 712 768 amplius
743 715 864 755 annis
896 721 1059 767 postea.
1112 717 1253 755 Multo

376 780 506 831 igitur
523 779 641 831 prius
660 789 783 831 quam
806 779 898 819 haee
916 778 1134 818 damnatio
1153 791 1254 819 con-

378 842 494 894 tigit,
532 842 576 880 iu
612 840 832 881 civitatem
882 841 1045 892 recepti
1080 840 1254 880 fuerant

377 905 621 954 Tusculani,
638 903 758 943 velut
776 903 907 943 etiam
924 903 1181 954 astipulatur
1210 903 1253 942 in

379 968 584 1013 Plautina
601 967 664 1008 M.
684 967 863 1017 Tullius,
891 967 1082 1006 scribens
1108 980 1131 1006 e
1150 968 1254 1006 Tus·

379 1032 533 1071 calana
550 1029 713 1070 familia
730 1030 938 1072 Juventia
955 1030 1135 1081 primum
1154 1030 1254 1069 aedi·

376 1094 459 1134 lem
479 1093 668 1134 curulem
688 1091 901 1144 plebeium
922 1092 1042 1132 Rom.
1059 1098 1255 1132 creatum

376 1156 522 1209 fuisse,
546 1156 658 1209 quod
687 1167 798 1195 anno
824 1166 1136 1196 cccnxxxvur.
1164 1155 1254 1196 fere

377 1220 575 1271 contigit,
620 1218 929 1271 quinquaginta
978 1218 1072 1267 plus
1118 1217 1254 1257 minus

377 1283 498 1323 annis
529 1287 629 1322 ante
647 1282 807 1321 dictam
826 1280 1155 1321 damnationem.
1207 1280 1253 1320 Si

376 1346 651 1397 magistratus
669 1344 712 1383 in
733 1343 838 1383 urbe
857 1342 1066 1394 gerebant
1092 1343 1254 1382 Tuscu-

375 1411 480 1461 lani,
507 1410 660 1462 procul
692 1408 822 1448 dubio
845 1408 938 1459 jam
965 1407 1081 1447 cives
1114 1412 1253 1449 erant.

376 1473 500 1513 Adeo
517 1485 602 1513 non
620 1477 771 1525 postea
788 1484 883 1511 cum
900 1482 994 1511 reos
1009 1471 1254 1512 damnasset

376 1536 502 1577 Polia
520 1536 673 1587 tribus,
700 1536 744 1575 in
764 1535 983 1575 civitatem
1004 1535 1170 1586 recepti
1189 1534 1254 1574 di-

376 1603 547 1650 centur,
574 1603 622 1638 ut
640 1598 730 1637 haec
749 1609 839 1649 prae
859 1609 904 1636 se
924 1595 1073 1637 ferunt
1090 1597 1254 1637 Valerii

376 1663 524 1704 verba.
577 1661 934 1703 'transferendam
967 1662 1111 1715 itaque
1146 1667 1252 1714 puto

376 1740 527 1768 vocem
561 1731 713 1780 postea,
755 1733 886 1780 atque
922 1726 986 1767 ita
1022 1727 1252 1778 legendum

377 1803 498 1832 esse:
536 1791 589 1831 Ia
617 1804 694 1843 qua
726 1791 940 1842 plurimum
972 1789 1179 1830 Tusculani
1208 1790 1253 1831 in

374 1855 576 1896 ciuitatem
606 1855 754 1905 recepti
801 1857 1024 1906 potuerunt,
1061 1853 1254 1894 neminem

372 1924 508 1971 postea
542 1919 795 1959 candidatum
832 1916 959 1956 Polioe
987 1915 1114 1956 tribus
1147 1916 1253 1966 fecit

374 1982 664 2034 magistratum.
733 1979 907 2020 Iudicat
940 1978 1253 2031 quodammodo

375 2048 485 2087 hanc
502 2046 733 2087 lectionem
754 2045 995 2095 Campense
1015 2043 1252 2095 exemplar,

960 285 1138 323 NOTAE-

375 2109 418 2149 in
439 2121 524 2162 quo
554 2108 633 2160 sic,
662 2108 767 2148 licet
791 2107 1060 2147 incorrecte:
1103 2106 1152 2145 In
1180 2119 1254 2158 quo

371 2174 583 2226 plurimum
605 2177 737 2225 postea
759 2170 967 2212 Tusculani
994 2169 1036 2209 in
1053 2169 1255 2210 civitatem

375 2237 523 2289 recepti
543 2239 767 2288 potuerunt,
788 2233 980 2275 neminem
1005 2237 1140 2287 postea
1161 2246 1252 2274 can-

375 2300 568 2352 didatum,
584 2302 651 2351 δῖε.
679 2298 806 2348 Pigh.

429 2366 452 2416 ξ
489 2366 515 2404 2
563 2365 663 2404 Cum
706 2359 958 2412 Hadrianus]
1005 2360 1076 2402 Ita
1110 2361 1256 2413 vulgo.

376 2427 522 2468 Editio
546 2426 740 2467 Veneta:
774 2426 874 2465 Cum
902 2425 1008 2465 enim
1033 2425 1254 2469 Adrianus.

378 2491 558 2531 Rectius
595 2489 777 2532 Orosius
814 2488 998 2530 Fulvium
1031 2489 1257 2531 Adrianum

377 2556 585 2608 appellat.
609 2556 740 2595 Celer.
788 2555 887 2594 Cum
908 2554 1154 2608 Hadrianus,
1165 2549 1254 2608 Esau]

376 2620 463 2661 Hic
495 2620 614 2661 urbis
645 2618 896 2673 praefectus,
922 2631 1018 2660 cum
1037 2620 1153 2660 cives
1172 2621 1256 2661 Ro-

374 2694 536 2734 manos,
554 2682 627 2735 qui
641 2682 782 2722 Uticae
801 2681 1158 2734 negociabantur‚
1180 2687 1256 2731 aut

377 2747 462 2786 alia
479 2745 533 2786 de
551 2757 683 2790 nausa
700 2745 839 2786 locum
853 2744 971 2784 illum
984 2744 1256 2796 habitabant,

375 2808 601 2861 tyrannice
630 2812 677 2848 et
708 2806 943 2848 crudeliter
970 2805 1094 2846 nimis
1124 2806 1255 2846 habe—

378 2877 464 2923 ret,
491 2871 652 2925 quippe
671 2882 778 2923 quos
796 2867 1023 2910 servilibus
1051 2869 1254 2921 operibus

378 2933 588 2986 adigeret,
615 2933 670 2972 ab
702 2932 783 2971 illis
807 2931 926 2971 vivus
957 2937 1255 2972 concrematus

377 3003 460 3048 est,
500 2995 601 3050 quia
638 2999 805 3035 tantam
855 2994 1106 3035 servitutem
1139 2994 1255 3036 ferre

377 3073 462 3102 non
481 3064 671 3113 possent.
686 3088 687 3091 η
708 3058 855 3099 Roma».
872 3058 992 3098 nulla
1006 3058 1059 3098 de
1074 3070 1118 3098 re
1134 3064 1259 3101 tanta.

377 3124 577 3178 quaestio,
592 3123 712 3163 nulla
729 3121 904 3175 querela
921 3120 1038 3161 facta
1056 3127 1139 3162 est.
1187 3123 1254 3162 Ex

375 3200 458 3241 quo
478 3186 676 3228 concludi
707 3184 864 3238 potuit,
895 3184 1099 3225 Senatum
1130 3185 1254 3228 ultio·

377 3263 474 3292 nem
492 3251 607 3291 illam
626 3248 941 3301 comprobasse.
971 3248 1119 3289 Oliver.

437 3314 587 3366 Uticae]
613 3313 668 3354 In
687 3325 739 3354 ea
757 3312 863 3353 urbe
884 3310 1117 3365 provinciae
1136 3311 1251 3353 Afri-

378 3389 510 3418 canae.

435 3440 600 3481 Sordida
633 3438 815 3492 imperio]
855 3438 928 3479 Ita
959 3442 1100 3489 vocat,
1138 3439 1253 3491 quia,

347 3551 351 3554 ⁴
379 3504 563 3545 collecta
597 3515 725 3544 manu
759 3514 994 3556 servorum,
1025 3503 1251 3557 imperium

1184 284 1512 326 VARIORUM
1554 287 1620 326 IN

1319 402 1579 454 affectabat3
1602 417 1624 444 a
1638 417 1812 457 quorum
1828 404 2005 445 dominis
2022 407 2189 456 postea,

1318 468 1533 517 congestis
1557 468 1796 520 sarmentis,
1823 472 1919 507 cum
1939 467 2052 508 omni
2069 466 2190 506 fami-

1317 529 1374 568 lia
1408 530 1651 570 combustus
1688 538 1767 572 est.
1834 531 1956 571 Idem
1995 531 2190 571 Orosius-

1321 593 1446 631 Coler.

1370 656 1484 696 Ex'r.
1512 657 1534 707 ς
1566 659 1586 695 1
1620 658 1750 696 Claroe
1784 655 1963 707 ulcionis]
1991 649 2189 696 Duarum

1315 718 1558 768 reginarum
1596 720 1793 771 exempla
1825 720 2047 772 proponit,
2086 731 2192 772 qua·

1317 793 1408 821 rnm
1429 787 1607 835 utraque
1630 783 1919 834 gravissimam
1938 784 1991 823 de
2011 783 2194 823 inimicis

1316 845 1497 897 sumpsit
1533 846 1750 886 ultionem.
1819 846 2011 885 Primum
2047 856 2191 884 exem-

1316 910 1434 961 plum
1451 915 1519 950 est
1538 910 1763 961 Thamyris
1792 909 2046 960 Scytharum
2079 908 2191 958 regi-

1317 985 1406 1022 nae;
1435 973 1490 1013 de
1509 986 1594 1026 qua
1614 974 1675 1013 sic
1696 973 1889 1012 breviter
1900 971 2098 1012 Justinus
2115 969 2192 1012 lib.

1317 1048 1348 1077 1.
1374 1037 1386 1059 ‘
1401 1037 1568 1089 Cyrns‚'
1594 1036 1749 1088 inquit,
1777 1037 1790 1057 ‘
1811 1034 1993 1075 subacta
2006 1032 2128 1082 Asia,
2145 1038 2193 1073 et

1315 1099 1520 1139 universo
1555 1099 1721 1139 oriente
1757 1098 1801 1138 in
1835 1103 2099 1150 potestatem
2127 1107 2192 1135 re-

1316 1161 1461 1212 dacto,
1486 1161 1657 1213 Scythis
1681 1161 1839 1200 bellum
1868 1159 2029 1200 intulit.
2083 1158 2192 1198 Erat

1315 1229 1456 1263 autem
1477 1235 1527 1263 eo
1547 1230 1741 1275 tempore
1759 1221 2015 1275 Scytharum
2041 1221 2192 1274 regina

1314 1287 1553 1338 Thamyris,
1581 1299 1691 1339 quae,
1717 1297 1800 1325 nou
1819 1284 2085 1325 muliebriter
2115 1283 2190 1324 ad-

1316 1354 1448 1388 ventu
1467 1348 1649 1388 hostium
1669 1348 1836 1398 territa,
1855 1359 1951 1387 cum
1967 1345 2192 1398 prohibere

1316 1423 1388 1452 eos
1418 1411 1598 1452 transitu
1630 1411 1783 1451 Araxis
1813 1409 1999 1451 fluminis
2033 1416 2194 1462 posset,

1315 1475 1494 1515 transire
1523 1474 1737 1526 permisit,
1763 1478 1809 1514 et
1837 1473 1917 1513 sibi
1950 1471 2190 1513 faciliorem

1314 1550 1503 1590 pugnam
1534 1538 1650 1578 intra
1677 1536 1798 1588 regni
1817 1536 1883 1576 sui
1902 1536 2105 1576 terminos
2125 1546 2191 1575 ra-

1315 1606 1375 1652 ta,
1405 1607 1452 1642 et
1483 1601 1676 1641 hostibus
1712 1600 1884 1652 obJectu
1910 1597 2094 1640 fluminis
2125 1599 2195 1639 fu—

1313 1676 1410 1715 gam
1429 1662 1726 1704 difficiliorem.
1766 1663 1920 1715 Itaque
1936 1663 2088 1715 Cyrus,
2103 1667 2191 1703 tra-

1308 1727 1443 1780 jectis
1480 1727 1633 1780 copiis,
1670 1739 1766 1767 cum
1802 1722 2122 1779 aliquantisper
2146 1725 2192 1766 in

1315 1793 1528 1845 Scythiam
1564 1791 1860 1844 processisset,
1887 1795 2030 1831 castra
2060 1796 2193 1832 meta-

1314 1860 1384 1896 tus
1404 1861 1487 1897 est.
1515 1855 1671 1896 deinde
1703 1861 1879 1907 postera
1897 1854 1985 1904 die,
2013 1865 2112 1894 curn
2137 1853 2193 1894 si-

1314 1919 1476 1959 mulato
1495 1925 1630 1970 metu,
1658 1924 1703 1959 et
1722 1917 1843 1971 quasi
1862 1916 2080 1970 refugiens
2098 1929 2192 1958 cas-

1316 1989 1380 2023 tra
1400 1982 1678 2033 deseruisset,
1706 1982 1850 2022 vinum
1870 1979 2047 2032 affatim,
2075 1986 2122 2022 et
2138 1992 2194 2022 ea

1315 2057 1410 2098 quae
1430 2052 1556 2087 erant
1573 2045 1712 2098 epulis
1739 2043 1984 2084 necessaria
2002 2043 2192 2097 reliquit.

1316 2108 1442 2151 Quod
1476 2120 1573 2148 cum
1606 2107 1849 2148 nuntiatum
1875 2111 1990 2148 esset
2017 2108 2194 2159 reginae,

1317 2172 1684 2212 adolescentulum
1721 2170 1855 2211 filium
1887 2169 1951 2210 ad·
1970 2170 2194 2224 insequen-

1317 2234 1418 2275 dum
1436 2247 1532 2275 eum
1554 2247 1653 2275 cum
1673 2234 1802 2275 tertia
1828 2239 1954 2286 parte
1972 2232 2193 2286 copiarum

1315 2300 1470 2341 mittit.
1543 2300 1735 2352 Cumque
1778 2304 1954 2338 ventum
1997 2297 2052 2338 ad
2089 2297 2193 2349 Cyri

1317 2367 1458 2404 castra
1508 2368 1640 2414 esset,
1681 2362 1856 2414 ignarus
1898 2361 1962 2402 rei
1996 2360 2199 2402 militaris.

1316 2426 1582 2478 adolescens,
1610 2425 1741 2466 veluti
1762 2424 1815 2465 ad
1837 2425 2001 2477 epulas,
2028 2435 2112 2464 non
2137 2419 2192 2468 ad

1317 2489 1515 2541 praelium
1552 2488 1758 2540 venisset,
1787 2487 1950 2528 omissis
1984 2485 2191 2538 hostibus,

1315 2553 1505 2594 insuetos
1536 2552 1754 2594 Barbaros
1790 2551 1889 2591 vino
1931 2562 2111 2591 onerare
2144 2561 2192 2590 se

1317 2618 1508 2669 patitur;
1537 2616 1739 2669 priusque
1756 2614 1929 2666 Scythae
1963 2613 2192 2665 ebrietate,

1316 2693 1442 2734 quam
1461 2680 1573 2721 bello
1603 2679 1843 2719 vincuntur.
1899 2676 2031 2727 Nam,
2046 2675 2192 2728 cogni-

1316 2744 1372 2785 tis
1404 2743 1484 2795 his,
1514 2742 1653 2794 Cyrus
1681 2752 1875 2781 reversus
1901 2750 1980 2792 per
2017 2743 2191 2780 noctem

1314 2806 1415 2846 vino
1466 2805 1634 2846 saucIos
1683 2802 1908 2856 opprimit,
1959 2814 2191 2856 omnesque

1314 2872 1507 2925 Scythas,
1530 2883 1628 2912 cum
1658 2869 1820 2922 reginae
1848 2868 1936 2914 filio
1967 2867 2192 2910 interficit.-

1317 2934 1482 2976 Amisso
1502 2938 1621 2975 tanto
1639 2932 1850 2983 exercitu,
1879 2937 1942 2984 et,
1963 2930 2080 2985 quod
2100 2942 2194 2984 gra-

1316 2999 1408 3041 vius
1428 2998 1676 3049 dolendum,
1693 2996 1820 3038 unico
1836 2994 1951 3047 filio,
1966 2994 2191 3048 Tamyris

1316 3062 1516 3103 orbitatis
1549 3061 1742 3102 dolorem
1771 3072 1858 3100 non
1883 3059 1927 3100 in
1953 3058 2192 3110 lachrymas

1315 3124 1487 3178 effudit,
1512 3125 1588 3166 sed
1618 3123 1662 3164 in
1690 3122 1863 3164 ultionis
1894 3121 2093 3162 solatium
2124 3120 2192 3161 in-

1315 3187 1483 3238 tendit;
1517 3187 1743 3238 hostesque
1790 3183 1955 3224 recenti
2009 3182 2192 3223 victoria

1313 3252 1558 3291 exultantes
1603 3249 1696 3302 pari
1744 3246 1992 3288 insidiarum
2039 3243 2191 3287 fraude

1314 3312 1611 3354 circumdedit.
1665 3304 1838 3362 Quip‘pe
1862 3309 2063 3349 simulat-a
2079 3306 2193 3349 diffi-

1313 3378 1479 3429 dentia,
1506 3381 1685 3429 propter
1704 3375 1852 3416 vulnus
1875 3378 2103 3426 exceptum
2122 3384 2190 3414 re-

1313 3440 1502 3494 fugiens,
1526 3440 1686 3493 Cyrum
1716 3438 1770 3478 ad
1802 3449 1940 3489 usque
1971 3430 2188 3488 angustias

1314 3504 1536 3558 perduxit.
1565 3502 1635 3544 Ibi
1653 3500 1895 3555 compositis
1913 3500 1955 3541 iu
1975 3498 2188 3541 montibus
