2288 3990
525 287 784 329 vALEnu
826 283 1068 324 MAxnur
1111 280 1229 324 mn.
1269 284 1336 323 11.
1376 265 1592 322 onst.

151 415 242 455 sine
261 407 566 465 provocatione
585 410 767 447 crearet.
821 402 905 446 Qui
933 413 1025 443 cre·

154 485 269 519 asset
304 486 398 515 eum
426 473 498 525 jus
534 478 579 513 et
614 472 678 511 fas
720 475 838 510 esset
874 467 1030 519 occidi,

153 553 262 582 neve
281 550 333 579 ea
350 536 493 578 coedes
523 533 719 589 capitalis
745 545 868 574 noxae
902 531 1030 572 habe·

154 609 285 644 retur.

202 663 420 715 severitas]
435 663 547 704 Haec
559 662 727 715 Papirii
746 659 955 702 severitas
970 657 1033 698 sic

157 731 291 772 totius
324 728 539 769 exercitus
557 727 742 766 animum
763 737 788 765 a
806 723 1035 765 Dictatore

157 793 331 844 avertit,
359 797 410 832 ut
438 790 634 843 proximo
659 801 756 830 cum
776 785 1035 828 Samnitibus

156 857 309 911 praelio
355 856 500 896 hostes
539 853 746 895 debellari
793 849 1034 905 potuerint,

158 923 240 964 uisi
258 921 415 963 milites
434 919 534 960 duci
553 931 628 960 suo
647 917 827 968 gloriam
846 913 1038 957 inviden-

159 994 242 1038 tes,
262 986 438 1026 vincere
454 982 708 1024 noluissent.
740 979 892 1019 Oliver.

213 1052 237 1102 ξ
273 1052 301 1089 9
347 1045 606 1100 Calpurnius]
647 1043 881 1085 Frontinus
927 1039 1041 1081 idem

162 1111 345 1153 affirmat
362 1110 440 1152 lib.
458 1120 524 1150 ιν.
542 1120 642 1160 cap.
661 1111 698 1148 1.
742 1105 948 1146 Pisonum
968 1103 1043 1143 do-

162 1187 254 1216 mus
297 1188 323 1216 a
369 1174 513 1215 Numa
555 1170 772 1223 Pompilio
805 1168 931 1209 duxit
962 1166 1044 1207 ori·

163 1239 322 1292 ginem,
341 1243 456 1278 teste
489 1235 675 1276 Horatio
706 1234 752 1274 in
786 1231 898 1273 Arte
933 1230 1046 1272 Poe·

164 1302 266 1354 tica,
293 1301 366 1342 ubi
394 1300 585 1353 loquitur
603 1297 658 1338 ad
677 1297 858 1338 Pisones
872 1308 885 1335 z
914 1295 928 1318 ‘
944 1294 1049 1346 Vos,

164 1377 191 1405 o
221 1364 461 1416 Pompilius
489 1361 676 1415 sanguis,
705 1370 877 1401 carmen
904 1367 1050 1409 repre-

161 1426 376 1470 hendite!
610 1419 614 1422 ’

219 1491 501 1542 Fugitioorum
531 1484 784 1529 multitudine
817 1484 1052 1524 circumven-

165 1561 247 1605 tus,
261 1566 374 1594 arma
390 1566 478 1594 cum
493 1553 578 1593 suis
594 1549 845 1601 tradidisset]
864 1548 1054 1589 Hostium

167 1631 192 1658 e
217 1617 499 1669 ludimagistri
518 1615 694 1656 dictatis
715 1618 949 1654 assumtum
970 1616 1053 1662 est,

167 1688 212 1721 et
234 1681 276 1720 in
307 1680 486 1721 Susiano
512 1691 598 1719 non
623 1678 821 1718 habetur.
876 1674 1052 1714 Deinde

131 1787 135 1795 ,
167 1743 212 1783 in
232 1742 475 1795 campensi,
487 1744 684 1782 armatum
698 1740 794 1790 suis,
808 1739 924 1790 lege,
941 1748 1054 1777 arma

167 1818 254 1846 eum
265 1806 364 1846 suis.
406 1805 506 1848 Qua
523 1803 714 1844 lectione
733 1802 895 1842 vitatur
913 1799 1050 1852 dupli-

169 1870 285 1910 catio
322 1869 548 1922 particulae
578 1867 672 1915 his3
700 1873 850 1907 turmae
881 1874 1053 1917 quoque

170 1938 279 1990 ejus,
315 1935 436 1990 quasi
471 1934 596 1975 simul
634 1945 750 1974 arma
783 1929 1055 1972 tradiderant

171 2010 340 2053 poenam
359 1999 543 2040 subiere.
573 1998 693 2048 Pigh.

223 2063 403 2105 Laciuiis
455 2061 655 2113 abscissis]
712 2059 841 2100 Hanc
886 2068 1055 2111 poenam

172 2134 324 2181 postea
342 2126 600 2181 instauravit
627 2124 866 2176 Augustus,
892 2119 1058 2173 antiqui

172 2192 302 2231 moris
372 2188 700 2230 amantissimus.
786 2184 1015 2225 Suetonius
1044 2195 1057 2222 ε

172 2259 185 2278 ⁴
206 2255 296 2295 Pro
323 2259 485 2294 caetero
509 2251 768 2292 delictorum
801 2259 959 2301 gener-e
987 2259 1059 2287 va-

172 2318 247 2358 riis
280 2316 522 2369 ignominiis
560 2313 722 2364 affecit,
765 2317 815 2353 ut
849 2318 964 2352 stare
983 2322 1062 2363 per

173 2386 311 2422 totum
331 2381 443 2420 diem
455 2379 635 2431 juberet
655 2382 757 2417 ante
778 2375 1059 2428 praetorium:

174 2443 395 2485 interdum
451 2442 667 2484 tunicatos
725 2440 1063 2492 discinctosque‚

176 2518 478 2560 nonnunquam
530 2517 628 2546 cum
667 2502 960 2555 decempedis,
995 2502 1065 2541 vel

176 2572 306 2611 etiam
321 2571 528 2623 cespitem
549 2566 805 2621 portantes!
849 2564 1063 2606 Herodia-

175 2633 349 2674 nus¹lib.
359 2645 412 2674 11.
445 2630 523 2673 Τάς
539 2646 587 2672 τε
603 2630 743 2682 ζώνας,
762 2628 828 2670 καὶ
857 2627 932 2668 τὰς
948 2628 1063 2676 ἐσθῆ-

175 2711 261 2750 τας,
273 2695 338 2737 καὶ
363 2695 438 2736 εἴτι
452 2694 658 2745 σύμβολον
671 2692 808 2746 ἔφερον
836 2706 1064 2746 στρατιωτι·

178 2760 262 2812 nov,
294 2759 613 2812 ἆφαρπάσαντες,
646 2756 813 2808 γυμνοὺς
841 2756 1065 2807 ἐξέπεμπον.

182 2825 312 2865 Celer.

234 2888 514 2940 Bisa-iactaque
558 2885 712 2938 tunica]
749 2884 991 2937 Dissoluta,
1022 2884 1065 2925 in

181 2949 347 3002 siguum
366 2951 549 3003 ignavia*
569 2955 616 2991 et
634 2948 851 2990 molliciae.

234 3013 495 3066 Balnearum]
533 3013 648 3054 Hinc
687 3018 867 3065 apparet
902 3011 1067 3052 balneis

181 3087 279 3116 usos
300 3075 528 3128 aliquando
544 3081 589 3115 et
606 3075 780 3126 milites,
814 3074 891 3114 sed
923 3073 1067 3126 Scipio

183 3149 354 3190 quoque
374 3150 494 3178 usum
525 3138 774 3179 balnearum
807 3138 891 3177 suis
923 3137 1067 3177 militi-

185 3201 263 3240 bus
301 3201 547 3252 interdixit,
575 3205 626 3241 ut
660 3200 795 3240 tradit
832 3199 1067 3251 Polyaenus

187 3264 378 3315 Strateg.
398 3264 583 3305 lib.vu1.
609 3264 840 3316 Philippus
856 3275 957 3303 sane
973 3263 1067 3304 Ma-

187 3327 311 3379 cedo,
338 3327 621 3368 Tarantinum
666 3326 875 3380 quendam
920 3329 1067 3368 lavan-

190 3394 279 3428 tem
310 3391 599 3442 conspicatus,
638 3391 857 3443 praecipuo
892 3403 1068 3431 munere

190 3450 352 3491 militiae
368 3453 567 3504 privavit,
579 3454 649 3494 illa
661 3454 869 3505 adjiciens
885 3467 896 3494 ε
926 3453 1070 3507 (νήσας,

194 3513 346 3563 ἀγνοεῖν
375 3515 438 3565 μοὶ
475 3518 598 3558 δοκεῖς
625 3517 677 3558 τὰ
705 3516 948 3571 Μακεδόνων,
978 3517 1068 3572 παρ’

1833 267 1858 320 1
1868 267 1976 320 043

1089 401 1146 444 οἷς
1176 402 1264 444 οὒδὲ
1289 401 1389 454 γυνὴ
1425 400 1593 442 τεκοῦσα.
1627 398 1765 452 θερμοῦ
1799 399 1978 443 λούεται.

1098 466 1241 507 Videre
1253 466 1351 507 mihi
1365 470 1408 507 tu
1417 466 1571 519 quidem
1587 463 1772 516 ignorare
1786 465 1973 505 instituta

1091 529 1368 581 Macedonum,
1407 531 1512 582 opud
1541 542 1634 582 quos
1664 541 1717 570 ne·
1741 541 1976 582 puerperam

1092 594 1247 647 quidem
1262 594 1389 634 calida
1406 593 1534 633 lavari
1563 593 1711 634 videas.
1745 593 1978 646 Polyaenus

1095 657 1390 700 auctorStrat.
1407 656 1485 697 lib.
1500 667 1566 697 ιν.
1589 656 1836 698 Priscorum
1848 657 1981 697 etiam

1097 722 1385 762 Romanorum
1431 720 1583 762 balnea
1619 719 1847 761 admodum
1881 732 1984 760 rara

1098 785 1266 826 Seneca
1310 783 1452 836 Epist.
1491 784 1567 826 lib.
1601 795 1708 825 xm.
1774 785 1890 825 Nam
1932 790 1982 823 ut

1100 848 1237 900 aiunt,
1262 848 1336 901 qui
1355 848 1517 900 priscos
1544 860 1687 889 mores
1707 847 1823 889 urbis
1850 846 1985 888 tradi·
2024 839 2025 843 ’

1101 912 1275 963 derunt,
1293 911 1467 953 brachia
1480 918 1526 952 et
1545 924 1672 952 crura
1691 911 1888 964 quotidie
1915 911 1988 952 ab·

1101 976 1297 1028 luebant,
1330 989 1426 1030 quae
1464 976 1633 1017 scilicet
1666 976 1816 1017 sordes
1849 987 1983 1029 opere

1104 1042 1390 1094 collegerant,
1432 1045 1640 1081 caeterum
1669 1040 1751 1081 toti
1788 1039 1990 1080 nundinis

1103 1106 1374 1148 lavabantur.
1422 1105 1598 1146 Colerus.

1165 1168 1420 1222 Tur-masque]
1458 1168 1665 1223 Equitum
1712 1167 1865 1208 divisio
1909 1166 1996 1207 fuit

1109 1235 1154 1276 in
1174 1234 1326 1275 decem
1341 1234 1542 1275 Turmas.
1568 1233 1727 1274 Turma
1745 1232 1864 1273 dicta
1875 1231 1995 1285 qnasi

1110 1299 1279 1351 Terma,
1306 1297 1406 1351 quia
1420 1303 1488 1338 ter
1499 1297 1633 1338 denos
1648 1296 1799 1337 habuit
1812 1295 1998 1348 equites.

1113 1364 1250 1404 Erant
1282 1368 1427 1402 autem
1459 1362 1504 1401 in
1523 1361 1713 1414 Legione
1731 1361 1902 1401 Turmae
1923 1360 1999 1400 tri-

1115 1426 1300 1468 cenariae
1316 1425 1465 1466 decem
1483 1437 1558 1465 seu
1577 1425 1746 1479 equites
1764 1428 1860 1466 300.
1889 1424 2002 1465 Sunt

1115 1503 1218 1542 ergo
1235 1491 1403 1531 Turmae
1423 1489 1466 1529 in
1486 1488 1586 1540 Ala,
1606 1493 1710 1541 quot
1728 1488 1939 1529 Cohortes
1957 1488 2001 1527 in

1117 1554 1346 1606 Legione3
1382 1558 1428 1593 et
1464 1553 1684 1599 Decuriae,
1717 1556 1822 1605 quot
1856 1551 2000 1592 Mani-

1115 1619 1236 1671 puli3
1266 1622 1400 1657 ternae
1421 1617 1598 1658 enimin
1626 1618 1801 1657 Turma.
1830 1616 2003 1668 Lipsius.

1172 1681 1452 1733 Funditorum]
1469 1680 1754 1721 Funditorum
1777 1692 1910 1732 genus
1925 1680 2002 1720 mi-

1115 1745 1220 1786 litiae
1239 1744 1505 1784 vilissimum.
1564 1746 1632 1785 De
1652 1744 1869 1797 equitibus
1898 1741 2002 1784 facti

1117 1814 1219 1850 suut
1249 1808 1610 1862 funditores„qui
1645 1809 1791 1849 fundis
1813 1808 2004 1861 «glandes

1115 1874 1159 1914 in
1177 1875 1323 1915 hostes
1340 1873 1616 1926 torquebant.

1172 1939 1270 1978 Alos
1300 1938 1568 1991 transm-ipsit]
1596 1937 1690 1978 Alae
1714 1937 1886 1990 proprie
1907 1942 2010 1976 sunt

1119 2001 1328 2055 equitum,
1347 2000 1410 2040 sic
1430 1999 1578 2052 dictae,
1598 1999 1712 2054 quod
1740 1999 1910 2052 pedites
1943 2004 2008 2039 te-

1120 2069 1226 2116 gant
1244 2064 1407 2104 alarum
1427 2063 1538 2103 vice.

1177 2125 1322 2178 Cruce]
1349 2126 1401 2165 Id
1423 2132 1507 2176 est,
1527 2125 1778 2177 turpissima
1796 2131 1951 2166 morte.

1176 2192 1271 2243 §10
1302 2190 1389 2230 Nec
1419 2189 1550 2230 minus
1580 2189 1744 2240 Pisone]
1779 2188 2008 2229 Frontinus

1122 2253 1197 2295 lib.
1213 2265 1278 2295 xv.
1308 2265 1406 2305 cap.
1428 2257 1468 2292 l.
1497 2254 1509 2275 ‘
1528 2253 1583 2293 Q.
1617 2251 1823 2291 Metellus
1858 2251 2011 2291 Numi-

1124 2315 1279 2367 dicus‚’
1308 2315 1462 2368 inquit,
1487 2316 1500 2338 ‘
1519 2315 1563 2354 in
1589 2314 1803 2366 Hispania
1822 2313 2010 2366 quinque

1126 2381 1339 2429 cohortes,
1365 2389 1460 2430 quae
1481 2377 1622 2417 locum
1644 2376 1896 2426 amiserant,
1926 2381 2011 2416 tes-

1127 2447 1362 2483 tamentum
1395 2440 1544 2480 facere
1569 2439 1719 2495 jussit,
1747 2451 1821 2480 eas
1858 2439 2015 2479 deinde

1127 2507 1181 2548 ad
1209 2507 1352 2547 locum
1372 2503 1716 2557 recuperandum
1738 2502 1919 2554 remisit,
1939 2502 2015 2542 mi-

1125 2573 1274 2621 natus,
1299 2580 1387 2609 non
1407 2568 1488 2608 nisi
1508 2571 1608 2619 post
1626 2566 1847 2607 victoriam
1868 2577 2015 2617 recep-

1127 2631 1299 2673 turum!
1354 2631 1461 2671 Cum
1495 2630 1628 2682 igitur
1657 2629 1919 2681 juberentur
1953 2628 2015 2668 fa-

1126 2706 1228 2736 cere
1247 2698 1572 2741 testamentum,
1600 2692 1921 2744 intelligebant,
1935 2692 2017 2732 nisi

1127 2760 1372 2810 vincerent,
1398 2769 1444 2797 se
1482 2756 1607 2796 morti
1640 2755 1880 2796 destinatos
1909 2766 2014 2806 esse,

1128 2828 1175 2863 et
1193 2823 1273 2862 hoc
1293 2821 1420 2861 modo
1441 2831 1650 2872 expressa
1669 2824 1736 2859 est
1756 2819 1840 2860 illis
1871 2831 2016 2859 neces-

1128 2886 1248 2937 sitas,
1276 2890 1340 2937 ut,
1357 2883 1491 2938 pulsis
1505 2882 1719 2934 hostibus,
1737 2882 1877 2923 locum
1898 2894 2016 2922 recu-

1129 2954 1349 3004 perarent,
1378 2947 1494 2987 unde
1511 2945 1688 2999 fuerant
1707 2945 1878 2997 dejecti.

1186 3016 1239 3062 Q.
1273 3012 1479 3064 Metellus]
1523 3012 1612 3054 Qui
1638 3011 1894 3063 Jugnrtham
1927 3010 2018 3050 Nu-

1129 3077 1273 3119 midiae
1294 3077 1459 3129 Regem
1477 3074 1640 3127 primus
1658 3073 1764 3114 dare
1781 3078 1903 3125 terga
1922 3071 2018 3112 coe'·

1131 3141 1209 3194 git,
1227 3140 1283 3180 de
1303 3151 1388 3192 quo
1404 3138 1541 3178 multa
1558 3137 1802 3177 Sallustius.

1188 3202 1462 3254 Contrebiam]
1508 3201 1620 3241 Haec
1664 3192 1816 3239 civitas
1867 3203 1936 3237 est
1971 3197 2016 3236 in

1132 3266 1386 3316 Celtiberia,
1402 3277 1499 3318 quae
1519 3275 1620 3316 pars
1641 3267 1710 3302 est
1729 3261 1969 3312 Hispaniae.

1185 3327 1495 3380 Duramentum]
1536 3326 1589 3366 ld
1628 3330 1709 3376 est,
1754 3323 2016 3364 stabilimen-

1131 3398 1238 3436 tum.

1187 3459 1280 3508 §11
1327 3456 1378 3495 In
1415 3455 1547 3495 eadem
1583 3449 1805 3503 provincia]
1838 3449 2016 3490 Scilicet

1134 3519 1372 3560 Celtiberia
1390 3523 1463 3558 aut
1485 3513 1707 3567 Hispania.
