2346 3996
373 277 515 334 1328
526 284 537 289 “

376 415 450 467 qui
485 414 621 465 legem
658 412 928 464 abrogarunt,
961 426 1088 466 quem
1123 413 1250 455 finem

375 482 492 516 esset
524 475 723 515 habitura
751 475 978 515 mulierum
1021 475 1253 528 cupiditas,

377 554 474 593 quae
494 539 712 580 licentiam
733 540 865 579 semel
884 545 1031 592 nacta,
1046 541 1106 581 sic
1118 539 1255 581 effuse

374 605 420 644 in
451 616 616 644 omnem
649 604 795 643 luxum
825 601 1017 655 effertur,
1054 610 1103 644 ut
1138 605 1255 644 nulla

376 668 589 708 modestia
618 666 853 717 terminari,
888 668 1006 707 nulla
1035 667 1161 719 copia
1179 679 1254 707 ex-

375 733 486 785 pleri
508 743 634 783 posse
654 730 866 783 videatur,
889 731 1026 771 donec
1045 729 1087 770 in
1113 730 1254 782 perni-

376 796 485 837 ciem
520 796 642 847 lapsa
674 792 823 835 fuerit.
878 793 1050 834 Infinita
1078 799 1123 833 et
1141 793 1253 832 insa-

377 858 536 899 tiabilis
554 861 622 897 est
640 857 829 897 mulieris
863 856 1012 904 libido,
1032 869 1126 909 quae
1147 868 1255 896 sem-

376 935 458 974 per
493 934 643 963 novos.
672 921 814 962 cultus
849 921 1086 973 excogitat,
1123 933 1255 960 novos

377 992 612 1040 apparatus
647 986 833 1038 molitur,
873 987 1034 1026 nullum
1070 985 1256 1036 modum,

375 1052 535 1092 nullam
554 1049 809 1090 modestiam
825 1051 967 1090 babet.
998 1051 1146 1089 Oliver.

431 1115 454 1167 ς
474 1119 500 1156 4
529 1114 838 1165 Diverticulum]
857 1113 1034 1154 Inhunc
1050 1123 1256 1161 errorem,

378 1183 423 1218 et
442 1172 503 1217 de'
523 1182 643 1218 recta
673 1178 741 1218 via
775 1177 1121 1217 declinationem.
1177 1175 1257 1214 Est

379 1242 491 1281 enim
526 1254 550 1280 a
584 1241 651 1281 via
687 1245 856 1291 sumpta
886 1239 1127 1288 translatio,
1159 1248 1255 1277 nam

377 1305 608 1344 diverticula
639 1304 840 1343 dicuntur
868 1303 962 1341 loca
995 1301 1049 1341 ad
1078 1313 1174 1352 quae
1197 1299 1259 1340 di-

378 1367 585 1406 vertimus
619 1366 672 1406 de
694 1367 776 1416 via,
795 1365 914 1418 quasi
935 1365 1098 1404 viarum
1119 1363 1260 1403 divor-

382 1430 459 1470 tia.
491 1431 614 1470 Idem.

432 1494 597 1545 Jurgio]
642 1494 926 1535 Contentione
963 1499 1039 1533 aut
1072 1491 1260 1533 convitio

380 1558 587 1608 ipsorum,
608 1563 657 1596 ut
683 1558 970 1610 sequentium,
1006 1555 1186 1596 Domitii
1215 1559 1262 1595 et

383 1621 540 1662 Crassi.
569 1622 677 1661 Bud.
1023 1671 1033 1675 ,-

434 1686 604 1726 Domum
620 1687 747 1738 suam]
782 1685 875 1725 Has
897 1685 1012 1725 aedes
1031 1683 1198 1724 Plinius
1217 1682 1262 1722 in

381 1749 594 1800 principio
629 1749 701 1788 lib.
733 1759 848 1788 xvir.
893 1748 996 1788 Nat.
1026 1747 1143 1788 Hist.
1176 1758 1262 1786 non

384 1813 539 1853 emisse
578 1813 774 1852 Crassum
809 1806 932 1863 dicit,
976 1811 1049 1869 sed
1086 1810 1170 1862 ipsi
1208 1821 1262 1849 ex

382 1876 636 1917 haereditate
673 1876 924 1926 obvenisse3
955 1875 1065 1916 tanti
1103 1886 1207 1915 vero
1240 1887 1264 1914 a

385 1943 580 1983 Domitio
618 1941 750 1982 fuisse
796 1942 1031 1982 aestimatas
1075 1941 1264 1994 pretium

385 2007 686 2059 promittente.
743 2006 864 2046 Dicit
883 2007 1023 2046 enim:
1047 2006 1058 2027 ‘
1077 2004 1266 2045 Nobilis-

387 2072 586 2110 simarum
618 2070 807 2120 gentium
842 2070 982 2121 ambo,
1001 2070 1181 2110 Crassus
1203 2074 1268 2108 at-

387 2147 470 2187 que
492 2134 720 2186 Domitius,
749 2146 975 2174 censuram
1004 2139 1101 2185 post
1118 2144 1268 2173 consu-

387 2199 523 2238 latum
557 2198 681 2238 simul
723 2209 896 2250 gessere
935 2209 1046 2237 anno
1083 2195 1268 2236 conditae

388 2262 506 2302 urbis
551 2260 865 2300 sexcentesimo
895 2258 1159 2311 sexagesimo
1206 2268 1270 2297 se-

389 2325 551 2374 cundo,
587 2323 861 2376 frequentem
881 2323 1051 2374 jurgiiS,
1089 2326 1270 2373 propter

387 2388 774 2428 dissimilitudinem
802 2399 982 2426 morum.
1037 2387 1162 2426 Tunc
1190 2385 1270 2425 Cn.

389 2452 629 2502 Domitius,
665 2455 714 2490 ut
744 2457 837 2491 erat
858 2451 1088 2490 vehemens
1107 2453 1274 2499 natura,

389 2521 607 2568 praeterea
643 2527 848 2554 accensus
899 2513 1013 2564 odio,
1060 2511 1173 2561 quod
1219 2523 1273 2550 ex

391 2579 662 2620 aemulatione
678 2578 968 2618 avidissimum
980 2582 1062 2629 est,
1081 2576 1274 2628 graviter

389 2643 609 2695 increpuit
658 2641 768 2682 tanti
807 2653 1026 2682 censorem
1065 2638 1275 2691 habitare,
1329 2634 1334 2640 “

391 2717 470 2758 pro
503 2705 629 2745 domo
662 2705 756 2757 ejus
786 2710 958 2744 centum
989 2703 1125 2745 millia
1153 2714 1275 2742 num-

392 2781 558 2808 morum
604 2767 842 2808 identidem
894 2767 1180 2820 promittensz
1229 2770 1275 2804 et

396 2833 587 2884 Crassus,
614 2837 664 2872 ut
693 2844 883 2883 praesens
915 2831 1085 2882 ingenio
1107 2820 1276 2880 semper

395 2901 440 2936 et
458 2894 603 2936 faceto
629 2896 776 2947 lepore
798 2896 949 2941 solers,
971 2894 1210 2934 concedere
1231 2906 1277 2933 se

395 2958 636 3011 respondit,
649 2957 843 3009 exceptis
856 2969 930 2997 sex
950 2957 1174 2996 arboribus
1193 2970 1203 2996 :
1227 2967 1276 2996 ac

396 3035 451 3062 ne
471 3034 554 3062 uno
574 3021 746 3075 quidem
768 3021 957 3071 denario,
976 3023 1012 3060 si
1039 3020 1279 3059 adimeren-

397 3093 484 3139 tur,
515 3091 706 3139 emptam
741 3086 912 3124 volente
932 3083 1137 3134 Domitio,
1155 3084 1278 3123 Cras·

399 3163 486 3203 sus,
502 3156 700 3192 utrumne
728 3149 861 3201 igitur
885 3160 966 3199 ego
995 3159 1103 3203 sum,
1125 3147 1280 3199 inquit,

401 3226 565 3268 quaeso,
581 3213 760 3264 Domiti,
775 3212 972 3263 exemplo
993 3211 1152 3263 gravis,
1168 3217 1213 3250 et
1225 3210 1279 3250 ab

399 3280 494 3330 ipsa
508 3288 690 3317 censura
709 3275 938 3326 notandus,
966 3275 1037 3326 qui
1068 3275 1111 3314 in
1142 3274 1282 3323 domo,

400 3354 497 3394 quae
516 3340 617 3381 mihi
647 3339 903 3380 haereditate
931 3338 1123 3387 obvenit,
1152 3337 1281 3377 comi-

400 3411 468 3446 ter
499 3403 723 3453 habitem;
770 3414 821 3442 an
861 3408 924 3452 tu,
962 3400 1033 3453 qui
1065 3400 1177 3439 tanti
1207 3411 1283 3439 sex

404 3468 578 3509 arbores
618 3467 836 3507 aestimes?
883 3466 958 3506 Eae
999 3463 1123 3503 fuere
1169 3463 1284 3512 Loti,

406 3533 555 3585 patula
588 3543 801 3572 ramorum
834 3529 1053 3584 opacitate
1083 3527 1284 3568 lascivae.’

957 294 1132 334 NOTAE
1174 292 1502 334 VARIORUM
1548 291 1614 335 ΙΝ

1315 414 1429 454 Item
1467 414 1568 455 alibi
1605 414 1681 455 lib.
1723 426 1889 456 xxxvi.
1936 415 2042 457 dicit
2077 414 2191 459 hunc

1317 480 1514 519 Crassum
1535 492 1559 518 a
1577 480 1640 519 Μ.
1670 480 1807 520 Bruto
1839 480 1880 520 in
1907 481 2054 532 jurgio
2073 488 2196 522 nota-

1315 548 1430 582 tum:
1462 541 1585 582 ‘Jam
1620 543 1764 592 enim,'
1791 543 1944 595 inquit,
1968 544 1980 565 ‘
1997 543 2050 584 L.
2069 544 2193 585 Cras-

1315 617 1406 644 sum
1424 610 1636 644 oratorem
1655 606 1788 655 illum,
1807 606 1880 658 qui
1901 606 2066 659 primus
2097 619 2192 659 per-

1315 669 1449 720 egrini
1475 669 1697 708 marmoris
1725 671 1939 710 columnas
1967 670 2116 712 habuit
2148 661 2194 712 in

1316 731 1466 771 eodem
1490 731 1616 783 atrio,
1647 731 1894 785 Hymettias
1915 737 2076 784 tamen,
2115 745 2197 774 uec

1315 795 1463 847 plures
1497 807 1590 845 sex,
1624 801 1699 835 aut
1718 795 1929 848 longiores
1949 797 2192 838 duodenum

1316 859 1490 911 pedum,
1519 860 1583 898 M.
1617 860 1777 914 Brutus
1806 860 1849 900 in
1876 861 2030 912 jurgiis
2062 862 2118 902 ob
2151 861 2197 901 id

1313 923 1532 963 Venerem
1576 923 1825 963 Palatinam
1870 925 2202 975 appellaverat.’

1320 986 1469 1027 Oliver.

1370 1050 1514 1089 Decem
1535 1050 1776 1102 arbusculas]
1805 1049 1991 1101 Plinius,
2014 1053 2064 1089 ut
2092 1049 2201 1089 vidi·

1317 1124 1428 1163 mus,
1446 1125 1521 1153 sex
1541 1113 1837 1154 tantummodo
1854 1113 1985 1153 fuisse
2006 1113 2127 1154 dicit.

1372 1175 1597 1216 Sermonem
1629 1175 1814 1227 oblitum]
1859 1177 2101 1228 Sermones,
2137 1176 2200 1216 in·

1318 1238 1428 1290 quit,
1460 1239 1605 1280 Crassi
1644 1245 1776 1292 atque
1813 1239 1993 1279 Domitii
2026 1239 2199 1292 penitus

1319 1301 1442 1342 obliti
1476 1313 1569 1343 esse
1605 1302 1863 1343 videbantur
1894 1301 2006 1342 illius
2041 1302 2201 1343 veteris

1319 1364 1615 1417 parcimoniae,
1647 1373 1742 1418 quae
1774 1364 1890 1404 bello
1925 1363 2094 1405 Punico
2118 1365 2201 1405 Ta·

1320 1428 1572 1481 rentinoque
1605 1429 1744 1481 viguit
1775 1427 1820 1467 in
1850 1426 1959 1467 urbe
1993 1427 2205 1478 Romana,

1314 1494 1494 1546 jamque
1514 1492 1700 1532 animum
1731 1490 1982 1543 adjecerant
2001 1489 2056 1529 ad
2083 1489 2202 1530 illam

1323 1556 1600 1608 pernitiosam
1629 1554 1840 1596 luxuriam
1860 1549 2097 1594 Asiaticam
2116 1553 2204 1595 Ro·

1321 1619 1452 1660 mani.
1483 1619 1637 1659 Oliver.
2197 1648 2203 1653 .

1375 1683 1549 1736 Pyrrhi]
1577 1683 1706 1724 Dixit
1736 1681 1849 1722 enim
1877 1680 2085 1734 Pyrrhus,
2106 1692 2203 1735 crim

1324 1747 1570 1786 muneribus
1591 1747 1678 1786 suis
1689 1747 1829 1785 locum
1845 1745 1995 1785 Romae
2010 1756 2095 1784 non
2110 1755 2205 1784 esse

1323 1811 1544 1863 cognovit,
1560 1811 1655 1862 ejus
1675 1809 1898 1861 capiundae
1914 1820 2032 1861 spem
2047 1808 2205 1848 nullam

1325 1874 1532 1927 reliquam
1550 1885 1662 1923 esse,
1676 1879 1720 1913 et
1739 1872 1940 1922 Annibal,
1959 1863 2207 1924 priusquam

1326 1938 1430 1978 luxu
1451 1943 1723 1989 caperentur,
1744 1937 1954 1977 Romanos
1987 1935 2087 1987 capi
2120 1946 2208 1974 non

1329 2013 1470 2054 posse.
1501 2000 1670 2041 Badius.

1383 2067 1405 2117 ξ
1424 2069 1448 2104 5
1473 2064 1578 2109 Quid
1597 2064 1714 2114 enim,
1731 2061 1820 2114 ξω]
1844 2062 1914 2101 De
1930 2060 2100 2100 luxuria
2113 2060 2208 2099 Me-

1329 2127 1421 2168 telli
1457 2128 1527 2166 Pii
1572 2125 1771 2167 Macrob.
1814 2124 2031 2165 Saturnal.
2066 2122 2141 2162 lib.
2177 2133 2210 2162 1.

1331 2204 1426 2231 cum
1471 2190 1658 2231 Sallustii
1704 2187 1950 2228 testimonio
2002 2185 2211 2225 meminit.

1339 2255 1447 2294 oliv.

1384 2317 1575 2357 Attalicis
1610 2314 1765 2365 aulaeis]
1804 2314 1914 2355 Qnae
1946 2311 2131 2363 primum
2169 2310 2214 2349 in

1333 2380 1431 2419 aula
1480 2379 1590 2430 regis
1628 2376 1767 2417 Attali
1804 2376 1981 2415 inventa
2023 2373 2214 2413 fuerunt.

1333 2444 1508 2496 Auloeis]
1539 2444 1647 2485 Quae
1666 2441 1928 2495 potissimum
1950 2437 2218 2490 suspendun-

1335 2516 1420 2548 tur.

1389 2569 1651 2621 Immanibus]
1679 2566 2083 2620 Sumptuosissimis.

1390 2635 1577 2675 Palmata
1595 2632 1717 2684 veste]
1745 2632 1798 2672 In
1827 2631 2034 2672 conviviis
2067 2629 2217 2671 trium-

1335 2697 1450 2750 phali
1470 2703 1593 2736 veste
1622 2696 1843 2736 utebatur.
1900 2695 2114 2743 Palmata,
2147 2692 2218 2732 tri·

1336 2760 1546 2813 umphali,
1602 2772 1688 2811 qua
1742 2758 2027 2809 imperatores
2079 2756 2218 2796 victo-

1338 2825 1403 2865 ria
1427 2824 1556 2876 potiti
1589 2822 1855 2874 triumphare
1889 2826 2219 2861 consueverant.

1340 2890 1446 2929 Oliv.

1391 2954 1666 3004 Demissasque
1696 2947 1963 2999 lacunaribus]
1990 2949 2062 2989 Ita
2080 2947 2221 2998 vulgo.

1337 3017 1567 3059 Sallustius
1603 3015 1678 3056 lib.
1716 3026 1767 3054 11.
1796 3013 1913 3053 Hist.
1970 3012 2223 3052 ‘Praeterea

1340 3095 1435 3123 curn
1488 3079 1657 3121 sedenti
1711 3083 1943 3117 transenna
1991 3073 2223 3113 demissum

1339 3145 1534 3186 vietoriae
1556 3143 1829 3183 simulacrum
1863 3150 1958 3179 cum
1978 3135 2223 3176 machinato

1342 3209 1529 3262 strepitu
1568 3205 1807 3247 tonitruum
1840 3211 2045 3242 coronam
2089 3197 2226 3251 capiti

1343 3269 1620 3325 imponebat!
1664 3268 1791 3307 Coler.

1398 3332 1598 3383 Horrida]
1627 3331 1803 3371 Scilicet
1823 3326 2051 3380 Hispania.

1398 3397 1540 3438 Patris
1567 3395 1648 3446 sui]
1687 3392 1859 3432 Metelli
1888 3383 2124 3440 Numidici,
2154 3388 2228 3441 qui

1351 3462 1380 3505 J
1384 3461 1608 3515 ugurtham
1630 3460 1667 3500 N
1676 3456 1845 3498 umidiae
1860 3467 2007 3508 regem
2024 3453 2135 3496 bello
2150 3464 2229 3492 sae-

1348 3526 1442 3578 pius
1470 3526 1768 3576 superaverat.
1800 3519 1904 3559 oliv.
