2320 4004
611 322 874 364 vAnan
916 321 1162 361 MAX1M1
1205 323 1326 364 ms.
1369 324 1422 362 v.
1463 324 1599 365 cAP.
1623 312 1676 364 4.

219 453 307 490 tem
337 449 479 488 antem
518 443 832 495 intelligebant,
868 442 904 483 si
939 442 992 482 ad
1015 442 1104 482 vio·

216 511 346 552 landa
363 515 592 563 parentum
609 507 836 560 sepulchra
857 506 1105 556 venissent3

215 580 320 617 tunc
351 573 674 614 intellecturum
706 571 908 623 Darium,
936 582 990 610 an
1018 570 1101 610 sci·

216 643 316 680 rent
345 637 639 689 auderentque
670 635 844 689 Scythae
861 647 959 675 cum
978 635 1103 675 hoste

214 711 424 754 pugnare.
478 700 639 740 Darius
661 698 793 751 igitur
812 711 865 739 eo
885 697 1011 738 duxit
1030 710 1105 738 ex-

212 764 395 807 ercitum
418 778 430 815 3
446 765 561 818 quod
581 764 655 804 ubi
669 768 897 805 senserunt
912 763 1103 816 Scythae,

215 836 343 872 tanto
362 830 529 882 impetu
561 830 782 870 irruerunt
801 829 844 869 in
862 829 1023 880 hostes,
1054 835 1102 870 ut

215 894 338 936 caesis
358 894 540 947 amplius
561 894 786 945 octoginta
804 891 990 932 millibus
1008 893 1101 933 hos-

215 957 340 1009 tium,
355 957 513 998 Darius
531 957 725 1009 trepidus
741 956 914 997 domum
929 954 1100 1009 refuge-

223 1020 296 1062 rit.
330 1020 439 1061 Oliv.

269 1081 553 1135 Agroscultos]
573 1081 686 1124 Quia
703 1082 816 1123 lacte
831 1087 877 1122 et
891 1081 1102 1135 sanguine

217 1148 378 1201 equino
397 1146 614 1187 victitant.

268 1211 463 1258 Quoniam
492 1209 666 1263 quidem]
695 1209 809 1251 Nam
846 1210 977 1252 Plato
1007 1211 1102 1252 vult

214 1287 298 1316 unu
315 1287 411 1315 cnm
425 1275 664 1315 hominibus
684 1275 804 1315 nasci
826 1275 1044 1315 virtutem.

264 1339 288 1392 ς
315 1343 343 1380 6
368 1339 545 1380 Laniatu
574 1341 762 1391 pecudum
794 1339 988 1392 viventes]
1019 1339 1098 1379 Di-

209 1403 442 1444 lacerando
476 1403 666 1455 pecudes
704 1404 861 1444 crudas
896 1403 1099 1446 dentibus

215 1466 302 1507 suis
317 1466 360 1506 in
377 1466 551 1506 modum
570 1465 774 1507 ferarum.

269 1530 346 1570 tua
387 1531 590 1581 nimirum,
635 1530 725 1583 &cd
779 1532 881 1572 Duo
923 1530 1098 1574 fuerunt

216 1594 353 1635 Croesi
387 1595 601 1648 Lydorum
632 1596 745 1647 regis
775 1595 869 1647 filii,
916 1609 1097 1649 quorum

211 1659 324 1700 alter
340 1659 454 1698 nulla
475 1664 568 1699 arte
588 1658 798 1699 custodiri
819 1660 976 1711 potuit,
995 1660 1097 1713 quin

210 1721 328 1763 ferro
340 1718 589 1772 necaretur,
601 1727 650 1763 ut
665 1723 930 1764 ostendimus
944 1724 986 1764 in
998 1737 1095 1776 cap.

211 1784 269 1827 de
309 1785 520 1842 Somniis3
571 1785 698 1826 Alter
732 1793 859 1826 natus
897 1787 1097 1840 elinguis,

209 1847 370 1902 diuque
383 1854 527 1889 mutus
546 1849 771 1902 educatus,
783 1850 825 1890 vi
841 1851 1006 1893 timoris
1020 1865 1094 1905 pa-

212 1917 349 1955 ternae
384 1913 502 1954 necis
540 1914 700 1955 vocalis
732 1916 885 1957 evasit.
943 1917 1094 1969 Captis

209 1977 323 2017 enim
360 1977 564 2018 Sardibus
600 1990 625 2017 a
658 1978 790 2032 Cyro,
820 1993 918 2021 cum
952 1981 1007 2021 ab
1040 1994 1094 2023 eo

209 2040 400 2082 edictum
424 2047 561 2093 esset,
576 2054 632 2082 ne
648 2043 742 2095 quis
763 2044 957 2085 Croesum
978 2046 1094 2086 occi-

207 2105 351 2156 deret,
369 2112 414 2147 et
428 2104 542 2147 forte
563 2106 735 2160 quidam
750 2107 923 2160 ignarus
938 2110 1094 2150 stricto

207 2182 314 2211 cnse
345 2171 389 2211 in
428 2171 594 2211 caedem
618 2171 714 2224 ejus
750 2172 952 2223 irrueret,
981 2172 1092 2215 filius

208 2234 380 2275 nomine
408 2232 538 2288 Atys,
568 2235 640 2286 qui
668 2235 722 2274 ad
750 2235 793 2275 id
819 2241 1008 2288 tempus,
1043 2244 1092 2279 ut

210 2297 318 2349 dixi,
337 2303 480 2338 mutus
498 2299 722 2350 extiterat,
756 2299 829 2340 ubi
848 2299 958 2341 vidit
978 2303 1093 2353 peri-

209 2362 353 2402 culum
368 2362 518 2413 patris,
550 2362 594 2401 in
613 2361 726 2402 hunc
746 2362 916 2403 modum
936 2364 1093 2405 clama-

209 2426 298 2465 vitz
317 2423 375 2465 'n
393 2424 566 2478 ἄνθρωπε
580 2427 634 2476 μὴ
653 2428 779 2466 κτεῖνε
806 2427 878 2467 τὸν
912 2430 1093 2482 Κροῖσον,

211 2490 250 2528 Ο
266 2488 379 2529 homo
395 2502 445 2530 ne
461 2491 674 2544 interficias
692 2492 880 2532 Croesum.
936 2493 995 2533 Et
1030 2494 1094 2534 ita

206 2551 416 2593 liberatus
437 2562 502 2593 est
515 2554 568 2594 ab
586 2555 765 2595 instanti
785 2562 921 2597 morte
942 2563 1091 2609 pater:

207 2628 449 2670 quanquam
467 2618 539 2658 alii
556 2619 681 2659 aliter
703 2620 891 2672 tradant,
921 2626 969 2662 ut
986 2621 1090 2662 Soli·

205 2692 287 2722 nus
319 2681 362 2721 in
395 2694 492 2734 cap.
525 2682 580 2722 de
603 2683 812 2725 Homine:
841 2685 853 2707 ‘
873 2684 1008 2736 Cum,‘
1029 2686 1091 2725 in-

208 2744 323 2798 quit,
346 2745 360 2768 ‘
377 2744 639 2798 Olympiade
671 2753 826 2789 octava
845 2753 889 2789 et
909 2749 1091 2801 quadra·

206 2811 368 2864 gesima
383 2812 525 2853 victor
545 2813 682 2865 Cyrus
713 2814 918 2856 intrasset
943 2816 1088 2857 Sardis

205 2873 322 2916 Asiae
337 2876 560 2928 oppidum,
577 2876 649 2916 ubi
669 2881 773 2918 tunc
795 2879 964 2919 Croesus
981 2879 1088 2920 late·

204 2937 296 2991 bat,
327 2938 439 2991 Atys
474 2938 582 2980 filius
614 2941 745 2992 regui,
777 2946 916 2982 mutus
951 2943 1005 2983 ad
1044 2943 1088 2984 id

205 3014 342 3056 usqne
362 3004 583 3056 temporis,
615 3004 658 3044 in
691 3017 838 3045 vocem
872 3008 1014 3059 erupit
1046 3008 1087 3047 vi

203 3065 370 3106 timoris
390 3081 402 3108 :
460 3067 726 3108 exclamasse
771 3070 882 3110 enim
914 3071 1088 3122 dicitur,

207 3128 349 3170 Parce
365 3130 478 3182 patri
498 3143 593 3171 meo
613 3133 740 3182 Cyre,
756 3139 802 3173 et
817 3138 860 3173 te
875 3134 1086 3175 hominem

206 3193 277 3232 vel
311 3193 481 3234 casibus
518 3195 676 3235 nostris
710 3196 860 3238 disce!
916 3200 1087 3240 Dicitur

207 3256 379 3297 Croesus
423 3257 667 3310 Apollinem
722 3262 985 3303 consuluisse
1031 3258 1104 3304 de¹

205 3317 311 3372 filio,
327 3320 552 3363 futur-usne
568 3336 752 3378 unquam
776 3327 932 3367 vocalis
948 3334 1082 3369 esset:

210 3383 279 3422 cni
298 3384 361 3425 sic
380 3385 538 3439 Apollo
558 3390 804 3440 respondit:
834 3392 846 3414 ‘
865 3392 904 3432 Ο
938 3393 1085 3433 Croese

208 3443 398 3497 demens,
439 3461 594 3501 genere
640 3453 818 3505 Lydius,
855 3456 1084 3496 multorum

206 3511 317 3560 Rex,
352 3523 406 3552 ne
429 3514 536 3553 velis
566 3514 610 3556 in
641 3517 761 3569 regia
780 3517 906 3559 domo
932 3531 1084 3560 vocem

209 3573 355 3614 audire
402 3576 620 3619 clamantis
667 3579 757 3621 filii.
816 3582 911 3623 Hoc
972 3584 1083 3624 enim

1877 308 1879 310 ’
1911 312 2052 368 1195

1166 443 1302 483 multo
1316 444 1466 484 melius
1477 449 1560 496 est,
1569 445 1709 497 ipsum
1722 443 1813 484 sine
1825 455 1927 485 voce
1940 457 2052 486 esse.

1168 506 1282 546 Nam
1319 508 1518 561 loquetur
1536 509 1578 549 in
1599 509 1669 549 die
1689 508 1762 562 qui
1783 507 1863 550 tibi
1882 508 1969 549 erit
1989 510 2053 551 in-

1168 567 1307 609 felix!
1338 571 1489 611 Olicer.
2008 583 2016 590 ‘

1220 632 1453 685 Desectam]
1483 634 1725 676 Privatum.

1220 694 1358 746 captis
1392 697 1497 736 enim
1529 711 1554 737 a
1593 699 1700 751 Cyro
1737 696 1954 752 Sardibus]
1980 700 2052 740 De

1164 760 1486 812 expugnatione
1507 762 1632 814 hujus
1671 762 1786 802 urbis
1816 762 2053 804 Frontinus

1163 822 1275 864 libro
1296 835 1367 866 ιιι.
1387 836 1484 877 cap·
1502 828 1541 865 8.
1564 827 1624 867 sic
1640 826 1833 867 breviter
1850 841 1860 867 :
1889 828 1901 850 ‘
1915 827 2053 879 Cyrus

1162 895 1239 927 rex
1254 887 1505 940 Persarum,
1526 888 1690 930 incluso
1708 889 1916 930 Sardibus
1934 891 2055 932 Croe-

1163 963 1226 1004 so,
1254 965 1341 1005 qua
1366 958 1610 1006 praeruptus
1644 966 1763 994 mons
1783 955 1944 995 nullum
1965 956 2052 995 adi-

1162 1022 1251 1057 tum
1274 1018 1514 1070 praebebat,
1536 1019 1589 1058 ad
1611 1019 1766 1059 moenia
1785 1019 1918 1059 malos
1937 1021 2050 1060 adae-

1161 1084 1344 1132 quantes
1393 1081 1662 1122 altitudinem
1705 1081 1803 1134 jugi
1841 1082 2053 1133 subrexit,

1163 1143 1318 1196 quibus
1356 1144 1612 1185 simulachra
1641 1144 1857 1185 hominum
1887 1152 2053 1186 armata

1160 1208 1331 1249 Persici
1349 1208 1518 1250 habitus
1538 1209 1817 1262 imposuerat,
1833 1214 2053 1262 noctuque

1161 1283 1233 1313 eos
1252 1272 1389 1313 monti
1405 1273 1623 1315 admovit:
1655 1279 1744 1313 tum
1779 1273 1916 1324 prima
1953 1273 2052 1314 luce

1161 1348 1215 1376 ex
1233 1337 1371 1377 altera
1391 1343 1517 1389 parte
1548 1349 1691 1378 muros
1721 1349 1947 1389 aggressus
1965 1343 2052 1389 est,

1159 1401 1251 1450 ubi,
1279 1407 1376 1442 orto
1405 1401 1496 1453 jam
1525 1401 1640 1452 Sole,
1671 1401 1928 1442 simulachra
1957 1401 2051 1453 ill-a,

1159 1471 1422 1506 armatorum
1455 1464 1694 1507 referentia
1722 1465 1935 1516 habitum,
1980 1479 2051 1507 re-

1159 1527 1386 1571 fulserunt.
1441 1529 1666 1582 Oppidani
1696 1535 1870 1582 captam
1891 1530 2046 1571 urbem

1159 1606 1187 1635 a
1202 1600 1326 1646 tergo
1347 1594 1593 1646 credentes,
1608 1600 1654 1635 et
1672 1594 1726 1635 ob
1747 1595 1824 1635 boc
1842 1595 1883 1633 in
1904 1593 2048 1647 fugam

1161 1657 1340 1710 dilapsi,
1363 1659 1588 1699 victoriam
1606 1658 1802 1699 hostibus
1819 1670 2050 1699 concesse-

1156 1720 1290 1762 runt.'
1323 1722 1474 1764 Oliver.

1212 1785 1235 1836 ξ
1264 1788 1289 1824 7
1320 1785 1473 1826 Eadem
1503 1785 1699 1838 charitas]
1730 1785 1827 1826 Hoc
1866 1785 2049 1837 contigit

1156 1847 1312 1888 Italico
1333 1848 1463 1901 bello,
1499 1849 1580 1889 hoc
1612 1855 1694 1901 est,
1725 1850 1896 1902 sociali,
1923 1850 2047 1903 cujus

1157 1912 1366 1966 originem
1385 1913 1588 1954 diximus.
1645 1914 1800 1968 Itaque
1837 1914 2047 1956 adversus

1156 1976 1335 2017 Latinos
1349 1978 1468 2018 missi
1497 1985 1595 2019 sunt
1615 1978 1773 2019 Strabo
1793 1978 2048 2031 Pompeius,

1156 2046 1202 2080 et
1218 2040 1338 2092 Sylla
1358 2040 1507 2092 duces,
1540 2054 1717 2096 quorum
1738 2043 1908 2095 legatus
1949 2043 2043 2082 Ma-

1154 2117 1321 2146 mercus
1351 2113 1465 2156 erat,
1503 2107 1575 2160 qui
1622 2107 1726 2148 vicit
1765 2107 1901 2147 Italos
1947 2119 2044 2147 cnm

1153 2169 1297 2210 Silone
1337 2169 1536 2222 Popedio
1571 2183 1717 2211 eorum
1763 2170 1891 2211 duce.
1957 2171 2047 2211 Sed

1153 2245 1248 2273 cum
1294 2233 1567 2275 obsideretur
1621 2234 1764 2274 Pinna
1822 2232 2045 2287 oppidum,

1153 2309 1234 2338 nec
1266 2299 1507 2351 expugnari
1539 2303 1700 2351 posset,
1724 2298 1945 2338 Romanus
1965 2297 2042 2337 im-

1155 2366 1329 2413 perator
1339 2362 1596 2402 Pinnensem
1609 2361 1829 2412 captivum
1845 2360 2044 2402 Pultonis

1156 2431 1341 2478 patrem,
1358 2426 1430 2479 qui
1451 2427 1589 2478 portis
1609 2425 1886 2478 praesidebat,
1899 2426 1943 2464 in
1963 2424 2043 2464 filii

1155 2498 1437 2543 conspectum
1458 2490 1615 2530 adduci
1628 2490 1778 2543 jussit,
1797 2489 2044 2529 minitatus·

1155 2567 1236 2607 que
1257 2559 1337 2603 est,
1373 2555 1415 2594 ni
1443 2556 1587 2594 hostes
1608 2555 1812 2594 reseratis
1828 2555 1962 2606 portis
1978 2554 2043 2593 in-

1155 2617 1438 2668 tromitteret,
1466 2622 1633 2670 patrem
1658 2617 1915 2659 occisurum.
1972 2617 2042 2657 Fi·

1154 2681 1236 2720 lius
1258 2682 1448 2721 incertus
1467 2681 1570 2734 quid
1590 2685 1754 2733 ageret,
1785 2680 1954 2731 patr-ine
1986 2693 2042 2720 an

1153 2748 1309 2800 patriae
1325 2748 1462 2800 magis
1483 2750 1746 2799 consuleret,
1758 2748 1945 2801 denique
1965 2746 2040 2787 de-

1153 2814 1400 2866 speratione
1421 2814 1603 2867 quadam
1624 2813 1795 2865 ductus,
1816 2814 1859 2853 in
1879 2814 2042 2864 hostes,

1154 2880 1226 2934 qui
1246 2885 1411 2932 patrem
1433 2880 1624 2920 vinctum
1651 2879 1877 2932 tenebant,
1904 2880 2041 2933 impe·

1152 2949 1242 2985 tum
1263 2943 1388 2995 fecit,
1405 2957 1476 2984 eos
1491 2936 1733 2997 dissipavit,
1752 2950 1919 2997 patrem
1933 2945 2039 2985 libe-

1151 3008 1278 3054 ravit,
1307 3013 1352 3049 et
1373 3008 1525 3060 patriae
1546 3008 1801 3049 charitatem
1834 3009 2038 3049 servavit.

1153 3073 1258 3112 Oliv.

1203 3136 1441 3176 Pinnensem
1455 3135 1657 3187 juvenem,
1678 3136 1742 3175 cui
1768 3136 1930 3175 Pultoni
1947 3140 2035 3175 erat

1149 3198 1375 3250 cognomen]
1415 3198 1484 3238 Ita
1517 3199 1660 3250 vulgo.
1706 3198 1908 3238 Atrebat.
1948 3199 2036 3238 col·

1151 3262 1251 3314 legii
1281 3262 1422 3302 codex
1459 3263 1614 3315 aliique
1654 3267 1821 3302 veteres
1858 3263 2031 3312 legunt:

1150 3325 1384 3364 Pinnensem
1412 3324 1616 3374 Juvenem,
1649 3325 1713 3363 cui
1748 3324 1909 3363 Pultoni
1945 3328 2033 3363 erat

1147 3401 1368 3439 cognomen.
1418 3388 1570 3428 Recte.
1614 3387 1848 3426 Pinnenses
1863 3386 2030 3425 Plinius

1148 3453 1424 3493 Vestinorum
1454 3452 1561 3492 dicit
1591 3462 1701 3500 esse,
1729 3455 1775 3489 et
1806 3451 1847 3488 in
1875 3456 2030 3502 quarta

1147 3516 1288 3557 Italiae
1318 3515 1497 3568 regione
1526 3515 1710 3556 collocat
1736 3513 1809 3555 lib.
1838 3525 1912 3555 111.
1932 3526 2037 3567 cap.

1148 3585 1214 3622 12.
1243 3580 1365 3631 Pigh.
