2288 3990
401 278 510 331 946

403 423 448 449 so
482 420 604 449 omen
636 409 832 462 arripuit,
864 410 1163 463 intellexitque
1198 410 1278 452 sibi

401 474 579 512 salntem
592 471 863 525 navigatione
879 473 1154 525 quaerendam
1170 486 1280 526 esse,

400 540 446 575 et
473 536 618 574 statim
636 534 836 587 impetrat
854 547 878 575 a
893 531 1298 588 Minturnensibuss

400 603 448 638 ut
467 599 547 638 sibi
579 599 746 650 publica
768 599 887 639 navis
915 599 1123 640 tradatur.
1181 600 1277 641 Quo

399 661 531 712 facto,
551 674 598 702 se
626 663 810 702 contulit
844 661 887 700 in
915 660 1124 713 Africam,
1145 667 1190 702 et
1217 663 1276 702 ibi

397 725 509 764 vires
547 725 825 775 comparavit,
861 724 1014 777 quibus
1054 726 1276 777 pristinam

396 786 613 826 fortunam
645 792 690 826 et
714 786 968 838 dignitatem
998 788 1120 828 brevi
1151 799 1274 828 recu·

397 850 581 900 peravit,
610 849 721 889 sicut
754 861 829 889 suo
856 850 952 890 loco
984 849 1272 891 ostendemus.

400 911 548 951 Oliver.
605 912 794 962 Contigit
809 912 864 951 A.
884 911 939 953 U.
962 924 1128 953 ncnxv.

448 975 635 1014 Domum·
671 975 851 1026 Fanniae]
893 975 1110 1015 oliverius
1166 975 1274 1016 dicit

394 1037 583 1088 mulieris,
609 1037 781 1077 credam
807 1038 887 1077 viri
918 1038 1159 1078 dicendum.
1212 1040 1272 1080 Et

393 1099 597 1139 Terentio
616 1101 695 1139 viri
714 1112 867 1140 nomen
886 1105 966 1140 est.
1021 1101 1193 1141 Badius.

447 1163 686 1214 Minturnis]
714 1164 829 1217 Latii
864 1162 963 1203 urbs
1009 1171 1055 1203 et
1091 1164 1270 1203 Colonia

392 1224 629 1264 Ptolemaeo
646 1226 824 1276 aliisque
840 1226 894 1264 ad
908 1225 1037 1265 Lirim
1054 1225 1117 1265 Fl.
1137 1225 1269 1277 Haly-

392 1297 630 1326 carnassaeo
648 1286 723 1325 lib.
742 1298 774 1325 1.
801 1298 855 1325 ex
875 1286 997 1337 cujus
1018 1286 1147 1325 ruinis
1165 1288 1269 1325 Tra-

382 1349 496 1400 jetto
517 1347 775 1388 aedificatum
790 1349 941 1389 scribit
962 1349 1112 1388 Celsus
1130 1349 1267 1388 Citra-

392 1410 532 1449 dinus.

443 1473 494 1510 In
527 1470 726 1522 Africam]
753 1470 840 1511 Ubi
870 1476 1116 1523 comparato
1145 1484 1269 1512 exer-

388 1533 477 1574 citu
498 1545 594 1573 cum
624 1545 669 1572 se
700 1532 848 1573 Cinnae
874 1534 1181 1585 conjunxisset,
1200 1547 1269 1573 ur-

387 1597 485 1636 bem
517 1596 649 1647 cepit,
681 1601 726 1635 et
756 1594 980 1646 pristinam
1012 1596 1268 1646 dignitatem

387 1671 482 1697 cum
504 1669 656 1708 magno
686 1657 952 1697 inimicorum
984 1658 1119 1698 exitio
1147 1670 1268 1698 recu-

385 1720 572 1771 peravit.
629 1719 776 1758 Oliver.

442 1785 463 1834 §
492 1787 518 1822 6
546 1784 754 1833 Pompeius
780 1782 977 1834 Magnus]
1006 1783 1136 1834 Cujus
1155 1795 1269 1835 mag-

386 1846 538 1886 nitudo
567 1850 704 1885 totum
733 1845 877 1885 orbem
910 1846 1137 1897 complexa
1162 1844 1267 1895 fuit3

386 1921 483 1949 nam
517 1909 668 1949 Cicero
701 1909 745 1947 in
779 1908 1009 1949 Catilinam
1042 1909 1269 1950 Invectiva

386 1978 542 2024 quarta
569 1971 773 2018 ostendit,
792 1977 952 2024 quanta
978 1969 1112 2010 fuerit
1139 1971 1266 2011 Pom-

384 2034 476 2085 peii
491 2045 631 2073 rerum
651 2039 866 2084 gestarum
882 2032 1143 2084 magnitudo,
1164 2034 1270 2073 dicit

385 2096 522 2135 enim:
552 2096 565 2119 ⁴
586 2095 785 2146 Pompeii
803 2107 872 2135 res
888 2100 1019 2146 gestae
1040 2100 1169 2146 atque
1188 2095 1270 2135 vir-

383 2163 500 2197 tutes
531 2158 806 2198 continentnr
834 2156 1000 2203 iisdem,
1021 2157 1170 2208 quibus
1191 2158 1267 2198 So-

383 2223 435 2271 lis
456 2235 605 2263 cursus
630 2222 873 2273 regionibus
903 2235 953 2262 ac
985 2223 1114 2262 terris
1132 2223 1268 2262 conti-

383 2286 545 2326 netur-,⁹
571 2287 698 2326 Idem.
740 2286 937 2337 Contigit
955 2285 1010 2326 A.
1030 2287 1085 2326 U.
1105 2297 1269 2328 nccxv.

438 2350 689 2400 Pharsalica]
718 2349 770 2389 Id
795 2354 878 2395 est,
915 2347 1119 2389 conflictu
1151 2349 1267 2401 apud

383 2414 653 2454 Pharsaliam
683 2413 832 2453 urbem
860 2413 1085 2453 Emathiae.
1139 2414 1268 2454 Badi-

382 2489 445 2516 πε.
484 2475 735 2526 Pharsalica]
772 2475 1043 2524 Thessalica;
1073 2488 1169 2515 nam
1202 2487 1267 2515 re-

384 2537 455 2588 gio
471 2537 543 2576 illa
563 2537 738 2576 diversis
759 2536 998 2576 nominibus
1018 2535 1100 2576 fuit
1121 2538 1266 2588 appel-

381 2601 490 2650 lata,
518 2600 709 2648 Emonia,
734 2598 966 2649 Thessalia,
992 2598 1263 2650 Macedonia,

385 2661 601 2711 Emathia,
645 2661 795 2712 Campi
842 2660 1092 2712 Philippici,
1138 2666 1266 2712 prout

384 2736 477 2764 eam
537 2722 695 2762 diversi
753 2734 875 2773 reges
933 2728 1266 2773 occupaverunt·

392 2786 542 2826 Oliver.

439 2847 635 2901 Cyprum]
662 2848 808 2888 Insula
826 2848 916 2888 haec
948 2849 991 2887 in
1010 2848 1264 2899 Pamphylio

382 2913 492 2962 sinu,
516 2924 541 2951 a
567 2911 725 2963 Cypro,
745 2912 914 2962 Cinyrae
946 2910 1057 2961 regis
1086 2909 1174 2950 filia
1202 2910 1266 2950 ita

384 2974 618 3026 appellata,
638 2974 707 3012 vel
727 2973 778 3012 ab
804 2973 1001 3013 ubertate
1034 2974 1165 3024 Cypri
1198 2985 1264 3012 ar-

382 3037 509 3077 boris.
562 3035 732 3086 Strabo,
764 3036 914 3087 Steph.
947 3036 1061 3075 Plin.
1097 3035 1262 3087 Cyprus

386 3104 528 3139 autem
548 3097 737 3138 Arabum
756 3103 823 3137 est
842 3096 1052 3145 Alhenna,
1083 3108 1166 3136 non
1199 3097 1264 3136 Li-

385 3171 595 3218 gustrum,
616 3169 662 3203 ut
677 3165 802 3203 multi
822 3165 983 3203 volunt.

437 3226 636 3279 Paphum]
665 3226 880 3278 Oppidum
914 3230 980 3265 est
1007 3225 1159 3276 Cypri,
1189 3225 1261 3265 ubi

384 3290 603 3342 praecipue
631 3289 854 3330 colebatur
872 3289 1033 3339 Venus,
1061 3300 1154 3339 quae
1181 3289 1260 3327 Pa·

386 3351 486 3403 phia
514 3352 630 3391 dicta
662 3351 862 3402 Virgilio:
893 3351 906 3374 ‘
927 3350 1033 3390 Inde
1063 3351 1259 3401 Paphum

385 3413 574 3452 sublimis
602 3413 708 3464 adit,
730 3413 936 3466 sedesque
967 3412 1112 3452 revisit
1140 3413 1258 3451 Laeta

388 3475 518 3515 suas!

977 295 1152 334 No'rAE
1194 295 1526 337 VARIORUM
1570 299 1634 338 IN

1392 413 1461 451 Ex
1480 414 1587 466 diro]
1615 413 1666 453 Id
1687 420 1766 466 est,
1782 417 2013 457 execrabili
2029 419 2182 461 omine.

1394 475 1416 525 ς
1445 478 1470 513 7
1499 476 1631 516 Marci
1659 479 1779 518 etiam
1810 479 1953 530 Bruti]
1998 481 2116 521 Nota
2151 486 2221 526 est

1341 535 1552 588 Historia,
1567 540 1679 591 quod
1697 541 1857 580 Brutus
1876 547 1920 581 et
1935 542 2103 583 Cassius
2124 544 2215 586 Ου-

1341 611 1477 639 sarem
1512 601 1555 639 in
1590 602 1754 643 Senatu
1790 603 1935 643 multis
1966 605 2214 649 vulneribus

1339 661 1638 704 confoderunt.

1391 724 1638 776 Philippensi
1673 727 1774 778 acie]
1817 727 1930 767 Nam
1966 726 2010 767 in
2047 729 2213 781 campis

1337 787 1609 839 Philippicis,
1637 788 1710 828 ubi
1740 801 1993 841 congressus
2023 796 2091 832 est
2119 803 2216 832 cum

1337 848 1532 900 Augusto
1552 855 1598 890 et
1615 851 1677 891 M.
1697 850 1901 902 Antonio,
1919 850 2033 893 forte
2061 853 2123 895 ita
2145 865 2216 894 ce·

1336 910 1457 961 cidit,
1476 916 1524 951 ut
1541 912 1704 963 signum
1723 912 1822 952 belli
1849 911 1983 952 futuri
2003 925 2216 966 propone-

1335 978 1456 1013 retur
1472 974 1524 1014 ab
1544 974 1743 1026 Augusto
1772 980 1818 1014 et
1836 974 2030 1016 Antonio
2049 977 2215 1029 signum

1333 1034 1567 1086 Apollinis;
1595 1050 1689 1077 nam
1711 1050 1800 1078 mos
1820 1044 1928 1088 erat,
1947 1045 1995 1079 ut
2021 1041 2215 1085 commis-

1333 1099 1421 1139 suri
1455 1101 1616 1152 praelia,
1654 1102 1796 1142 Deum
1833 1102 2016 1154 aliquem
2048 1103 2214 1155 signum

1332 1172 1488 1212 pugnae
1524 1168 1842 1214 proponerent3
1883 1168 1933 1203 ut
1961 1163 2012 1204 C.
2049 1165 2215 1206 Marius

1332 1223 1488 1263 Martis
1516 1224 1832 1276 simulachrum,
1863 1225 1984 1277 Sylla
2010 1227 2214 1279 Delphici

1331 1283 1561 1336 Apollinis,
1589 1288 1736 1328 Caesar
1770 1288 1950 1329 veneris
1981 1290 2216 1340 genitrici&

1331 1346 1448 1397 Ergo
1475 1349 1574 1399 quia
1605 1349 1819 1400 Apollinis
1856 1350 2019 1401 siguum
2055 1363 2212 1404 propo-

1331 1409 1416 1448 suit
1451 1409 1687 1463 Augustus,
1723 1424 1847 1453 omen
1895 1414 2008 1465 qnod
2044 1412 2211 1459 factum

1333 1477 1415 1522 est,
1435 1483 1579 1512 versus
1594 1474 1666 1513 ille
1683 1474 1990 1526 quodammodo
2001 1475 2214 1528 implevit,

1332 1534 1434 1586 quia
1466 1537 1510 1575 in
1538 1548 1589 1576 ea
1626 1548 1767 1588 pugna
1799 1543 2027 1589 superatus
2056 1543 2140 1591 est,
2166 1539 2212 1579 in

1333 1609 1415 1647 qna
1451 1598 1619 1649 signum
1650 1598 1794 1639 fuerat
1820 1598 1994 1652 Apollo,
2029 1601 2210 1642 Latonae

1330 1656 1458 1700 filius.
1519 1661 1666 1701 Oliver.

1383 1721 1555 1760 Antonio
1566 1721 1680 1771 signo
1697 1721 1831 1773 datus]
1858 1721 2064 1773 Virgilius
2081 1721 2210 1770 etiam

1331 1787 1398 1822 est
1429 1783 1582 1822 author
1613 1783 1658 1822 in
1688 1784 1814 1824 Bello
1844 1783 2028 1825 Actiaco
2059 1791 2212 1826 contra

1331 1842 1567 1884 Antonium
1601 1849 1647 1885 et
1674 1845 1944 1897 Cleopatram
1969 1845 2210 1897 Augustum

1331 1917 1453 1947 usum
1473 1906 1685 1958 Apolline.
1739 1907 1857 1949 Quin
1877 1909 2004 1949 etiam
2021 1920 2213 1950 nonnun-

1332 1980 1458 2019 quam
1495 1981 1587 2009 sese
1623 1981 1701 2021 pro
1739 1969 1939 2021 Apolline
1976 1971 2126 2023 gessit,
2154 1972 2210 2012 ad

1331 2032 1446 2085 quod
1475 2033 1668 2073 alludens
1698 2033 1812 2073 idem
1843 2034 1968 2074 Maro
1987 2034 2031 2074 in
2055 2035 2210 2076 Bucol.

1330 2094 1467 2135 dixit:
1498 2096 1511 2118 ‘
1534 2095 1662 2135 Casta
1681 2094 1782 2135 fave
1809 2096 1988 2148 Lucina,
2003 2101 2102 2145 tuus
2114 2097 2208 2149 jam

1329 2163 1482 2209 regnat
1502 2157 1688 2209 Apollo.’
1745 2157 1896 2199 oliver.

1383 2221 1406 2271 ς
1427 2223 1452 2259 8
1482 2221 1746 2260 Consentaneo
1756 2220 1998 2272 vocisjactu]
2026 2221 2206 2264 Parira-

1330 2281 1447 2322 tione
1480 2283 1649 2323 Cassius
1683 2284 1820 2323 Bruto
1862 2282 2071 2324 affinitate
2106 2296 2206 2325 con-

1320 2344 1514 2396 junctus,
1533 2346 1692 2397 quippe
1711 2346 1781 2397 qui
1798 2345 1826 2386 J
1831 2345 1971 2385 uniam
1999 2346 2126 2387 Bruti
2143 2358 2211 2388 so·

1330 2418 1468 2446 rorem
1514 2407 1694 2448 duxerat
1728 2419 1922 2459 uxorem,
1967 2406 2074 2450 fecit
2117 2421 2206 2450 suae

1326 2468 1484 2511 futurae
1505 2471 1652 2511 mortis
1673 2483 1811 2513 omen.
1853 2472 1976 2514 Idem.
2016 2473 2209 2526 Contigit

1329 2531 1383 2573 A.
1398 2534 1452 2572 U.
1472 2543 1608 2574 nccx.

1380 2593 1530 2634 Aurem
1560 2595 1761 2646 pervellit]
1795 2594 1907 2637 Quia
1942 2596 2053 2636 enim
2091 2598 2205 2638 auris

1328 2655 1530 2697 dedicata
1549 2664 1616 2698 est
1629 2659 1865 2708 Memoriae,
1876 2659 2033 2700 vellere
2044 2672 2206 2712 aurem,

1327 2724 1393 2759 est
1407 2731 1633 2760 memorem
1649 2719 1807 2761 facere.
1862 2721 1989 2762 Unde
2007 2724 2050 2763 in
2065 2723 2204 2767 Buco-

1325 2781 1416 2822 licis
1436 2783 1586 2822 Maro:
1619 2783 1632 2805 ‘
1656 2783 1807 2823 Delius
1827 2794 1972 2823 aurem
1988 2785 2139 2836 Venit,
2158 2791 2205 2827 et

1327 2844 1572 2885 admonuit!
1624 2845 1792 2885 Badius.
2003 2887 2005 2890 Α

1381 2905 1566 2957 Rhodiis]
1595 2902 1771 2947 Rhodus
1794 2910 1840 2947 et
1861 2907 2055 2959 Ophiusa
2073 2921 2098 2950 a
2116 2922 2205 2952 ser·

1326 2972 1519 3022 pentinm
1546 2971 1819 3011 multitudine
1844 2970 1977 3022 dicta,
2006 2976 2054 3011 ut
2073 2978 2205 3014 testa-

1326 3038 1396 3073 tur
1414 3033 1626 3075 Diodorus
1644 3033 1720 3073 lib.
1742 3045 1782 3073 v.
1800 3044 1903 3084 quos
1926 3033 2120 3078 Phorbas
2138 3035 2202 3076 in.

1325 3095 1511 3136 teremit.
1565 3095 1690 3134 Unde
1720 3093 1936 3146 Ophiuchi
1962 3101 2114 3139 nomen
2134 3109 2200 3139 ac-

1325 3159 1452 3209 cepit.
1507 3157 1705 3209 Hyginus
1725 3157 1799 3198 lib.
1821 3168 1872 3198 11.
1927 3157 2042 3200 Quin
2060 3159 2096 3200 si
2115 3159 2199 3203 Bo-

1323 3219 1472 3259 charto
1489 3218 1756 3271 assentimur,
1769 3219 1944 3259 Rhodus
1963 3220 2068 3260 nihil
2083 3222 2200 3262 aliud

1323 3297 1446 3337 quam
1466 3285 1699 3336 Ophiusam
1719 3284 1922 3332 denotat;
1951 3285 2048 3322 'll‘l’
2070 3286 2198 3338 enim,

1276 3347 1281 3350 “
1323 3347 1366 3386 id
1387 3351 1466 3392 est,
1474 3348 1593 3396 J‘arod
1613 3347 1680 3387 vel
1699 3347 1796 3385 Ro&
1808 3351 2050 3397 serpentem
2067 3346 2199 3388 deno-

1323 3413 1401 3448 tat.
1431 3408 1542 3447 Vide
1562 3409 1678 3447 illum
1699 3408 1752 3447 de
1769 3408 1918 3448 Phoen.
1934 3409 2025 3449 Col.
2043 3421 2086 3460 p.
2104 3412 2198 3451 398.

1374 3471 1503 3510 Solem
1537 3484 1562 3510 α
1591 3483 1631 3510 se
1658 3471 1822 3521 relinqui
1849 3471 2100 3522 respondere]
2128 3471 2194 3511 si-
