2288 3990
529 307 787 348 vAnnssu
829 302 1071 344 ΜΑΧιΜι
1118 303 1237 342 [ΑΒ.
1280 301 1318 340 ι.
1357 299 1494 340 CAP.
1522 286 1572 340 8.

143 432 224 476 His
242 437 344 473 tunc
363 427 544 482 cognitis
564 426 708 478 rebus,
728 425 852 467 amici
873 424 1020 475 Regis,

141 497 215 551 qui
234 501 412 549 propter
430 498 609 534 aetatem
635 492 731 543 ejus
755 490 797 530 in
820 500 1020 542 procura·

141 560 391 610 tioneerent
403 557 542 609 regni,
558 556 647 596 sive
662 554 815 595 timore
828 551 1023 601 adducti,

141 627 192 664 ut
210 627 362 675 postea
388 619 702 674 praedicabant,
722 629 776 657 ne
806 616 1021 657 solicitam

142 685 340 726 exercitu
386 683 504 735 regio
550 681 783 734 Pompeius
833 678 1020 720 Alexan·

142 747 279 790 driam
305 749 627 801 AEgyptumque
653 747 906 797 occuparet,
931 741 1022 781 sive

143 811 355 864 despecta
373 812 465 864 ejus
485 809 675 861 fortuna,
693 813 742 849 ut
773 808 1025 861 plerumque

144 875 189 915 in
207 874 452 916 calamitate
472 885 527 914 ex
556 872 702 913 amicis
733 869 894 911 inimici
912 869 1025 910 exis-

143 943 257 989 tunt,
273 938 353 990 his,
369 937 443 990 qui
462 942 586 976 erant
602 936 655 976 ab
668 947 720 976 eo
734 933 868 986 missi,
882 933 1023 986 palam

142 1002 378 1043 liberaliter
401 1000 733 1053 responderunt,
764 1008 946 1050 eumque
964 995 1019 1036 ad

146 1067 310 1119 Regem
330 1065 476 1105 venire
499 1064 739 1116 jusserunt.
794 1061 887 1114 Ipsi
913 1060 1025 1101 clam

143 1126 327 1170 consilio
364 1127 489 1179 inito,
522 1126 733 1167 Achillam
770 1124 1025 1178 praefectum

146 1182 329 1246 regium,
361 1192 570 1245 singulari
598 1190 808 1231 hominem
828 1188 1027 1240 audacia,

149 1263 196 1306 et
228 1257 278 1298 L.
298 1256 557 1309 Septimium
590 1255 807 1295 tribunum
842 1253 1028 1293 militum

151 1319 206 1360 ad
241 1319 585 1361 interficiendum
617 1319 874 1371 Pompeium
909 1317 1030 1357 mise·

148 1389 277 1424 runt:
309 1383 363 1424 ab
378 1383 443 1423 his
473 1383 708 1423 liberaliter
729 1383 821 1433 ipse
839 1381 1030 1434 appella·

149 1452 236 1496 tus,
255 1452 301 1487 et
321 1446 504 1500 quadam
532 1446 726 1498 Septimii
756 1445 912 1485 notitia
937 1456 1030 1497 pro-

152 1509 326 1560 ductus,
356 1509 467 1563 quod
499 1510 612 1550 bello
642 1510 894 1562 prae'donum
915 1503 1031 1561 apud

149 1584 247 1613 eum
256 1573 447 1614 ordinem
465 1573 919 1623 duxerat‚naviculam
935 1583 1032 1624 par·

150 1634 290 1675 vniam
309 1635 560 1676 conscendit
574 1647 669 1675 cum
689 1635 837 1687 paucis
863 1635 965 1684 suis,
985 1640 1031 1675 et

146 1696 207 1738 ibi
226 1696 279 1738 ab
299 1696 469 1738 Achilla
495 1703 542 1738 et
579 1698 793 1751 Septimio
824 1696 1031 1738 interfici·

149 1766 233 1801 tnr.
306 1761 416 1801 Haec
454 1772 509 1801 ex
553 1761 879 1802 Commentariis
924 1762 951 1804 J
958 1761 1030 1801 ulii

149 1822 338 1864 Caesaris
357 1823 411 1864 de
426 1824 540 1865 Bell.
570 1823 664 1865 Civ.
695 1824 880 1865 Constat
897 1825 1030 1877 igitur

150 1899 308 1941 corpus
341 1887 431 1940 ejus
461 1889 504 1929 in
528 1901 651 1944 mare
684 1889 945 1942 projectum,
983 1896 1031 1931 et

146 1958 279 2004 caput
292 1951 347 1991 ad
364 1964 507 2004 regern
517 1952 732 1993 delatum:
754 1960 851 2004 post
867 1954 1030 2007 aliquos

148 2018 243 2059 dies
268 2030 424 2072 corpus
443 2019 533 2072 ejus
551 2031 576 2060 a
605 2017 810 2060 fluctibus
828 2020 957 2060 maris
987 2020 1029 2060 in

146 2082 272 2124 littus
288 2083 477 2135 ejectum
497 2096 592 2124 cum
621 2084 746 2135 lignis
763 2084 936 2136 scaphae
957 2097 1030 2125 cu·

139 2145 332 2199 jusdam,
347 2159 443 2200 quae
458 2147 680 2200 naufragio
695 2149 904 2201 perierat,
917 2161 1029 2189 com-

149 2211 374 2251 bureretur
407 2223 434 2250 a
461 2211 681 2264 Philippo,
711 2218 755 2252 et
784 2225 809 2252 a
843 2212 1028 2264 quodam

148 2273 232 2312 alio
251 2273 441 2313 Romano
459 2286 580 2324 sene,
614 2274 666 2315 L.
686 2275 896 2315 Lentulus
927 2276 1028 2317 illac

147 2334 372 2387 navigans,
387 2335 550 2376 fumum
580 2337 635 2377 de
653 2337 782 2390 longe
810 2339 1029 2389 conspica-

149 2403 237 2450 tus,
253 2399 613 2440 commilitonibus
643 2401 728 2441 suis
748 2402 905 2453 inquit,
924 2414 1029 2442 nun-

150 2462 252 2514 quid
271 2463 443 2514 scimus,
461 2475 512 2502 an
527 2464 606 2504 hac
622 2463 790 2504 flamma
807 2466 887 2506 Cn.
901 2466 1029 2506 Pom-

148 2524 269 2576 peius
289 2527 532 2566 cremetur?
568 2527 828 2568 Plutarchus
861 2529 905 2569 in
925 2530 1029 2570 Vita

147 2588 348 2641 Pompeii
369 2603 380 2630 ε
410 2590 422 2612 ‘
441 2590 653 2643 Postera,'
674 2591 830 2645 inquit,
850 2593 862 2615 ‘
880 2591 965 2644 die,
978 2595 1028 2634 L.

146 2651 352 2692 Lentulus
372 2653 521 2694 horum
538 2655 725 2707 ignarus,
745 2656 893 2709 Cypro
908 2657 1027 2697 navi·

147 2727 250 2768 gans
258 2717 387 2769 juxta
402 2718 524 2759 littus
543 2725 710 2771 vectus,
727 2725 776 2760 ut
803 2719 1026 2762 funeream

147 2790 297 2832 pyram
317 2780 522 2834 inspexit,
550 2783 887 2838 Philippumque
900 2785 1030 2838 juxta

146 2843 359 2884 insidere:
389 2845 513 2897 Quis,
541 2848 706 2901 utique,
740 2849 897 2902 inquit,
923 2850 1029 2890 satis

150 2906 221 2946 hic
239 2907 451 2960 quiescit?
483 2911 626 2952 Parvo
641 2914 782 2964 spatio
798 2914 1029 2967 interposi-

146 2977 210 3021 to,
229 2970 676 3030 ductisque-suspiriis,
707 2979 850 3030 Forte,
876 2979 1029 3034 inquit,

145 3038 215 3074 tut
228 3034 294 3076 hic
307 3047 369 3087 eS,
382 3049 537 3089 magne
549 3040 761 3094 Pompei.'
789 3043 947 3094 Strabo
962 3057 1028 3085 os·

147 3098 291 3139 tendit
318 3099 364 3139 in
397 3100 523 3141 Casio
543 3110 690 3144 monte
721 3103 856 3146 fuisse
887 3109 1028 3159 sepul-

148 3166 239 3202 tum
256 3175 266 3202 ε
313 3163 324 3184 ‘
343 3163 525 3216 Casius‚'
570 3166 725 3220 inquit,
775 3169 788 3191 ‘
803 3181 922 3210 mons
957 3176 1027 3211 est

146 3225 317 3277 quidam
339 3229 632 3270 accumulatus
668 3231 710 3270 in
745 3234 1027 3284 promontorii

146 3289 337 3341 modum,
356 3303 559 3344 aquarum
580 3293 730 3346 inops;
759 3295 799 3335 in
815 3308 866 3336 eo
881 3298 1026 3348 magni

148 3352 346 3405 Pompeii
371 3367 526 3407 corpus
550 3358 686 3409 jacet,
706 3365 752 3400 et
769 3359 889 3401 Jovis
910 3360 1026 3401 Casii

148 3417 302 3456 montis
323 3420 545 3470 templum,
563 3427 607 3461 et
634 3434 715 3462 non
740 3425 891 3475 procul
923 3423 1023 3464 inde

150 3479 331 3532 Magnus
354 3484 574 3535 jugulatus
595 3486 693 3539 fuit,
726 3495 771 3528 et
791 3489 844 3529 ab
865 3490 1023 3543 AEgyp-

149 3541 221 3583 tiis
239 3543 335 3586 dolo
349 3546 666 3602 interemptus.’
697 3553 846 3595 Olirer.

1858 284 1966 339 989

1140 421 1305 474 Magni]
1334 423 1445 464 Nam
1465 421 1638 461 devicto
1654 419 1911 462 Mithridate
1927 427 1971 462 et

1082 485 1291 537 Tigrane,
1311 486 1496 538 Magnus
1517 485 1759 537 appellatus
1780 492 1860 527 est.

1138 551 1161 602 ᾧ
1189 552 1241 590 10
1279 550 1461 603 Pythicoe
1492 548 1805 600 vaticinationis]
1854 549 1968 590 Vide

1087 626 1218 668 supra
1238 627 1334 667 cap.
1350 617 1430 668 1.§
1462 617 1526 655 19.
1556 619 1601 654 et
1622 625 1720 665 cap.
1749 617 1791 653 6.
1822 615 1844 665 ξ
1874 617 1915 654 3.

1146 677 1320 729 Viribus,
1349 676 1438 730 ᾇτ’]
1477 677 1649 729 Vulgo:
1679 676 1832 718 viribus
1861 690 1970 718 nam-

1086 756 1157 797 que
1174 742 1334 795 imperii
1357 742 1518 782 Achaioe
1542 746 1727 794 praeerat.
1784 741 1972 793 Inepte3

1088 806 1165 848 sed
1186 806 1320 846 multo
1338 806 1490 846 melius
1510 805 1789 858 distinguitur
1807 805 1879 845 illa
1899 818 1975 858 pa·

1089 871 1278 912 renthesi
1292 871 1337 911 in
1358 871 1465 911 Mss.
1483 870 1605 910 libris
1622 884 1632 910 ε
1652 870 1801 910 viribus
1818 871 1976 922 imperii

1089 935 1273 989 (namque
1315 935 1482 976 Achaioe
1521 935 1732 988 praeerat.)
1804 934 1975 988 Appius

1090 999 1294 1041 claudius
1325 1000 1437 1040 enim
1466 998 1670 1040 Achaiam
1704 999 1978 1039 administra-

1089 1063 1166 1104 bat
1181 1075 1353 1116 procos.
1367 1068 1577 1116 erantque
1590 1063 1634 1102 in
1646 1062 1739 1114 ejus
1755 1062 1980 1114 provincia

1091 1127 1270 1179 Delphi.
1325 1126 1485 1180 Itaque
1513 1126 1673 1166 viribus
1706 1126 1875 1178 imperii
1910 1139 1980 1166 co-

1091 1203 1193 1243 gere
1212 1190 1449 1232 antistitem
1481 1190 1645 1232 oraculi
1675 1189 1877 1243 Delphici
1907 1202 1980 1243 po-

1091 1255 1190 1295 tuit.
1218 1254 1344 1306 Pigk.

1145 1319 1349 1370 Delphicoe
1364 1318 1547 1371 cortinae]
1575 1317 1793 1371 Apollinei
1812 1319 1978 1371 templi.

1097 1382 1265 1422 Coi-tina
1296 1383 1415 1423 locus
1450 1383 1626 1435 dicitur,
1666 1385 1740 1425 ubi
1773 1396 1978 1437 responsa

1095 1446 1327 1498 dabantur,
1355 1447 1417 1488 sic
1449 1447 1608 1499 dictus,
1637 1447 1751 1501 quod
1772 1447 1862 1488 illi-c
1882 1459 1980 1488 cor-

1094 1511 1186 1552 tina
1202 1511 1470 1564 tenderetur,
1499 1512 1540 1552 id
1570 1517 1651 1563 est,
1682 1511 1982 1553 intenderetur

1095 1582 1140 1617 et
1185 1577 1430 1628 repleretur
1474 1578 1662 1620 numine.
1718 1578 1834 1618 Nam
1878 1590 1980 1618 cum

1095 1642 1237 1693 puella
1257 1649 1426 1682 antrum
1461 1642 1653 1693 ingressa
1685 1646 1818 1693 esset,
1845 1641 1984 1682 conti·

1094 1718 1177 1747 nuo
1192 1707 1402 1747 instinctu
1412 1707 1597 1748 numinis
1609 1706 1850 1749 afflabatur.
1870 1708 1982 1748 Sunt

1092 1772 1219 1811 etiam
1242 1772 1314 1824 qui
1343 1776 1497 1823 putant
1516 1772 1710 1812 cortinam
1729 1784 1823 1813 esse
1842 1772 1979 1824 tripo-

1093 1833 1191 1874 dem
1206 1833 1422 1888 Apollinis
1439 1836 1556 1876 corio
1573 1835 1784 1889 Pythonis
1801 1841 1980 1878 tectum.

1095 1898 1247 1940 Oliver.

1149 1963 1315 2016 Co‘e'git]
1360 1965 1496 2007 Quasi
1533 1965 1769 2018 nolentem,
1798 1970 1982 2019 propter

1092 2026 1136 2067 id
1168 2027 1283 2080 quod
1312 2029 1520 2082 sequitur.
1577 2031 1689 2070 Nam
1710 2037 1875 2083 quanto
1893 2043 1982 2070 ma-

1085 2091 1183 2143 jore
1201 2093 1386 2133 numinis
1404 2093 1550 2134 affiatu
1572 2095 1717 2146 puella
1747 2094 1981 2147 instigaba-

1093 2161 1178 2205 tur,
1204 2167 1301 2195 cum
1321 2156 1495 2208 spiritus
1516 2157 1588 2197 ille
1609 2157 1882 2209 decessisset,
1914 2170 1980 2198 re-

1091 2231 1247 2271 sponso
1267 2220 1383 2273 dato,
1410 2227 1530 2262 tanto
1551 2222 1733 2262 debilior
1757 2221 1976 2264 efficieba-

1093 2289 1164 2324 tur
1184 2285 1318 2336 virgo.
1350 2287 1501 2327 Oliver.

1146 2349 1282 2399 Igitur
1296 2351 1463 2402 impulsu
1480 2353 1655 2403 concepti
1672 2352 1864 2405 numinis]
1907 2352 1980 2393 Ita

1092 2412 1135 2452 in
1155 2414 1414 2461 Caucffiano,
1435 2427 1512 2466 pro
1528 2417 1636 2468 capti
1652 2417 1823 2457 numinis
1830 2431 1851 2472 ,ᾗ
1865 2417 1977 2470 quod

1093 2477 1302 2530 approbo,
1315 2483 1357 2519 et
1374 2479 1584 2530 prioribus
1600 2479 1728 2520 dictis
1742 2492 1979 2533 congruen-

1092 2541 1177 2581 tius
1210 2548 1293 2582 est.
1346 2541 1623 2583 Transfertur
1653 2543 1765 2584 enim
1798 2544 1976 2596 pulchre

1089 2603 1170 2644 hoc
1190 2604 1442 2647 vocabulum
1464 2619 1489 2646 a
1507 2618 1689 2659 corpore
1708 2607 1763 2647 ad
1787 2613 1978 2649 mentem

1091 2680 1142 2709 ac
1162 2667 1363 2710 animum.
1394 2669 1582 2721 Pighius.

1146 2732 1307 2773 Euboecv
1342 2734 1489 2774 Coelam
1518 2734 1728 2787 obtinebis]
1763 2735 1816 2775 In
1849 2735 1980 2777 Atre-

1090 2795 1258 2837 batensi
1271 2809 1321 2838 ac
1334 2797 1640 2851 G<emblacensi
1651 2799 1979 2852 correctissime‚

1094 2861 1256 2914 coelam,
1288 2874 1365 2915 pro
1395 2863 1546 2915 cellam,
1578 2870 1623 2904 et
1656 2869 1808 2916 postea
1840 2866 1972 2906 Coeloe.

1090 2925 1262 2965 Nomen
1284 2925 1399 2966 enim
1428 2932 1493 2967 est
1526 2927 1715 2979 regionis
1748 2928 1791 2967 in
1812 2926 1975 2969 Attica.

1090 2988 1143 3028 In
1160 2990 1423 3042 Cauchiano,
1443 2991 1643 3043 Cohelam,
1663 2997 1795 3044 atque
1815 2991 1860 3031 in
1879 2992 1973 3032 aliis

1093 3054 1227 3094 Gelam
1244 3055 1436 3106 legimus.
1475 3057 1596 3106 Pigra.
1657 3074 1662 3078 ’

1145 3117 1304 3158 Euboeae
1319 3118 1473 3170 coelam]
1503 3120 1576 3159 Ita
1595 3125 1641 3160 et
1660 3120 1788 3160 Oros.
1811 3119 1888 3160 lib.
1909 3131 1974 3160 v1.

1089 3194 1187 3235 cap.
1218 3187 1284 3223 16.
1325 3184 1439 3235 apud
1475 3197 1601 3236 quem
1633 3189 1779 3224 tamen
1812 3184 1972 3236 legitur

1090 3246 1266 3287 Euboica
1306 3249 1433 3297 coela,
1462 3248 1629 3295 vitiose,
1677 3260 1753 3299 pro
1797 3247 1971 3289 Euboeoe.

1088 3310 1298 3364 Idemque
1336 3313 1448 3352 Coela
1483 3312 1799 3363 interpretatur
1834 3311 1972 3351 sinum

1090 3375 1343 3416 Euboicum.
1398 3376 1639 3426 Utrumque
1677 3379 1816 3413 autem
1855 3374 1972 3415 dice-

1088 3438 1216 3479 batur
1234 3441 1306 3487 τῆς
1324 3438 1489 3485 Εὐβοίας
1506 3438 1558 3478 τὰ
1582 3438 1710 3488 κοιλὰ,
1743 3444 1792 3478 ut
1809 3439 1966 3480 Strabo

1086 3502 1160 3542 lib.
1196 3513 1243 3542 x.
1298 3504 1354 3541 Et
1394 3501 1467 3548 τὴν
1513 3500 1646 3548 κοίλην
1689 3500 1868 3552 Εὔβοιαν,
1918 3509 1966 3542 nt

1086 3565 1360 3606 I’tolemaeus.
1417 3565 1478 3604 Ut
1498 3564 1805 3606 Philostratus:
1832 3564 1951 3615 Ἐρμά
