2410 4016
425 917 891 1013 NOTAE
984 909 1878 1052 VARIORUM

1121 1208 1186 1244 IN

405 1444 1108 1521 VALERIUM

1197 1441 1880 1517 MAXIMUM.

853 1925 1462 1989 PROLOGUS.

295 2080 435 2132 Populi
474 2080 657 2127 Romani,
700 2084 1000 2132 exterarumque
1031 2093 1128 2132 gen·

237 2143 356 2195 tium]
390 2143 524 2184 Liber
549 2144 886 2196 manuscriptus,
906 2156 1030 2196 quem
1050 2155 1125 2184 no-

238 2205 304 2246 bis
323 2208 533 2259 praestitit
564 2208 620 2249 D.
645 2208 838 2250 ,Iacobus
870 2208 1038 2259 Susius,
1061 2209 1126 2248 vir

239 2269 461 2311 omnifaria
482 2271 724 2313 eruditione
747 2285 798 2313 ac
834 2275 994 2314 virtute
1026 2285 1125 2313 con·

238 2334 431 2386 spicuus,
460 2336 524 2376 ita
555 2336 779 2377 exorditur
806 2335 1123 2388 praefationem.

238 2398 382 2450 Vulgo
401 2410 412 2436 :
434 2399 557 2440 Urbis
573 2401 710 2440 Romae
724 2405 1019 2452 exterarumque
1027 2413 1125 2451 gen·

239 2460 340 2500 tium
351 2462 484 2510 facta.
541 2462 671 2502 Prior
690 2463 792 2502 mihi
812 2463 943 2503 lectio
965 2463 1124 2515 placet.

240 2524 426 2578 Proprie
445 2538 628 2579 namque
644 2527 779 2579 magis
794 2526 990 2574 dicimus,
1011 2532 1022 2551 ‘
1038 2526 1127 2567 fac-

241 2593 288 2628 ta
334 2589 481 2640 populi
526 2589 741 2640 Romani,’
797 2602 924 2642 quam
976 2589 1126 2630 ‘urbis

240 2652 418 2692 Romae!
491 2654 561 2694 Sic
601 2653 749 2695 Livius
796 2654 1004 2695 Historiae
1038 2667 1125 2695 suae

240 2716 419 2757 exordio
451 2717 542 2758 ait:
572 2723 583 2741 ‘
603 2719 649 2759 Si
678 2731 748 2759 res
778 2720 926 2772 populi
946 2720 1127 2760 Romani

239 2779 535 2833 perscripsero
551 2782 577 2831 3²
618 2793 718 2833 non,
762 2783 839 2823 ‘Si
885 2795 954 2823 res
993 2783 1125 2823 Urbis

241 2844 388 2884 Romae
422 2845 747 2897 perscripsero?
801 2847 860 2886 Et
895 2847 1125 2887 Saliustius

238 2907 282 2947 in
304 2908 520 2950 Prooemio
550 2910 604 2951 de
623 2911 933 2964 Conjuratione
966 2910 1120 2966 onatili-

238 2985 335 3014 nae:
365 2975 538 3017 ‘statui
565 2987 633 3016 res
665 2981 808 3028 gestas
821 2987 922 3027 pop.
940 2965 1122 3016 Romani

239 3040 511 3090 perscribere
531 3042 559 3080 :¹
601 3053 700 3095 non,
738 3040 904 3081 ‘Urbis
939 3038 1122 3080 Rome?

238 3103 423 3154 Pighius.

295 3168 562 3220 Documenta]
574 3170 786 3222 Exempla
798 3176 842 3210 et
854 3174 1130 3209 monumenta

243 3230 416 3271 virtutis
436 3232 505 3272 vel
523 3233 632 3272 vitii.
676 3233 863 3273 Virtutis
880 3232 933 3273 ad
947 3235 1130 3275 suaden-

243 3293 373 3344 dum;
403 3296 509 3342 vitii,
532 3296 586 3336 ad
617 3297 950 3339 deterrendum:
990 3305 1038 3339 ut
1068 3300 1128 3339 al·

243 3361 383 3396 terum
422 3360 642 3412 miremur,
680 3361 861 3401 alterum
900 3361 1128 3414 fugiamus.

246 3421 394 3462 oliveta

305 3486 548 3528 voluminum
576 3488 752 3540 numero]
781 3489 946 3542 Utpote
975 3503 1126 3531 novem

1198 2080 1333 2121 libris·
1397 2079 1494 2120 Hoc
1512 2079 1626 2119 inter
1656 2079 1668 2101 ⁴
1688 2076 1900 2119 volumen’
1929 2083 1977 2118 et
2005 2077 2018 2100 ⁴
2041 2076 2089 2117 li-

1195 2145 1344 2187 brum’
1401 2144 1611 2193 interest3
1667 2143 1782 2197 quod
1827 2144 1840 2166 ‘
1864 2142 2084 2183 volumen’

1193 2212 1408 2265 significat
1440 2217 1589 2264 partes
1627 2211 1786 2263 operis,
1823 2221 1909 2251 non
1941 2216 2089 2251 autem

1194 2282 1334 2318 totum
1372 2277 1545 2325 librum,
1591 2274 1759 2315 ‘liber'
1787 2286 1891 2315 vero
1925 2279 1973 2315 et
2007 2285 2086 2326 pro

1194 2345 1289 2381 toto
1305 2340 1457 2380 codice
1474 2343 1518 2378 et
1534 2351 1613 2390 pro
1627 2339 1843 2378 volumine
1859 2338 2091 2390 accipitur.

1195 2404 1333 2456 quue
1347 2402 1479 2443 Plinii
1492 2402 1692 2442 Oratoris
1708 2402 1957 2442 testimonio
1973 2414 2088 2442 com-

1195 2466 1427 2518 probatur:
1459 2465 1532 2517 qui
1566 2464 1702 2505 dixit:
1738 2465 1883 2504 ‘Libri
1923 2471 2012 2505 tres
2042 2465 2088 2504 in

1197 2540 1272 2569 sex
1305 2529 1536 2579 volumina,
1567 2534 1748 2581 propter
1768 2540 1915 2569 eorum
1936 2528 2087 2581 ampli-

1197 2593 1392 2634 tudinem
1413 2591 1569 2634 divisi.’
1598 2593 1725 2633 Idem.

1251 2657 1376 2698 Felici
1414 2659 1656 2709 superiorum
1688 2655 1812 2710 stylo]
1858 2656 2088 2708 Bongarsii

1196 2722 1346 2763 Codex
1362 2721 1519 2763 habet:
1540 2720 1679 2769 felicis
1692 2721 1826 2762 saeculi
1842 2722 1959 2774 stylo.
1996 2720 2088 2772 Ap-

1193 2786 1349 2839 posite.

1249 2849 1400 2901 Maris]
1429 2851 1499 2890 De
1518 2849 1725 2890 latissimo
1741 2849 1891 2902 populi
1905 2850 2090 2889 Romani

1190 2915 1378 2956 dominio
1389 2914 1625 2968 Dionysius
1638 2914 2009 2955 Halicarnassaeus
2024 2915 2055 2954 il
2064 2928 2087 2953 a

1189 2979 1403 3033 loquitur:
1419 2979 1431 3001 ‘
1443 2977 1685 3018 Unniversa
1698 2976 1825 3018 maris
1835 2976 2009 3017 domina
2021 2981 2089 3016 est

1190 3044 1344 3093 Roma,
1371 3053 1454 3081 non
1493 3041 1796 3092 solumillius,
1825 3040 1939 3093 quod
1970 3040 2086 3079 intra

1195 3106 1402 3147 Herculis
1422 3105 1641 3146 columnas
1655 3104 1858 3156 habetur,
1871 3115 2018 3143 verum
2038 3108 2084 3142 et

1197 3170 1334 3222 ipsius
1374 3168 1558 3221 Oceani,
1595 3169 1670 3222 qui
1707 3174 1775 3209 est
1806 3165 2086 3219 navigabilis?

1199 3234 1339 3274 Maris
1359 3233 1534 3286 quidem
1570 3245 1726 3273 revera
1756 3232 1916 3272 nullum
1951 3230 2084 3270 domi-

1201 3299 1317 3339 nium
1337 3303 1418 3350 est,
1437 3297 1512 3337 sed
1533 3302 1652 3337 recte
1674 3293 1908 3348 potentiori
1927 3292 2084 3333 cedere

1197 3363 1371 3404 dicitur.
1410 3361 1524 3401 Vide
1547 3361 1663 3401 Seld.
1684 3366 1729 3399 et
1751 3359 1877 3399 Grot.
1896 3357 1950 3397 de
1971 3356 2086 3397 Mari

1196 3428 1347 3469 libero.

1253 3492 1403 3543 Terrae]
1432 3493 1495 3532 Ea
1516 3489 1599 3530 fuit
1629 3495 1822 3529 veterum
1853 3486 2083 3526 multorum
