2288 3990
361 281 467 334 968

362 415 406 449 et
429 408 596 460 plebeia
613 415 679 449 est
692 408 853 449 familia
868 408 1028 447 Atinia.
1049 406 1247 455 Pighius„

380 480 390 491 ²
412 472 711 522 Proesultorem]
739 473 844 511 Eum
859 485 883 510 a
897 482 978 522 quo
999 469 1117 508 facta
1134 472 1233 507 sunt

358 535 563 587 praeludia
582 541 628 575 et
652 535 823 586 praeviae
856 532 1122 582 saltationes,
1151 531 1230 570 hoc

358 603 442 647 est,
475 598 673 636 miserum
705 597 822 635 illum
853 606 1038 644 servum,
1077 594 1148 645 qui
1175 592 1230 631 ad

358 662 612 713 supplicium
631 660 883 710 ducebatur,
915 670 1000 698 non
1018 658 1230 710 placuisse

358 720 454 763 sibi.
482 723 647 762 Badius.

409 782 705 833 Praesultorem]
734 782 996 823 cruciarium
1022 781 1228 832 intellige,

354 845 427 896 qui
459 844 602 894 flagris
635 855 771 884 caesus
804 844 961 883 saltare
990 843 1228 882 videbatur.

356 907 576 958 Supplicio
595 918 765 959 quoque
781 905 992 946 afficiendi
1007 906 1168 945 insilire
1184 906 1227 944 in

358 981 528 1008 crucem
550 969 819 1021 dicebantur,
839 969 952 1008 unde
970 974 1016 1008 et
1050 970 1062 991 ‘
1082 969 1227 1009 Cruci-

356 1032 467 1070 salus
483 1031 494 1048 '
520 1031 565 1070 in
584 1032 870 1071 Bacchidibus
891 1032 1049 1071 Plauti.

374 1094 528 1134 -Ludz's
563 1095 826 1145 Circensibus]
857 1096 1080 1134 Circenses
1120 1094 1224 1145 ludi,

352 1157 423 1208 qui
440 1163 485 1198 et
498 1158 697 1210 Gymnici
714 1164 812 1198 sunt
831 1159 954 1208 dicti,
975 1171 999 1197 a
1019 1158 1225 1209 gymnicis

350 1220 742 1270 exercitationibus,
777 1234 871 1272 quae
907 1222 948 1259 in
983 1221 1032 1259 iis
1053 1220 1221 1259 exhibe-

348 1282 519 1332 bantur,
556 1283 754 1322 videntur
778 1284 927 1323 Servio
955 1283 1005 1322 ad
1025 1284 1224 1333 Geor-gie.

346 1355 420 1383 111.
437 1350 481 1383 et
499 1345 662 1385 AEneid.
682 1358 780 1385 vm.
800 1355 886 1384 tum
902 1347 991 1385 aliis
1005 1346 1223 1384 Gramma-

346 1407 440 1445 ticis
456 1407 678 1457 appellati,
696 1407 813 1458 quasi
828 1409 986 1447 circum
1002 1418 1136 1457 enses,
1150 1408 1220 1459 qui

345 1468 472 1517 positi
494 1475 617 1508 erant
635 1469 689 1508 ab
721 1481 803 1508 una
835 1475 972 1521 parte,
1002 1469 1055 1508 ab
1085 1470 1223 1509 altera

344 1530 586 1570 constitutis
601 1531 724 1571 metis
737 1533 848 1572 circa
860 1532 1032 1582 flumen,
1048 1537 1096 1571 ut
1109 1538 1222 1572 esset

345 1593 397 1631 ab
436 1598 618 1646 utroque
652 1596 788 1634 latere
821 1607 1009 1646 praesens
1041 1597 1222 1647 ignaviae

344 1655 599 1705 periculum.
643 1657 750 1697 Aliis
771 1670 795 1698 a
815 1659 1113 1698 circumeundo
1131 1661 1222 1710 pla-

343 1724 413 1758 cet
446 1720 618 1760 deduci.
673 1722 809 1761 Priori
842 1722 1064 1761 sententias
1097 1723 1221 1762 video

344 1782 472 1820 etiam
505 1781 627 1822 Alex,
657 1784 708 1823 ab
730 1780 977 1824 Alexandro
998 1785 1220 1834 astipulari

344 1844 512 1884 Genial.
540 1845 661 1886 Dier.
695 1846 770 1887 lib.
793 1858 836 1886 v.
867 1859 961 1898 cap.
982 1851 1022 1887 8.
1053 1847 1220 1887 Cassio-

343 1907 494 1946 ἀοι-11η]
510 1908 734 1948 Variarum
750 1909 803 1948 ad
820 1909 1038 1959 Faustum,
1058 1910 1132 1950 lib.
1147 1921 1218 1950 111.

342 1974 387 2008 et
407 1969 512 2009 alios
532 1971 771 2018 nonnullos,
822 1971 908 2011 Sed
929 1984 1006 2011 cur
1031 1984 1115 2011 non
1147 1985 1222 2024 po·

343 2031 427 2070 tius
452 2043 478 2070 a
511 2032 636 2072 Circo
667 2045 837 2084 magno,
870 2034 911 2072 in
947 2044 1031 2086 quo
1067 2035 1220 2086 agitari

342 2095 551 2144 solebant,
577 2095 618 2134 in
649 2096 820 2135 Cereris
849 2098 956 2136 Deae
988 2098 1220 2138 honorem?

341 2157 684 2198 Celebrabantur
700 2164 842 2199 antem
858 2172 1060 2212 equorum
1077 2174 1220 2213 cursu,

339 2225 385 2259 ut
406 2220 569 2260 indicat
582 2221 754 2260 Tacitus
776 2222 850 2261 lib.
875 2234 938 2262 v1.
996 2222 1046 2261 In
1064 2235 1219 2275 pompa

342 2282 603 2322 vehebantur
622 2285 808 2323 Deorum
830 2285 1034 2336 imagines
1056 2287 1216 2326 circum

337 2350 488 2391 metas,
525 2351 636 2385 teste
667 2347 872 2386 Varrone.
937 2348 1215 2389 Macrobius:

339 2407 555 2447 ‘'Vehitur
575 2409 846 2448 simulacrum
869 2409 952 2448 Dei
978 2410 1218 2461 Heliopoli-

339 2470 616 2522 taniferculo,
631 2473 760 2512 veluti
777 2473 986 2513 vehuntur
1001 2474 1043 2513 in
1058 2486 1216 2526 pompa

337 2532 533 2572 ludorum
547 2534 808 2574 Circensium
829 2536 1081 2576 simulachra
1101 2538 1215 2577 Deo-

339 2595 459 2635 rum!
497 2597 679 2636 Ovidius
695 2599 813 2638 Fast.
832 2610 898 2638 ιν.
917 2599 928 2619 ‘
951 2599 1098 2639 Circus
1114 2605 1215 2640 erat

340 2668 497 2708 pompa
515 2658 701 2708 celeber,
727 2671 986 2712 numeroque
1008 2662 1214 2710 Deorum,

338 2719 568 2771 Primaque
622 2722 806 2760 ventosis
852 2723 992 2773 palma
1038 2730 1214 2774 petetur

338 2780 484 2832 equis.'
539 2783 920 2833 Conspiciebautur
953 2790 996 2824 et
1030 2787 1116 2825 illic
1140 2800 1213 2827 au-

337 2842 519 2892 rigarum
536 2842 745 2884 factiones
761 2853 956 2897 quatuor,
971 2861 1064 2899 quae
1079 2850 1214 2889 nomi-

337 2916 393 2943 na
437 2912 697 2957 acceperunt
738 2921 761 2947 a
807 2916 988 2960 quatuor
1034 2913 1213 2953 diversis

335 2968 465 3019 panni
485 2970 711 3021 coloribus,
739 2971 879 3021 viridi,
910 2974 1098 3025 inquam,
1129 2988 1212 3016 coe·

335 3031 469 3079 ruleo,
487 3032 677 3078 coccino,
699 3038 742 3071 et
776 3034 873 3085 alio,
910 3037 1059 3087 quibus
1089 3045 1213 3079 erant

334 3093 489 3132 ornati.
534 3093 683 3132 Verba
702 3094 862 3134 Sidonii
882 3095 1144 3148 Apollinaris
1158 3101 1211 3139 de

332 3155 414 3195 illis
431 3161 529 3194 sunt
549 3156 640 3196 haec
658 3171 668 3195 z
702 3157 714 3178 ‘
731 3158 898 3197 Micaut
917 3161 1078 3202 colores
1100 3174 1110 3200 ε
1137 3163 1209 3202 Al-

333 3219 413 3258 bus
451 3226 495 3258 et
531 3221 735 3271 Venetus,
782 3222 922 3261 virens
959 3226 1212 3278 rubensque,

331 3283 492 3323 Vestra
529 3284 735 3336 insignia:
767 3286 998 3326 Continent
1027 3290 1210 3331 ministri

333 3346 422 3385 Ora
454 3351 499 3386 et
531 3348 623 3385 lora
655 3355 798 3398 manu,
841 3349 1054 3401 jubasque
1095 3358 1208 3392 totas

334 3407 503 3459 Cogunt
533 3408 746 3450 flexilibus
766 3412 901 3450 latere
921 3412 1072 3452 nodis.’
1128 3415 1207 3454 Ut-

334 3482 415 3523 que
435 3471 718 3522 aurigantium
738 3471 871 3513 factio
901 3479 995 3514 erat
1024 3474 1207 3528 diversa,

933 292 1107 331 No'rAE
1150 288 1482 329 VARIORUM
1524 289 1590 327 IN

1294 404 1356 444 ita
1370 403 1566 444 'diversus
1599 408 1695 444 erat
1726 404 1846 443 favor
1878 403 2167 455 spectantium

1293 477 1370 517 pro
1390 467 1542 506 coloris
1563 466 1775 506 varietate
1793 479 1804 505 ι
1834 476 1969 518 nsque
1989 464 2102 506 adeo
2124 472 2173 506 ut

1293 533 1338 568 et
1362 528 1581 580 principes
1617 529 1843 568 nonnullos
1879 529 1960 568 lloc
1995 528 2172 569 insania

1292 589 1461 630 flabello
1481 592 1722 643 exagitatos
1740 592 1946 642 legamus.
2154 609 2159 613 ⁴

1345 653 1552 703 Religione
1569 653 1806 704 implicaret]
1826 655 1951 693 Metu
1966 654 2175 706 Deorum,

1293 720 1366 753 aut
1401 714 1714 754 instauratione
1732 715 1931 767 religiosa
1948 715 2172 758 ludorum:

1290 789 1376 815 cum
1393 778 1522 826 aliquo
1538 778 1771 817 incommodo
1782 789 1865 830 suo,
1877 779 1974 831 quia
1991 778 2175 818 timebat

1291 843 1338 877 ut
1357 838 1546 877 mendax
1573 839 1627 877 ab
1657 839 1741 879 illis
1771 839 1815 879 in
1847 851 2067 881 carcerem
2098 843 2175 881 de-

1291 900 1422 950 trudi,
1442 907 1515 939 aut
1536 900 1784 942 verberibus
1813 900 1942 955 affici,
1965 908 2040 944 aut
2066 905 2174 944 mul·

1291 968 1380 1002 tam
1401 963 1519 1002 dare.
1547 963 1718 1004 Badius.

1341 1025 1397 1076 §5
1428 1026 1488 1064 Ac
1518 1038 1566 1065 ne
1596 1026 1696 1066 illud
1727 1026 1902 1078 quidm]
1932 1026 2087 1068 Cicero
2115 1027 2171 1067 de

1287 1087 1567 1127 Divinatione
1597 1087 1672 1129 lib.
1687 1099 1718 1128 1.
1747 1089 1819 1129 ubi
1851 1089 2060 1131 Quintum
2086 1089 2170 1132 ἕνα·

1288 1157 1394 1190 trem
1417 1151 1470 1190 de
1490 1163 1536 1191 se
1566 1153 1812 1204 loquentem
1832 1152 2000 1194 inducit
2015 1165 2029 1194 ε
2057 1156 2070 1178 ‘
2085 1154 2173 1195 Ve-

1287 1214 1384 1265 nio,’
1402 1215 1555 1267 inquit,
1574 1215 1586 1238 ‘
1603 1227 1717 1256 nunc
1730 1216 1784 1256 ad
1797 1221 1916 1257 tuum
1932 1217 2139 1258 somnium
2156 1233 2169 1259 t

1288 1277 1429 1315 audivi
1450 1278 1646 1330 equidem
1667 1290 1721 1319 ex
1746 1285 1791 1320 te
1825 1280 1940 1332 ipso,
1970 1280 2046 1320 sed
2066 1281 2172 1321 mihi
2231 1316 2233 1318 .

1286 1339 1439 1390 saepius
1452 1345 1594 1380 noster
1607 1341 1834 1382 Sallustius
1848 1343 2057 1395 narravit,
2070 1355 2171 1384 cum

1285 1401 1328 1441 in
1363 1403 1438 1443 illa
1466 1403 1570 1455 fuga
1605 1403 1727 1444 nobis
1763 1406 1965 1457 gloriosa,
2019 1406 2171 1457 patriae

1285 1465 1551 1517 calamitosa,
1603 1466 1647 1506 in
1680 1467 1780 1508 villa
1810 1469 1994 1520 quadam
2031 1469 2173 1521 campi

1284 1527 1473 1569 Atinatis
1486 1541 1696 1583 maneres,
1709 1541 1991 1586 magnamque
2003 1538 2170 1586 partem

1285 1593 1423 1632 noctis
1463 1594 1704 1646 vigilasses,
1737 1595 1792 1635 ad
1827 1597 1969 1636 lucem
2012 1595 2169 1636 deinde

1283 1661 1401 1696 arcte
1421 1662 1467 1697 et
1486 1659 1677 1709 graviter
1706 1659 1938 1701 dormitare
1974 1661 2173 1712 coepisse.

1283 1719 1439 1771 Itaque
1468 1731 1703 1773 quanquam
1724 1722 1808 1762 iter
1825 1721 2022 1774 instaret,
2041 1729 2086 1763 te
2105 1729 2174 1763 ta«

1286 1794 1393 1822 men.
1419 1783 1638 1823 silentium
1672 1783 1764 1824 fieri
1795 1784 1996 1836 jussisse,
2028 1794 2166 1839 neque

1285 1857 1458 1896 passum
1486 1858 1584 1886 esse
1603 1846 1878 1897 te'excitarh
1905 1858 2002 1888 cum
2022 1852 2168 1890 autem

1285 1903 1569 1959 experrectus
1586 1906 1703 1948 esses
1723 1909 1826 1950 nora
1839 1904 2043 1962 secunda,
2076 1909 2169 1950 fere

1286 1974 1329 2009 te
1361 1970 1440 2010 sibi
1475 1971 1684 2011 somnium
1706 1971 1918 2023 narrasse,
1935 1972 2070 2012 visum
2087 1969 2168 2012 tibi

1285 2044 1414 2083 esse,.
1426 2045 1522 2073 cum
1551 2034 1595 2072 in
1616 2034 1722 2074 locis
1735 2034 1837 2074 solis
1854 2039 2033 2074 moestus
2051 2045 2168 2074 erra-

1284 2106 1370 2146 res,
1385 2095 1432 2136 C.
1451 2096 1638 2136 Marium
1651 2108 1745 2136 eum
1758 2095 1949 2136 fascibus
1962 2096 2167 2136 laureatis

1284 2172 1479 2212 quaerere
1507 2172 1562 2200 ex
1592 2166 1636 2200 te
1657 2159 1760 2213 quid
1779 2160 1844 2200 ita
1858 2160 2001 2211 tristis
2021 2171 2168 2210 esses;

1284 2234 1463 2275 cumque
1485 2227 1530 2263 tu
1549 2229 1592 2263 te
1610 2224 1750 2274 patria
1770 2223 1991 2274 expulsum
2012 2223 2054 2263 vi
2072 2235 2166 2263 esse

1283 2285 1479 2336 dixisses,
1501 2285 1782 2336 prehendisse
1814 2296 1911 2325 eum
1941 2286 2166 2326 dexteram

1285 2354 1418 2399 tuam,
1445 2354 1491 2388 et
1513 2348 1622 2388 bono
1641 2348 1781 2388 animo
1802 2353 1848 2387 te
1865 2358 1958 2388 esse
1969 2348 2166 2400 jussisse,

1282 2410 1510 2462 lictorique
1542 2410 1739 2461 proximo
1770 2410 2012 2463 tradidisse,
2042 2418 2092 2452 ut
2116 2411 2166 2452 'te

1281 2473 1325 2512 in
1353 2478 1674 2514 monumentum
1694 2485 1815 2513 suum
1835 2473 2092 2526 deduceret,
2120 2479 2167 2515 et

1281 2536 1458 2586 dixisse,
1487 2537 1529 2575 in
1550 2548 1603 2576 eo
1623 2536 1705 2575 tibi
1724 2537 1904 2575 salutem
1923 2536 2044 2587 fore;
2073 2542 2164 2578 tum

1281 2603 1326 2637 et
1359 2610 1405 2637 se
1437 2599 1699 2638 exclamasse
1731 2598 1961 2638 Sallustius
1999 2604 2163 2649 narrat,

1281 2661 1497 2700 redditum
1523 2661 1602 2700 tibi
1637 2660 1824 2700 celerem
1854 2665 1900 2699 et
1934 2661 2164 2712 gloriosum

1281 2729 1494 2776 paratum,
1523 2729 1569 2763 et
1602 2728 1646 2763 te
1683 2723 1822 2774 ipsum
1845 2723 1981 2762 visum
1999 2724 2164 2764 somnio

1279 2786 1513 2836 delectari;
1545 2797 1642 2824 nam
1677 2784 1783 2824 illud
1812 2785 1915 2824 mihi
1943 2785 2028 2837 ipsi
2049 2788 2162 2827 cele-

1279 2848 1386 2888 riter
1405 2848 1648 2887 nuntiatum
1669 2852 1753 2898 est,
1776 2851 1825 2887 ut
1850 2847 2089 2889 audivisses
2117 2851 2162 2889 in

1278 2917 1554 2952 monumento
1573 2904 1704 2949 Marii
1723 2909 1778 2949 de
1798 2915 1872 2949 tuo
1887 2910 2030 2950 reditu
2048 2923 2165 2964 mag.

1278 2974 1646 3014 nificentissimum
1666 2971 1773 3012 illud
1804 2973 2162 3017 senatusconsul-

1279 3042 1367 3075 tum
1388 3048 1483 3076 esse
1504 3035 1686 3088 factum,
1703 3034 1918 3076 referente
1937 3036 2097 3088 optImo
2113 3042 2163 3077 et

1277 3100 1508 3141 clarissimo
1526 3101 1579 3140 P.
1601 3100 1782 3140 Lentulo
1803 3099 2003 3152 Consule,
2027 3100 2160 3153 idque

1275 3163 1623 3216 frequentissimo
1670 3163 1858 3211 theatro,
1916 3162 2161 3204 incredibili

1277 3227 1461 3267 clamore
1478 3233 1520 3267 et
1537 3228 1689 3278 plausu
1707 3224 2050 3277 comprobatum,
2069 3226 2162 3266 dix·

1278 3291 1359 3330 isse
1375 3284 1436 3341 te,
1449 3291 1553 3330 nihil
1569 3289 1738 3330 Atinati
1750 3287 1911 3328 somnio
1928 3287 2022 3328 fieri
2035 3301 2159 3340 posse

1274 3352 1490 3393 divinius?
1761 3352 1764 3355 ¹

1326 3419 1352 3455 2
1373 3416 1476 3455 Urbe
1487 3414 1646 3467 pulsus]
1660 3412 1842 3454 Scilicet
1857 3413 2008 3463 Roma,
2023 3411 2157 3464 (quod

1273 3477 1338 3518 bis
1356 3479 1554 3532 contigit,
1566 3477 1641 3518 sed
1662 3476 1781 3530 prius
1801 3475 1985 3528 gloriose
2004 3476 2153 3524 rediit.
