2346 3996
370 267 513 322 1348

373 401 428 442 de
460 400 687 452 largitione
708 405 750 440 et
768 402 1034 453 corruptela,
1048 414 1131 454 qua
1147 403 1251 442 mul-

370 464 404 503 ti
440 464 626 503 illustres
659 463 739 503 viri
772 463 965 504 damnati
993 470 1109 505 sunt.
1164 465 1251 506 Ubi

368 538 566 566 socerum
595 538 716 566 suum
752 526 994 578 Scipionem
1031 527 1108 568 hac
1153 529 1250 579 lege

368 590 559 629 damnari
590 590 802 641 percepit,
831 602 931 631 cum
958 592 1168 632 trecentis
1202 598 1250 632 et

954 284 1131 324 No'rAE

363 653 588 705 sexaginta
613 653 833 705 judicibus
853 654 956 707 egit,
985 659 1034 694 ut
1066 654 1248 706 opitula-

363 722 513 758 rentur
525 728 673 757 socero
689 731 701 758 ε
719 725 965 770 accusator,
975 719 1248 771 cumjudices

364 778 534 821 videret
570 792 594 820 e
628 779 724 820 foro
759 782 963 834 prosequi
993 782 1251 835 Scipionem,

364 843 567 883 continuo
595 842 808 894 judicium
846 844 1021 886 dimisit.
1077 846 1248 886 Plutar-

363 906 467 945 chus
482 906 526 967 in
539 906 644 946 Vita
660 907 859 959 Pompeii
875 922 885 948 :
904 909 917 932 ‘
933 908 1080 961 Hinc,'
1092 911 1248 963 inquit,

363 969 376 991 ‘
399 969 583 1010 ambitus
597 970 772 1022 judiciis
791 971 1000 1024 incubuit,
1012 972 1125 1025 leges
1144 974 1249 1014 scri-

363 1033 484 1086 bens,
505 1046 584 1087 per
602 1046 706 1087 quas
733 1035 902 1089 judicia
927 1037 1249 1081 constitueban-

364 1102 436 1138 tur
454 1110 466 1147 ;
503 1097 547 1137 in
565 1098 738 1138 caeteris
760 1111 805 1139 se
830 1100 1058 1141 honestum
1076 1106 1120 1142 et
1139 1102 1248 1142 inte-

363 1172 487 1212 grum
520 1162 734 1212 servavit3
767 1164 1014 1216 praesidium
1036 1165 1248 1205 ordinem·

364 1236 448 1277 que
469 1225 591 1265 simul
624 1230 671 1266 et
699 1227 892 1279 quietem
923 1227 968 1267 in
1003 1227 1123 1267 curia
1150 1240 1248 1268 cum

362 1287 538 1329 cohorte
557 1290 795 1341 praesidens
827 1290 1009 1342 judiciis
1038 1290 1247 1343 praebuit:

358 1353 406 1393 in
441 1354 642 1406 Scipione
676 1359 820 1394 tamen
847 1366 1014 1405 socero,
1044 1354 1116 1406 qui
1147 1366 1249 1395 con-

362 1416 559 1456 demnari
580 1416 823 1469 videbatur,
841 1416 1004 1457 crimen
1024 1429 1111 1457 non
1143 1415 1249 1458 effu-

361 1480 451 1531 git3
477 1479 591 1531 apud
617 1492 663 1520 se
693 1480 805 1520 enirn
828 1479 1036 1520 trecentis
1055 1485 1101 1520 et
1125 1493 1248 1520 sexa-

361 1542 477 1593 ginta
485 1542 705 1594 jndicibus
722 1542 838 1583 domi
852 1544 1115 1596 convocatis,
1129 1544 1248 1584 auxi·

360 1605 465 1645 lium
486 1605 547 1644 illi
563 1605 723 1647 attulit.
781 1607 926 1648 Quare
946 1614 1173 1648 accusator
1193 1607 1246 1648 ab

361 1669 427 1708 rei
447 1668 719 1721 impetitione
738 1669 929 1720 destitit,
958 1682 1056 1711 cum
1083 1671 1247 1723 Scipio-

358 1743 458 1772 nem
492 1732 671 1775 vidisset
715 1732 858 1774 medio
902 1729 997 1774 foro
1025 1733 1246 1786 judicibus

359 1796 642 1838 comitatum!
670 1797 783 1837 Item
797 1798 925 1850 paulo
944 1797 1085 1840 infra:
1106 1798 1119 1821 ‘
1136 1800 1247 1840 Post

357 1873 519 1912 paucos
537 1862 667 1902 etiam
683 1861 776 1901 dies
792 1861 997 1914 Hipsaeus
1013 1862 1078 1902 vir
1096 1875 1246 1903 consu-

359 1923 462 1962 laris
472 1923 684 1976 judicium
718 1925 879 1974 vitans,
910 1925 1086 1977 cognito
1117 1927 1245 1966 Pom-

356 1987 500 2038 peium
531 1987 586 2028 ad
611 1999 777 2028 coenam
810 2000 834 2027 e
866 1987 1017 2029 balneo
1049 1988 1128 2040 ire,
1153 1990 1244 2042 ejus

357 2051 538 2102 genibus
559 2051 778 2102 accubuit,
802 2063 985 2104 eumque
1017 2051 1244 2093 obsecrare

359 2115 495 2167 coepit
512 2129 522 2155 ε
543 2115 617 2154 sed
637 2115 874 2167 Pompeius
888 2127 986 2156 cum
1005 2114 1124 2157 fastu
1144 2128 1242 2157 eum

356 2177 589 2230 praeteriit,
601 2179 738 2229 illum,
750 2179 964 2231 iuquiens,
980 2190 1145 2219 coenam
1158 2179 1243 2220 sibi

357 2241 642 2293 disperdere.'
673 2242 822 2283 Oliver.

410 2305 594 2346 Socerum
611 2305 744 2356 suum]
786 2305 900 2345 Nam
934 2305 1175 2347 Corneliam
1194 2305 1245 2346 fi-

354 2368 458 2410 liam
470 2369 679 2421 Pompeio
692 2368 876 2410 dederat
890 2381 1068 2409 uxorem
1079 2369 1244 2422 Scipio.

357 2433 484 2473 Idem.

410 2496 519 2548 Ipse]
548 2495 724 2537 Scilicet
744 2495 991 2548 Pompeius.

411 2561 480 2612 §4
510 2560 652 2612 Facto]
699 2558 824 2602 Quod
859 2560 975 2600 inter
1002 2558 1154 2611 epulas
1173 2571 1243 2600 ca-

358 2630 438 2676 put
458 2623 555 2664 Rufi
576 2629 801 2665 tractaret.

411 2687 555 2739 Dicto]
603 2688 731 2729 Quod
752 2700 798 2728 se
816 2688 934 2728 illum
966 2688 1166 2739 ignorare
1184 2687 1246 2727 di-

357 2758 495 2792 ceret.

411 2815 588 2868 Superba
610 2817 658 2856 de
675 2816 875 2867 senatore]
919 2815 970 2855 In
1002 2820 1242 2855 senatorem

358 2879 589 2931 superbus,
619 2879 734 2932 quod
772 2879 907 2929 illum,
937 2889 1062 2931 quem
1095 2891 1242 2919 omnes

357 2950 584 2995 noverant,
606 2955 651 2983 se
670 2945 867 2996 ignorare
881 2943 1062 2984 diceret.
1093 2944 1242 2986 Oliver.

411 3007 609 3058 Impotens
627 3008 674 3046 de
686 3006 830 3057 occiso]
857 3006 988 3049 Quod
1003 3006 1095 3058 ejus
1110 3012 1243 3059 caput

358 3070 431 3111 diu
451 3075 784 3126 pertractatum,
812 3076 1014 3123 tanquam
1034 3070 1244 3122 ignotum,

360 3133 582 3186 abjecerit.
613 3134 740 3174 Idem.

411 3198 531 3237 Ex'r.
560 3199 583 3250 ς
615 3201 636 3238 1
668 3197 862 3238 Instituta
894 3194 1080 3246 Persica]
1127 3196 1241 3236 Nam

356 3271 477 3300 more
498 3261 730 3301 Persarum
746 3272 792 3301 se
811 3259 978 3300 adorari
996 3271 1142 3311 passus
1162 3266 1243 3311 est,

357 3323 431 3374 qui
468 3324 583 3376 apud
620 3334 692 3364 eos
726 3321 944 3364 salutandi
980 3322 1131 3363 modus
1161 3329 1244 3364 est.

363 3385 513 3427 Oliver.

413 3449 606 3489 Divinum
623 3454 738 3501 caput
754 3449 962 3489 oemulatus
979 3447 1056 3499 est]
1091 3446 1240 3488 Imita-

363 3516 431 3553 tus
459 3519 526 3554 est
549 3513 737 3555 divinam
758 3513 1050 3566 majestatem,
1068 3516 1240 3564 sumpto

1176 284 1505 327 vARtoRUM

1550 289 1614 327 IN

1314 402 1501 455 fastigio,
1520 404 1748 460 divinaque
1779 419 1954 459 corona,
1973 420 2059 461 qua
2077 409 2193 450 Deo·

1314 479 1406 521 rum
1426 469 1570 519 capita
1589 475 1865 511 coronantur.
1893 470 2018 511 Idem.
2071 470 2190 511 Divi-

1312 543 1403 570 num
1430 536 1545 582 caput
1580 533 1785 573 oemulotus
1819 533 1897 584 est]
1950 533 2019 573 Ita
2052 534 2192 584 vulgo.

1312 594 1467 635 Dictio
1497 601 1613 647 caput
1642 596 1686 635 in
1710 595 1996 636 Wincheliano
2016 607 2100 636 non
2120 597 2191 636 ha-

1311 658 1465 698 betur:
1511 663 1556 698 et
1582 658 1755 710 quidem
1787 659 2101 699 contaminatus
2125 665 2193 699 cst

1309 722 1445 763 locus.
1502 722 1554 762 In
1591 723 1834 775 Campensi‚
1866 724 2193 774 humanatam,

1312 790 1357 825 et
1393 784 1689 837 Atrebatensi,
1724 786 1897 825 divinum
1929 790 2045 838 eaput
2075 788 2194 839 lam,

1311 847 1530 888 scribitur.
1563 850 1616 890 In
1635 849 1816 889 Susiano
1835 854 1998 900 autem,
2015 849 2193 890 divinum

1309 915 1522 962 aucupatus
1548 915 1620 952 est.
1680 911 1791 953 Quae
1824 922 1926 951 sane
1959 912 2089 952 lectio
2107 924 2192 953 non

1311 974 1419 1014 adeo
1441 974 1752 1015 contemnenda
1771 974 1959 1014 videtur.
1987 975 2110 1025 Pigh.

1364 1040 1432 1091 §2
1462 1038 1641 1097 Xerxes]
1670 1037 1831 1078 Xerxis
1863 1038 1958 1089 ipsa
1989 1037 2193 1090 superbia

1312 1102 1598 1152 cognoscitur,
1626 1113 1721 1154 quae
1750 1105 1872 1140 tant-a
1891 1100 1934 1140 in
1954 1111 2006 1140 eo
2024 1098 2125 1151 fuit,
2144 1106 2194 1141 ut

1311 1163 1443 1203 etiam
1463 1164 1564 1215 ipsis
1583 1165 1679 1204 Diis
1699 1163 1887 1203 minitari
1900 1175 2026 1203 ausus
2045 1162 2194 1214 fuerit,

1313 1231 1360 1266 ut
1373 1226 1605 1277 compedes
1614 1227 1840 1278 Neptuno:
1855 1226 1909 1266 de
1921 1237 2006 1278 quo
2019 1225 2193 1277 quidam

1312 1288 1452 1328 dixit:
1497 1291 1508 1312 ‘
1533 1289 1620 1332 Qui
1654 1301 1786 1336 mare,
1826 1289 1899 1341 qui
1935 1294 2086 1340 terras,
2120 1289 2193 1342 qui

1312 1353 1466 1392 coelum
1485 1353 1656 1392 territat
1674 1351 1834 1393 armis!
1866 1351 2015 1392 Oliver.

1367 1417 1462 1455 Tam
1496 1417 1726 1465 difformiter
1758 1414 1876 1466 victi]
1931 1415 2018 1457 Qui
2053 1416 2195 1456 navali

1310 1480 1459 1532 proelio
1497 1493 1523 1520 a
1550 1480 1839 1520 Themistocle
1872 1484 2120 1531 superatus,
2148 1481 2192 1520 in

1310 1544 1495 1595 patriam
1516 1544 1743 1596 piscatoria
1763 1544 1862 1584 navi
1881 1543 2069 1597 turpiter
2086 1543 2192 1585 effu-

1308 1619 1412 1659 gere
1433 1614 1608 1648 coactus
1624 1613 1707 1647 est.
1734 1608 1858 1648 Idm.

1363 1672 1384 1722 ᾗ
1405 1674 1429 1710 3
1458 1671 1632 1711 Annibal
1657 1675 1805 1723 autem,
1821 1670 1911 1723 aa]
1952 1670 2025 1711 De
2044 1683 2192 1724 super-

1308 1736 1394 1788 bia,
1420 1750 1502 1790 qua
1525 1749 1626 1777 usus
1643 1735 1777 1777 fuerit
1802 1735 2007 1788 Annibal,
2033 1741 2082 1776 ut
2098 1748 2193 1777 suo-

1308 1811 1402 1839 rum
1421 1801 1635 1840 neminem
1669 1799 1908 1850 admiserit,
1941 1804 1990 1840 ut
2015 1812 2191 1852 respon-

1308 1875 1400 1902 sum
1421 1875 1500 1915 per
1515 1863 1796 1915 interpretem
1818 1862 2002 1914 dederit,
2020 1863 2186 1913 Livius,

1308 1925 1380 1977 qui
1418 1927 1684 1967 Cannensem
1732 1937 1921 1978 pugnam
1959 1925 2186 1966 ambitiose

1311 1987 1538 2039 describit,
1561 1989 1719 2028 nullam
1741 2000 1912 2040 prorsus
1930 1988 2190 2028 mentionem

1305 2051 1443 2103 facit;
1487 2052 1675 2106 quinimo
1710 2058 1811 2105 post
1843 2052 2064 2093 victoriam
2093 2064 2191 2093 suos

1305 2117 1368 2156 illi
1398 2116 1719 2168 congratulatus
1746 2114 1879 2155 fuisse
1903 2114 2037 2155 dicit:
2083 2115 2190 2155 eum

1307 2179 1454 2220 caeteri
1474 2176 1724 2219 circumfusi
1741 2178 2082 2229 gratularentur,
2099 2189 2194 2218 sua-

1305 2242 1566 2294 derentque,
1579 2246 1629 2281 ut
1648 2246 1772 2281 tanto
1786 2238 2040 2293 perfunctus
2060 2239 2191 2286 bello,

1306 2304 1392 2345 diei
1423 2303 1538 2358 quod
1568 2304 1778 2357 reliquum
1806 2309 1940 2354 esset,
1964 2302 2191 2356 noctisque

1306 2367 1590 2421 insequentis,
1635 2367 1827 2420 quietem
1872 2371 1919 2407 et
1963 2366 2057 2418 ipse
2107 2366 2191 2407 sibi

1308 2437 1517 2482 sumeret,
1554 2436 1601 2471 et
1638 2430 1763 2470 fessis
1797 2429 1926 2470 daret
1956 2429 2189 2481 militibus3

1306 2495 1533 2536 Maharbal
1553 2493 1790 2547 praefectus
1809 2493 2002 2546 equitum
2017 2494 2192 2535 minime

1305 2558 1556 2599 cessandum
1594 2564 1746 2596 ratus:
1776 2555 1871 2596 Imo
1893 2562 1942 2596 ut
1973 2555 2076 2608 quid
2110 2556 2193 2597 hac

1306 2633 1451 2674 pugna
1488 2620 1544 2659 sit
1578 2625 1722 2660 actum
1752 2619 1861 2659 scias
1892 2618 2097 2670 Annibal,
2120 2619 2192 2660 die

1305 2685 1473 2737 quinto,
1509 2683 1663 2736 inquit,
1702 2682 1839 2722 victor
1883 2682 1928 2722 in
1974 2681 2192 2734 Capitolio

1306 2746 1577 2799 epulaberis-13
1613 2757 1794 2798 sequere
1822 2756 1921 2785 cum
1950 2745 2116 2797 equite,
2142 2750 2193 2785 ut

1306 2811 1423 2863 prius
1471 2817 1515 2850 te
1561 2810 1747 2859 venisse,
1783 2820 1912 2861 quam
1948 2813 2191 2856 venturum,

1305 2873 1447 2914 sciant
1481 2872 1667 2913 inimici:
1698 2871 1887 2913 Annibal
1905 2871 2056 2925 inquit,
2089 2872 2191 2912 laeta

1306 2948 1373 2976 res
1393 2943 1478 2988 est,
1498 2935 1574 2976 sed
1595 2935 1664 2975 via
1694 2935 1848 2988 major,
1874 2947 2002 2988 quam
2022 2939 2069 2976 ut
2095 2947 2191 2976 eam

1306 3001 1451 3042 statim
1472 3011 1629 3052 capere
1650 2999 1790 3039 animo
1808 2999 1980 3051 possim.
2035 2999 2192 3051 Itaque

1305 3066 1571 3106 voluntatem
1613 3074 1659 3103 se
1706 3063 1972 3103 Maharbalis
2015 3061 2192 3103 laudare

1307 3129 1384 3179 ait,
1414 3127 1468 3167 ad
1489 3125 1713 3167 consilium
1736 3124 2002 3176 pensandum
2025 3129 2189 3175 tempo-

1306 3193 1364 3232 ris
1384 3203 1491 3242 opus
1512 3202 1624 3230 esse.
1679 3190 1785 3228 Tum
1817 3186 2057 3238 Maharbal,
2089 3187 2190 3227 Non

1305 3257 1448 3297 omnia
1486 3254 1682 3294 nimirum
1721 3253 1862 3292 eidem
1895 3251 1968 3292 Dii
2006 3251 2191 3301 dedere;

1305 3321 1476 3359 vincere
1514 3317 1599 3358 scis
1641 3316 1844 3363 Annibal,
1893 3313 2078 3355 victoria
2124 3312 2189 3354 uti

1304 3382 1460 3423 nescis.
1516 3379 1643 3423 Quod
1664 3379 1779 3418 idem
1798 3377 1933 3418 tradit
1951 3381 1997 3417 et
2014 3377 2188 3417 Plutar-

1304 3447 1408 3486 chus
1428 3445 1472 3484 in
1494 3443 1584 3484 vita
1613 3441 1853 3491 Annibalis,
1870 3452 1952 3481 nec
1974 3437 2186 3492 superbiae

1306 3510 1431 3550 ullam
1451 3518 1627 3561 prorsus
1640 3505 1900 3547 mentionem
1916 3503 2034 3545 facit.
2067 3503 2187 3543 Idem.
