2346 3996
526 321 786 364 vAhssRu
828 320 1068 359 MAXlMI

189 452 269 495 rat,
285 447 328 487 in
347 457 428 498 qua
446 443 508 484 ita
527 453 573 482 se
593 440 741 493 gessit,
758 443 806 478 ut
826 436 1066 477 exercitum

188 511 421 558 amitteret,
435 505 607 548 barbari
630 502 789 542 infesta
808 500 950 540 omnia
970 498 1065 538 red-

188 566 359 623 derent,
377 583 427 612 ac
447 581 520 609 eos
543 567 623 610 sibi
652 566 870 618 ingentem
891 561 1068 615 pecuni-

188 649 254 676 am
269 634 459 688 pendere
473 636 666 683 cogeret,
688 627 875 680 vectigal
891 621 942 666 ac
967 636 1066 677 por-

189 699 345 741 torium
372 694 769 750 Dyrrhachinorum
790 690 834 731 in
854 694 1068 743 quaestuni

190 775 311 805 suum
332 765 541 810 verteret,
559 757 898 810 Byzantinorum
920 752 1071 793 urbem

189 826 391 868 hostilem
411 824 454 864 in
474 822 644 863 modum
664 823 864 860 vexaret:
895 816 1069 857 nobilis-

191 891 316 932 simas
337 888 469 929 etiam
490 884 677 936 virgines
695 882 810 922 fama
830 884 923 920 erat
953 891 998 919 se
1027 878 1070 917 in

192 958 346 1004 puteos
366 949 595 1001 abjecisse,
614 951 660 987 et
677 950 815 985 morte
831 942 1071 984 voluntaria

193 1014 479 1056 necessariam
499 1008 812 1063 turpitudinem
833 1006 1068 1058 depulisse.

196 1079 347 1121 olive-r.

248 1144 271 1195 ς
289 1146 315 1183 7
346 1139 519 1188 Quintus
539 1135 718 1188 Flavius]
757 1134 945 1178 Quintus
975 1134 1071 1174 Fla-

193 1205 287 1246 vius
318 1215 415 1245 rens
435 1207 586 1243 actus:
614 1201 727 1240 hunc
755 1198 987 1240 Fimbriam
1007 1196 1074 1237 fu-

192 1269 276 1311 isse
292 1267 558 1321 conjicimus,
570 1276 697 1319 quem
715 1263 994 1304 saevissimum
1014 1262 1073 1302 le-

196 1332 352 1385 gimus,
368 1330 532 1383 quippe
551 1330 700 1370 Cinnae
721 1327 971 1377 satellitem,
1002 1325 1075 1379 qni

196 1399 363 1448 postea,
379 1393 556 1435 Valerio
577 1393 731 1432 Flacco
750 1390 941 1441 consule,
960 1390 1094 1444 lega-—

197 1465 266 1499 tus
286 1459 329 1499 in
346 1456 494 1498 Asiam
525 1454 762 1508 profectus,
797 1466 875 1506 per
907 1453 1078 1494 simula·

199 1522 359 1562 tionem
391 1520 606 1570 dimissus,
635 1523 840 1570 corrupto
870 1517 1079 1567 exercitu,

199 1584 354 1626 ducem
373 1582 720 1625 interficiendum
736 1581 918 1622 curavit.
957 1581 1077 1633 Ipse,

198 1649 408 1701 correptis
421 1647 621 1699 fascibus,
638 1646 903 1699 provinciam
917 1647 1079 1698 ingres-

201 1724 288 1763 sus,
318 1712 620 1753 Mithridatem
650 1711 864 1763 Pergamo
895 1709 1080 1762 expulit.

199 1775 328 1827 Ilion,
341 1775 413 1816 ubi
426 1775 591 1816 tardius
604 1780 742 1827 portae
758 1773 1079 1826 aperiebantur,

200 1839 373 1880 incendi
391 1839 535 1891 jussit.
590 1839 647 1879 Et
668 1838 828 1891 populo
851 1836 1081 1877 visceratio

199 1914 226 1942 a
243 1903 395 1944 Marco
417 1902 567 1943 Flavio
580 1902 737 1942 datain
748 1900 901 1941 funere
917 1899 1081 1940 matris.

202 1966 421 2020 Erantqui
439 1978 518 2018 per
528 1965 716 2018 speciem
734 1964 993 2004 honorandae
1009 1976 1083 2016 pa·

202 2030 335 2072 tentis
354 2031 551 2071 meritam
571 2028 816 2069 mercedem
836 2028 996 2079 populo
1017 2039 1083 2067 so-

200 2092 331 2134 lutam
349 2086 754 2144 interpretarentur,
768 2090 881 2142 quod
904 2101 999 2128 eum
1014 2084 1089 2128 die

202 2155 323 2196 dicta
354 2155 408 2195 ab
434 2154 632 2195 aedilibus
660 2153 840 2194 crimine
875 2157 1082 2203 stupratae

204 2218 533 2260 matrisfamilias
551 2218 820 2258 absolvisset.
850 2216 955 2255 Oliv.

260 2282 314 2327 Q.
338 2281 500 2322 Flavius
517 2279 679 2331 Augur]
709 2280 857 2319 Livius
874 2283 999 2319 vocat
1019 2279 1083 2317 M.

205 2346 416 2398 Flavium,
432 2358 514 2387 nec
534 2345 652 2386 addit
671 2356 908 2396 cognomen
937 2342 1085 2395 Augu-

209 2411 283 2450 ris.
316 2410 446 2452 Celer.

261 2472 436 2517 Servilia
462 2472 566 2525 lege]
594 2473 711 2525 Lege
746 2472 930 2513 Servilia
963 2484 1085 2525 repe·

210 2536 436 2577 tundarum
452 2549 464 2586 ;
482 2537 664 2590 (Ascon.
676 2537 906 2577 Paedianus
921 2536 975 2577 ad
992 2538 1086 2577 haec

209 2602 342 2644 verba
361 2601 613 2643 Ciceronis:
644 2602 656 2623 ‘
679 2602 793 2642 Reus
813 2606 881 2641 est
899 2599 1041 2641 factus
1062 2613 1088 2641 a

209 2666 264 2709 Q.
295 2665 475 2715 Servilio
508 2665 715 2717 Caepione
755 2665 852 2717 lege
888 2663 1087 2715 Servilia,

207 2742 302 2770 cum
310 2729 478 2782 judicia
490 2740 622 2781 penes
636 2731 879 2782 equestrem
893 2727 1086 2767 ordinem

209 2799 368 2844 essent,
397 2797 444 2833 et
472 2792 525 2832 P.
544 2792 705 2832 Rutilio
733 2792 934 2831 damnato
962 2803 1087 2832 nemo

209 2861 300 2897 tam
317 2855 521 2896 innocens
541 2855 778 2906 videretur,
794 2860 843 2894 ut
861 2866 946 2894 non
966 2854 1089 2894 time-

211 2925 280 2960 ret
312 2920 385 2960 illa
406 2919 434 2959 ι’
465 2920 521 2962 Q.
557 2918 761 2958 Servilius
782 2918 929 2971 Caepio
957 2918 1090 2958 Scau-

209 2994 319 3034 rum,
340 2982 395 3022 ob
408 2981 632 3033 legationis
646 2979 852 3022 Asiaticae
872 2981 1092 3032 invidiam,

210 3053 256 3089 et
275 3048 483 3088 adversus
499 3048 619 3099 leges
646 3047 927 3099 pecuniarum
947 3052 1093 3098 capta-

212 3124 468 3164 runuseum
488 3110 596 3153 fecit
616 3112 952 3164 repetundarum
980 3113 1094 3164 lege,

217 3189 344 3229 quam
393 3176 493 3216 tulit
543 3176 748 3216 Servilius
788 3174 1006 3227 Glaucia.)
1039 3187 1093 3214 ne

219 3240 314 3292 quis
345 3241 514 3282 scilicet
544 3241 712 3292 legatus
733 3241 962 3293 pecuniam
981 3240 1094 3279 acci-

215 3307 358 3354 peret,
387 3304 502 3344 sicut
529 3305 716 3344 Scaurus
734 3291 979 3356 acceperat.
1034 3303 1095 3342 Et

216 3365 608 3406 bunc.Coscouium
644 3366 864 3419 accepisse
892 3365 1094 3418 intelligi-

217 3441 322 3469 mus.
354 3429 504 3469 Olirer.

280 3492 430 3533 Valerii
474 3492 687 3543 Valentini]
744 3494 922 3547 Ignotus
960 3505 1094 3546 prope

221 3556 355 3597 hodie
389 3555 573 3607 scriptor
608 3555 768 3608 absque
807 3559 936 3599 Festo
972 3559 1097 3598 Pom-

324 3623 467 3675 Delph.
484 3627 521 3663 et
538 3623 636 3664 Var.
659 3625 763 3664 Clas.

1011 3625 1097 3665 Vat.
1120 3626 1237 3665 Max.

1867 303 2009 356 1281

1132 435 1230 487 peio
1265 440 1401 476 esset:
1450 434 1706 488 Tappulam,
1743 433 1881 483 legem
1914 445 2012 472 con-

1131 499 1328 550 vivalem,
1384 499 1485 540 ficto
1538 499 1706 540 nomine
1754 498 2012 549 conscripsit

1124 562 1277 613 jocoso
1304 564 1492 603 carmine
1511 562 1710 602 Valerius
1730 559 2007 601 Valentinus.

1135 625 1265 665 Coler.

1187 690 1360 730 Puerum
1384 692 1686 743 praetextatum]
1714 690 1904 730 Puerum
1941 701 2013 729 no-

1135 753 1291 794 bilem:
1337 767 1432 794 nam
1467 761 1685 807 praetexta
1722 753 1888 794 nobiles
1924 759 2015 793 ute-

1134 817 1305 858 bantur.
1364 820 1520 868 Quam,
1560 824 1672 859 teste
1703 818 1900 858 Macrob.
1931 819 2017 869 pri-

1134 894 1224 922 mus
1235 883 1288 923 T.
1303 883 1514 923 Hostilius
1534 895 1610 923 rex
1628 884 1915 923 Romanorum
1934 889 2019 923 ter-

1135 946 1235 998 tius,
1255 947 1486 987 debellatis
1508 946 1753 997 Hetruscis,
1787 952 1833 985 ut
1867 947 2018 986 Romae

1134 1010 1384 1061 haberetur,
1405 1010 1617 1058 instituit;
1646 1009 1721 1049 sed
1759 1016 2019 1061 praetextam

1136 1074 1207 1115 illo
1246 1074 1406 1114 saeculo
1446 1074 1623 1126 puerilis
1661 1085 1746 1112 non
1785 1072 2021 1123 usurpabat

1136 1145 1261 1180 aetas.
1320 1139 1380 1179 At
1418 1143 1572 1190 postea
1605 1137 1827 1190 Tarquinii
1861 1138 2020 1176 Dema-

1138 1205 1221 1244 rati
1242 1202 1383 1243 exulis
1402 1201 1515 1241 filius
1538 1201 1735 1252 Priscus,
1755 1212 1829 1240 rex
1850 1199 2030 1253 quintus>

1138 1280 1162 1307 a
1180 1267 1376 1316 Romulo,
1405 1265 1460 1305 de
1479 1264 1652 1306 Sabinis
1676 1264 1956 1315 triumphans,
1975 1261 2023 1302 fi-

1139 1332 1240 1372 lium
1270 1342 1391 1371 suum
1421 1341 1554 1369 annos
1587 1327 1912 1381 quatuordecim
1949 1338 2024 1366 na-

1141 1400 1245 1446 tum,
1265 1394 1378 1448 quod
1400 1394 1441 1433 in
1462 1393 1576 1434 bello
1596 1393 1762 1432 hostem
1782 1403 1908 1431 manu
1927 1402 2025 1442 per-

1141 1463 1351 1509 cusserat,
1379 1470 1458 1510 pro
1497 1455 1704 1497 concione
1737 1454 1948 1503 laudavit,
1978 1459 2024 1494 et

1142 1526 1358 1575 praetexta
1403 1520 1596 1560 donavit.
1652 1518 1769 1558 Hinc
1808 1517 2023 1558 deductus

1142 1599 1250 1637 mos,
1269 1589 1315 1624 ut
1338 1588 1555 1636 praetexta
1576 1583 1618 1622 in
1651 1594 1772 1622 usum
1795 1592 2023 1633 puerorum

1141 1649 1347 1689 nobilium
1366 1653 1657 1700 usurparetur.
1671 1648 1749 1686 Est
1762 1651 1902 1686 autem
1920 1657 2027 1697 prae·

1145 1719 1267 1754 texta
1288 1717 1390 1765 toga
1417 1713 1484 1753 cui
1526 1722 1717 1764 purpura
1756 1708 2027 1762 praetexitur.

1147 1777 1296 1818 Oliver.

1198 1842 1267 1894 §9
1293 1842 1521 1892 Attingam,
1541 1839 1629 1893 ἔξω]
1660 1838 1864 1879 Dicturus
1897 1837 2027 1876 Vale-

1146 1905 1233 1944 rius
1253 1905 1307 1944 de
1327 1906 1408 1955 his,
1426 1905 1499 1958 qui
1520 1917 1616 1945 cum
1641 1908 1849 1943 nocentes
1871 1906 2033 1950 essent,

1147 1968 1330 2009 absoluti
1350 1975 1449 2009 sunt
1466 1969 1603 2021 gratia
1618 1967 1826 2019 majorum
1842 1977 2031 2012 suorum,

1147 2034 1200 2073 ab
1221 2032 1333 2074 Aulo
1354 2032 1489 2073 Atilio
1512 2031 1712 2073 Calatino
1746 2029 1929 2081 sumpsit
1954 2041 2030 2068 ex-

1148 2097 1420 2150 ordium,qui
1453 2110 1550 2137 cum
1583 2097 1702 2136 Sorae
1731 2093 1891 2146 oppido
1922 2103 2031 2143 prae·

1148 2167 1262 2202 esset
1283 2161 1397 2201 bello
1418 2160 1600 2211 Punico,
1622 2171 1706 2212 quo
1729 2162 1923 2208 tempore
1947 2154 2033 2195 An-

1148 2225 1264 2265 nibal
1285 2225 1455 2265 Italiam
1476 2223 1680 2273 vastavit,
1700 2227 1746 2262 et
1766 2221 1879 2260 illius
1910 2219 2031 2271 oppi-

1148 2286 1193 2326 di
1222 2287 1338 2327 cives
1366 2287 1422 2328 ad
1458 2286 1712 2327 Annibalem
1748 2281 2030 2331 defecissent,

1150 2351 1336 2402 suspicio
1358 2350 1454 2402 fuit,
1474 2350 1515 2390 id
1539 2348 1722 2390 Calatini
1745 2347 1924 2388 consilio
1942 2345 2032 2385 fac-

1149 2420 1254 2455 tum.
1315 2415 1367 2454 In
1395 2414 1608 2467 judicium
1642 2414 1790 2465 itaque
1810 2410 2030 2451 Calatinus

1149 2478 1331 2531 rapitur,
1358 2490 1438 2518 nec
1458 2477 1630 2517 dubium
1653 2481 1764 2526 erat,
1783 2476 1883 2528 quin
1913 2487 1936 2513 a
1958 2486 2031 2524 po-

1149 2542 1250 2594 pulo
1271 2540 1564 2590 damnaretur,
1584 2540 1663 2580 nisi
1683 2551 1820 2591 pauca
1836 2539 1891 2580 Q.
1908 2537 2035 2576 Fabii

1149 2605 1332 2646 Maximi
1361 2605 1493 2646 verba
1521 2603 1775 2656 judicialem
1808 2601 1923 2641 illum
1956 2599 2033 2638 im-

1151 2673 1298 2720 petum
1318 2679 1474 2719 genero
1491 2667 1824 2719 propulsassent.
1870 2663 1936 2703 De
1953 2663 2034 2702 hoc

1151 2737 1295 2773 autem
1316 2730 1454 2771 Atilio
1483 2729 1680 2782 superius
1703 2728 1889 2767 diximus
1923 2726 1966 2765 in
1993 2738 2031 2766 c.

1152 2795 1206 2835 de
1225 2795 1332 2837 Jure
1355 2793 1663 2845 triumphandi.
1696 2792 1804 2831 Oliv.

1207 2859 1463 2910 Soranorum]
1488 2857 1598 2898 Sora
1625 2855 1832 2908 oppidum
1854 2853 2035 2905 Campa-

1152 2922 1252 2974 niae,
1279 2922 1401 2975 cujus
1429 2921 1625 2962 meminit
1653 2919 1819 2959 Plinius
1851 2917 1926 2957 lib.
1962 2927 2036 2956 ιιι,

1155 3000 1252 3039 cap.
1271 2992 1310 3028 5.

1213 3050 1457 3101 Credidi-sse]
1476 3082 1478 3086 .
1498 3037 1593 3090 Hic'
1621 3048 1734 3088 enim
1769 3046 1924 3088 Fabius
1954 3050 2034 3093 est,

1157 3115 1209 3154 de
1229 3126 1310 3166 quo
1340 3115 1532 3154 Ennius:
1563 3114 1575 3135 ⁶
1594 3113 1714 3152 Unus
1751 3112 1874 3150 honio
1913 3109 2033 3148 nobis

1158 3176 1402 3218 cunctando
1433 3177 1625 3217 restituit
1657 3173 1777 3214 rem.'
1831 3173 1916 3214 Qui
1949 3179 2033 3211 tra·

1118 319 1231 358 [AB.
1275 319 1406 358 vui.
1445 319 1581 358 cAP.
1612 305 1661 356 1.

1157 3240 1298 3281 hendo
1326 3240 1501 3291 bellum,
1549 3244 1595 3279 et
1633 3236 1869 3277 exercitum
1910 3235 2038 3275 Rom.

1157 3303 1366 3355 servavit,
1382 3307 1428 3343 et
1457 3303 1569 3343 vires
1596 3298 1819 3341 Annibalis
1839 3297 2038 3337 debilita-

1156 3368 1232 3407 vit.
1264 3367 1373 3407 oliv.
2064 3400 2075 3415 ,

1212 3434 1306 3483 §10
1337 3431 1499 3470 Marcus
1531 3441 1688 3480 qnoque,
1725 3425 1813 3477 ξω]
1857 3425 2034 3464 Marcus

1158 3494 1356 3541 Scaurus,
1369 3493 1508 3532 Marci
1530 3490 1678 3531 Scauri
1695 3487 1900 3539 filius‚qui
1921 3487 2035 3538 prin-

1161 3570 1265 3609 ceps
1305 3558 1488 3598 Senatus
1524 3554 1619 3605 fuit,
1655 3552 1852 3593 vitricum
1892 3551 2037 3591 habuit

1827 3621 1928 3660 4M
