<?xml version="1.0" encoding="UTF-8"?>
<!DOCTYPE html PUBLIC "-//W3C//DTD XHTML 1.0 Transitional//EN"
    "http://www.w3.org/TR/xhtml1/DTD/xhtml1-transitional.dtd">
<html xmlns="http://www.w3.org/1999/xhtml" xml:lang="en" lang="en">
 <head>
  <title>
</title>
<meta http-equiv="Content-Type" content="text/html;charset=utf-8" />
  <meta name='ocr-system' content='tesseract 3.04.00' />
  <meta name='ocr-capabilities' content='ocr_page ocr_carea ocr_par ocr_line ocrx_word'/>
</head>
<body>
  <div class='ocr_page' id='page_1' title='image "./factorumdictorum03valeuoft_0341.png"; bbox 0 0 2346 3996; ppageno 0'>
   <div class='ocr_carea' id='block_1_1' title="bbox 544 268 1645 324">
    <p class='ocr_par' dir='ltr' id='par_1_1' title="bbox 544 268 1645 324">
     <span class='ocr_line' id='line_1_1' title="bbox 544 268 1645 324; baseline -0.003 -2"><span class='ocrx_word' id='word_1_1' title='bbox 544 283 806 324; x_wconf 70' lang='lat' dir='ltr'>VALERu</span> <span class='ocrx_word' id='word_1_2' title='bbox 851 279 1095 320; x_wconf 82' lang='lat' dir='ltr'><strong>MAX1M1</strong></span> <span class='ocrx_word' id='word_1_3' title='bbox 1140 280 1262 320; x_wconf 75' lang='lat' dir='ltr'>Lm.</span> <span class='ocrx_word' id='word_1_4' title='bbox 1305 280 1386 319; x_wconf 55' lang='grc' dir='ltr'>τι.</span> <span class='ocrx_word' id='word_1_5' title='bbox 1428 281 1562 321; x_wconf 70' lang='lat' dir='ltr'>cAi’.</span> <span class='ocrx_word' id='word_1_6' title='bbox 1589 268 1645 320; x_wconf 87' lang='lat'>9.</span> 
     </span>
    </p>
   </div>
   <div class='ocr_carea' id='block_1_2' title="bbox 171 402 1087 3589">
    <p class='ocr_par' dir='ltr' id='par_1_2' title="bbox 171 402 1065 1599">
     <span class='ocr_line' id='line_1_2' title="bbox 171 402 1051 458; baseline -0.007 -11"><span class='ocrx_word' id='word_1_7' title='bbox 171 417 324 458; x_wconf 88' lang='lat' dir='ltr'>magno</span> <span class='ocrx_word' id='word_1_8' title='bbox 345 415 484 446; x_wconf 85' lang='lat' dir='ltr'>amore</span> <span class='ocrx_word' id='word_1_9' title='bbox 499 403 748 455; x_wconf 87' lang='lat' dir='ltr'>complexus</span> <span class='ocrx_word' id='word_1_10' title='bbox 766 402 933 454; x_wconf 82' lang='lat' dir='ltr'>longius</span> <span class='ocrx_word' id='word_1_11' title='bbox 954 413 1051 454; x_wconf 86' lang='lat' dir='ltr'>pro-</span> 
     </span>
     <span class='ocr_line' id='line_1_3' title="bbox 172 464 1052 511; baseline -0.007 0"><span class='ocrx_word' id='word_1_12' title='bbox 172 475 345 511; x_wconf 88' lang='lat' dir='ltr'>secutus</span> <span class='ocrx_word' id='word_1_13' title='bbox 365 473 446 508; x_wconf 90' lang='lat' dir='ltr'>est.</span> <span class='ocrx_word' id='word_1_14' title='bbox 503 467 568 506; x_wconf 88' lang='lat' dir='ltr'>Eo</span> <span class='ocrx_word' id='word_1_15' title='bbox 584 466 720 506; x_wconf 88' lang='lat' dir='ltr'>indies</span> <span class='ocrx_word' id='word_1_16' title='bbox 739 479 882 507; x_wconf 85' lang='lat' dir='ltr'>secum</span> <span class='ocrx_word' id='word_1_17' title='bbox 908 464 1052 505; x_wconf 87' lang='lat' dir='ltr'>floros-</span> 
     </span>
     <span class='ocr_line' id='line_1_4' title="bbox 173 530 1054 583; baseline -0.007 -8"><span class='ocrx_word' id='word_1_18' title='bbox 173 539 300 575; x_wconf 80' lang='lat' dir='ltr'>cente</span> <span class='ocrx_word' id='word_1_19' title='bbox 317 532 482 583; x_wconf 84' lang='lat' dir='ltr'>morbo,</span> <span class='ocrx_word' id='word_1_20' title='bbox 500 544 596 572; x_wconf 89' lang='lat' dir='ltr'>cum</span> <span class='ocrx_word' id='word_1_21' title='bbox 620 532 671 571; x_wconf 90' lang='lat' dir='ltr'>ab</span> <span class='ocrx_word' id='word_1_22' title='bbox 693 531 815 572; x_wconf 85' lang='lat' dir='ltr'>initio</span> <span class='ocrx_word' id='word_1_23' title='bbox 834 530 1054 582; x_wconf 83' lang='lat' dir='ltr'>publicam</span> 
     </span>
     <span class='ocr_line' id='line_1_5' title="bbox 173 595 1055 651; baseline -0.006 -13"><span class='ocrx_word' id='word_1_24' title='bbox 173 598 361 651; x_wconf 87' lang='lat' dir='ltr'>quidem,</span> <span class='ocrx_word' id='word_1_25' title='bbox 389 603 596 637; x_wconf 84' lang='lat' dir='ltr'>caeterum</span> <span class='ocrx_word' id='word_1_26' title='bbox 626 597 885 648; x_wconf 77' lang='lat' dir='ltr'>locupletem</span> <span class='ocrx_word' id='word_1_27' title='bbox 910 595 1055 634; x_wconf 82' lang='lat' dir='ltr'>mulie·</span> 
     </span>
     <span class='ocr_line' id='line_1_6' title="bbox 174 660 1057 714; baseline -0.005 -12"><span class='ocrx_word' id='word_1_28' title='bbox 174 675 279 713; x_wconf 85' lang='lat' dir='ltr'>rem,</span> <span class='ocrx_word' id='word_1_29' title='bbox 306 673 431 714; x_wconf 88' lang='lat' dir='ltr'>quam</span> <span class='ocrx_word' id='word_1_30' title='bbox 472 661 718 713; x_wconf 82' lang='lat' dir='ltr'>Nicopolim</span> <span class='ocrx_word' id='word_1_31' title='bbox 763 660 1057 712; x_wconf 77' lang='lat' dir='ltr'>appellabant,</span> 
     </span>
     <span class='ocr_line' id='line_1_7' title="bbox 175 723 1055 778; baseline -0.003 -12"><span class='ocrx_word' id='word_1_32' title='bbox 175 725 412 778; x_wconf 79' lang='lat' dir='ltr'><strong>deperiret,</strong></span> <span class='ocrx_word' id='word_1_33' title='bbox 442 725 544 765; x_wconf 90' lang='lat' dir='ltr'>iude</span> <span class='ocrx_word' id='word_1_34' title='bbox 568 726 881 766; x_wconf 85' lang='lat' dir='ltr'>consuetudine</span> <span class='ocrx_word' id='word_1_35' title='bbox 901 730 947 765; x_wconf 90' lang='lat' dir='ltr'>et</span> <span class='ocrx_word' id='word_1_36' title='bbox 970 723 1055 764; x_wconf 87' lang='lat' dir='ltr'>for·</span> 
     </span>
     <span class='ocr_line' id='line_1_8' title="bbox 174 785 1057 842; baseline -0.002 -12"><span class='ocrx_word' id='word_1_37' title='bbox 174 803 256 830; x_wconf 79' lang='lat' dir='ltr'>rnae</span> <span class='ocrx_word' id='word_1_38' title='bbox 288 790 429 842; x_wconf 88' lang='lat' dir='ltr'>gratia</span> <span class='ocrx_word' id='word_1_39' title='bbox 459 789 639 830; x_wconf 86' lang='lat' dir='ltr'>mirifice</span> <span class='ocrx_word' id='word_1_40' title='bbox 670 785 837 830; x_wconf 76' lang='lat' dir='ltr'>amatus</span> <span class='ocrx_word' id='word_1_41' title='bbox 865 794 982 829; x_wconf 88' lang='lat' dir='ltr'>esset</span> <span class='ocrx_word' id='word_1_42' title='bbox 1003 787 1057 828; x_wconf 89' lang='lat' dir='ltr'>ab</span> 
     </span>
     <span class='ocr_line' id='line_1_9' title="bbox 175 854 1058 907; baseline -0.003 -13"><span class='ocrx_word' id='word_1_43' title='bbox 175 866 351 907; x_wconf 84' lang='lat' dir='ltr'>ea,cum</span> <span class='ocrx_word' id='word_1_44' title='bbox 370 854 461 894; x_wconf 87' lang='lat' dir='ltr'>vita</span> <span class='ocrx_word' id='word_1_45' title='bbox 480 855 729 902; x_wconf 83' lang='lat' dir='ltr'>excederet,</span> <span class='ocrx_word' id='word_1_46' title='bbox 747 854 885 893; x_wconf 87' lang='lat' dir='ltr'>haeres</span> <span class='ocrx_word' id='word_1_47' title='bbox 906 858 972 892; x_wconf 86' lang='lat' dir='ltr'>est</span> <span class='ocrx_word' id='word_1_48' title='bbox 992 864 1058 892; x_wconf 88' lang='lat' dir='ltr'>re-</span> 
     </span>
     <span class='ocr_line' id='line_1_10' title="bbox 173 917 1062 971; baseline -0.007 -12"><span class='ocrx_word' id='word_1_49' title='bbox 173 918 317 959; x_wconf 87' lang='lat' dir='ltr'>lictus.</span> <span class='ocrx_word' id='word_1_50' title='bbox 374 918 590 959; x_wconf 84' lang='lat' dir='ltr'>Novercae</span> <span class='ocrx_word' id='word_1_51' title='bbox 621 930 791 971; x_wconf 91' lang='lat' dir='ltr'>quoque</span> <span class='ocrx_word' id='word_1_52' title='bbox 831 917 1062 957; x_wconf 87' lang='lat' dir='ltr'>haeredita.</span> 
     </span>
     <span class='ocr_line' id='line_1_11' title="bbox 177 984 1059 1025; baseline -0.001 -1"><span class='ocrx_word' id='word_1_53' title='bbox 177 989 265 1024; x_wconf 89' lang='lat' dir='ltr'>tem</span> <span class='ocrx_word' id='word_1_54' title='bbox 301 989 369 1024; x_wconf 88' lang='lat' dir='ltr'>est</span> <span class='ocrx_word' id='word_1_55' title='bbox 397 984 589 1025; x_wconf 87' lang='lat' dir='ltr'>sortitus.</span> <span class='ocrx_word' id='word_1_56' title='bbox 647 984 757 1024; x_wconf 84' lang='lat' dir='ltr'>Haec</span> <span class='ocrx_word' id='word_1_57' title='bbox 783 984 1059 1024; x_wconf 82' lang='lat' dir='ltr'>Plutarchus.</span> 
     </span>
     <span class='ocr_line' id='line_1_12' title="bbox 177 1046 1063 1101; baseline -0.001 -13"><span class='ocrx_word' id='word_1_58' title='bbox 177 1046 239 1088; x_wconf 89' lang='lat' dir='ltr'>At</span> <span class='ocrx_word' id='word_1_59' title='bbox 255 1049 453 1088; x_wconf 86' lang='lat' dir='ltr'>Valerius</span> <span class='ocrx_word' id='word_1_60' title='bbox 479 1060 574 1088; x_wconf 86' lang='lat' dir='ltr'>eum</span> <span class='ocrx_word' id='word_1_61' title='bbox 607 1047 695 1088; x_wconf 88' lang='lat' dir='ltr'>vita</span> <span class='ocrx_word' id='word_1_62' title='bbox 724 1047 949 1101; x_wconf 90' lang='lat' dir='ltr'>inquinata</span> <span class='ocrx_word' id='word_1_63' title='bbox 968 1047 1063 1087; x_wconf 87' lang='lat' dir='ltr'>libi·</span> 
     </span>
     <span class='ocr_line' id='line_1_13' title="bbox 177 1110 1062 1164; baseline -0.001 -13"><span class='ocrx_word' id='word_1_64' title='bbox 177 1110 275 1152; x_wconf 85' lang='lat' dir='ltr'>dine</span> <span class='ocrx_word' id='word_1_65' title='bbox 308 1111 616 1155; x_wconf 80' lang='lat' dir='ltr'>etvinolentia</span> <span class='ocrx_word' id='word_1_66' title='bbox 649 1113 795 1164; x_wconf 88' lang='lat' dir='ltr'>plena,</span> <span class='ocrx_word' id='word_1_67' title='bbox 831 1111 1062 1152; x_wconf 85' lang='lat' dir='ltr'>Histrioni·</span> 
     </span>
     <span class='ocr_line' id='line_1_14' title="bbox 177 1174 1063 1228; baseline 0 -14"><span class='ocrx_word' id='word_1_68' title='bbox 177 1186 271 1214; x_wconf 89' lang='lat' dir='ltr'>cam</span> <span class='ocrx_word' id='word_1_69' title='bbox 292 1186 460 1228; x_wconf 88' lang='lat' dir='ltr'>quoque</span> <span class='ocrx_word' id='word_1_70' title='bbox 493 1175 550 1216; x_wconf 93' lang='lat' dir='ltr'>ob</span> <span class='ocrx_word' id='word_1_71' title='bbox 579 1181 789 1228; x_wconf 81' lang='lat' dir='ltr'>quaestum</span> <span class='ocrx_word' id='word_1_72' title='bbox 819 1174 1063 1215; x_wconf 67' lang='lat' dir='ltr'>exercuisse</span> 
     </span>
     <span class='ocr_line' id='line_1_15' title="bbox 177 1237 1062 1292; baseline 0 -14"><span class='ocrx_word' id='word_1_73' title='bbox 177 1237 300 1288; x_wconf 88' lang='lat' dir='ltr'>dicit,</span> <span class='ocrx_word' id='word_1_74' title='bbox 328 1239 403 1279; x_wconf 91' lang='lat' dir='ltr'>sed</span> <span class='ocrx_word' id='word_1_75' title='bbox 446 1251 496 1279; x_wconf 92' lang='lat' dir='ltr'>ea</span> <span class='ocrx_word' id='word_1_76' title='bbox 542 1239 816 1292; x_wconf 88' lang='lat' dir='ltr'>postmodum</span> <span class='ocrx_word' id='word_1_77' title='bbox 867 1239 972 1279; x_wconf 90' lang='lat' dir='ltr'>vitia</span> <span class='ocrx_word' id='word_1_78' title='bbox 1020 1239 1062 1279; x_wconf 89' lang='lat' dir='ltr'>in</span> 
     </span>
     <span class='ocr_line' id='line_1_16' title="bbox 176 1303 1063 1355; baseline 0 -13"><span class='ocrx_word' id='word_1_79' title='bbox 176 1309 391 1355; x_wconf 78' lang='lat' dir='ltr'>quaestura</span> <span class='ocrx_word' id='word_1_80' title='bbox 420 1303 684 1355; x_wconf 86' lang='lat' dir='ltr'>deposuisse.</span> <span class='ocrx_word' id='word_1_81' title='bbox 740 1303 868 1345; x_wconf 85' lang='lat' dir='ltr'>Quod</span> <span class='ocrx_word' id='word_1_82' title='bbox 890 1303 1063 1342; x_wconf 87' lang='lat' dir='ltr'>Plutar-</span> 
     </span>
     <span class='ocr_line' id='line_1_17' title="bbox 180 1366 1064 1420; baseline 0.002 -14"><span class='ocrx_word' id='word_1_83' title='bbox 180 1366 282 1406; x_wconf 83' lang='lat' dir='ltr'>chus</span> <span class='ocrx_word' id='word_1_84' title='bbox 299 1372 446 1419; x_wconf 90' lang='lat' dir='ltr'>negat,</span> <span class='ocrx_word' id='word_1_85' title='bbox 459 1368 531 1420; x_wconf 90' lang='lat' dir='ltr'>qui</span> <span class='ocrx_word' id='word_1_86' title='bbox 549 1368 601 1407; x_wconf 91' lang='lat' dir='ltr'>ad</span> <span class='ocrx_word' id='word_1_87' title='bbox 622 1369 917 1420; x_wconf 81' lang='lat' dir='ltr'>provectiores</span> <span class='ocrx_word' id='word_1_88' title='bbox 932 1379 1064 1408; x_wconf 88' lang='lat' dir='ltr'>annos</span> 
     </span>
     <span class='ocr_line' id='line_1_18' title="bbox 181 1431 1065 1484; baseline 0.002 -15"><span class='ocrx_word' id='word_1_89' title='bbox 181 1441 233 1470; x_wconf 86' lang='lat' dir='ltr'>ea</span> <span class='ocrx_word' id='word_1_90' title='bbox 255 1442 390 1483; x_wconf 83' lang='lat' dir='ltr'>usque</span> <span class='ocrx_word' id='word_1_91' title='bbox 419 1443 614 1472; x_wconf 87' lang='lat' dir='ltr'>servasse</span> <span class='ocrx_word' id='word_1_92' title='bbox 648 1431 771 1472; x_wconf 90' lang='lat' dir='ltr'>dicit.</span> <span class='ocrx_word' id='word_1_93' title='bbox 829 1433 1065 1484; x_wconf 87' lang='lat' dir='ltr'>Utcunque</span> 
     </span>
     <span class='ocr_line' id='line_1_19' title="bbox 183 1493 1064 1548; baseline 0.003 -15"><span class='ocrx_word' id='word_1_94' title='bbox 183 1493 254 1544; x_wconf 88' lang='lat' dir='ltr'>sit,</span> <span class='ocrx_word' id='word_1_95' title='bbox 274 1499 448 1535; x_wconf 86' lang='lat' dir='ltr'>constat</span> <span class='ocrx_word' id='word_1_96' title='bbox 475 1506 572 1535; x_wconf 88' lang='lat' dir='ltr'>cum</span> <span class='ocrx_word' id='word_1_97' title='bbox 594 1495 767 1548; x_wconf 87' lang='lat' dir='ltr'>egregia</span> <span class='ocrx_word' id='word_1_98' title='bbox 794 1496 930 1536; x_wconf 90' lang='lat' dir='ltr'>multa</span> <span class='ocrx_word' id='word_1_99' title='bbox 955 1495 1064 1537; x_wconf 85' lang='lat' dir='ltr'>faci-</span> 
     </span>
     <span class='ocr_line' id='line_1_20' title="bbox 182 1557 688 1599; baseline 0.006 -3"><span class='ocrx_word' id='word_1_100' title='bbox 182 1568 285 1596; x_wconf 88' lang='lat' dir='ltr'>nora</span> <span class='ocrx_word' id='word_1_101' title='bbox 299 1557 502 1598; x_wconf 89' lang='lat' dir='ltr'>edidisse.</span> <span class='ocrx_word' id='word_1_102' title='bbox 534 1559 688 1599; x_wconf 83' lang='lat' dir='ltr'>Oliver.</span> 
     </span>
    </p>

    <p class='ocr_par' dir='ltr' id='par_1_3' title="bbox 182 1622 1069 1921">
     <span class='ocr_line' id='line_1_21' title="bbox 237 1622 1065 1677; baseline 0.005 -16"><span class='ocrx_word' id='word_1_103' title='bbox 237 1622 410 1663; x_wconf 68' lang='lat' dir='ltr'>Calenus</span> <span class='ocrx_word' id='word_1_104' title='bbox 443 1624 662 1673; x_wconf 75' lang='lat' dir='ltr'>Jugurtltoe</span> <span class='ocrx_word' id='word_1_105' title='bbox 694 1624 874 1664; x_wconf 82' lang='lat' dir='ltr'>manibus</span> <span class='ocrx_word' id='word_1_106' title='bbox 909 1622 1065 1677; x_wconf 69' lang='lat' dir='ltr'>injecit]</span> 
     </span>
     <span class='ocr_line' id='line_1_22' title="bbox 185 1685 1067 1740; baseline 0.001 -12"><span class='ocrx_word' id='word_1_107' title='bbox 185 1685 298 1728; x_wconf 83' lang='lat' dir='ltr'>Quia</span> <span class='ocrx_word' id='word_1_108' title='bbox 323 1686 502 1727; x_wconf 89' lang='lat' dir='ltr'>consilio</span> <span class='ocrx_word' id='word_1_109' title='bbox 535 1699 612 1727; x_wconf 93' lang='lat' dir='ltr'>suo</span> <span class='ocrx_word' id='word_1_110' title='bbox 644 1700 723 1740; x_wconf 90' lang='lat' dir='ltr'>per</span> <span class='ocrx_word' id='word_1_111' title='bbox 760 1689 980 1729; x_wconf 90' lang='lat' dir='ltr'>Bocchum</span> <span class='ocrx_word' id='word_1_112' title='bbox 1000 1701 1067 1729; x_wconf 90' lang='lat' dir='ltr'>re-</span> 
     </span>
     <span class='ocr_line' id='line_1_23' title="bbox 183 1748 1067 1804; baseline 0.005 -16"><span class='ocrx_word' id='word_1_113' title='bbox 183 1759 279 1801; x_wconf 90' lang='lat' dir='ltr'>gem</span> <span class='ocrx_word' id='word_1_114' title='bbox 293 1748 527 1802; x_wconf 74' lang='lat' dir='ltr'>proditus]</span> <span class='ocrx_word' id='word_1_115' title='bbox 533 1751 733 1803; x_wconf 89' lang='lat' dir='ltr'>ugurtha,</span> <span class='ocrx_word' id='word_1_116' title='bbox 750 1751 936 1804; x_wconf 89' lang='lat' dir='ltr'>vinctus,</span> <span class='ocrx_word' id='word_1_117' title='bbox 951 1758 1067 1792; x_wconf 90' lang='lat' dir='ltr'>cate-</span> 
     </span>
     <span class='ocr_line' id='line_1_24' title="bbox 182 1815 1069 1869; baseline 0.003 -14"><span class='ocrx_word' id='word_1_118' title='bbox 182 1815 332 1869; x_wconf 84' lang='lat' dir='ltr'>nisque</span> <span class='ocrx_word' id='word_1_119' title='bbox 351 1822 566 1869; x_wconf 89' lang='lat' dir='ltr'>oneratus,</span> <span class='ocrx_word' id='word_1_120' title='bbox 597 1816 640 1856; x_wconf 88' lang='lat' dir='ltr'>in</span> <span class='ocrx_word' id='word_1_121' title='bbox 673 1817 936 1869; x_wconf 88' lang='lat' dir='ltr'>triumphum</span> <span class='ocrx_word' id='word_1_122' title='bbox 967 1817 1069 1858; x_wconf 90' lang='lat' dir='ltr'>duc-</span> 
     </span>
     <span class='ocr_line' id='line_1_25' title="bbox 183 1878 524 1921; baseline 0.006 -2"><span class='ocrx_word' id='word_1_123' title='bbox 183 1883 253 1919; x_wconf 91' lang='lat' dir='ltr'>tus</span> <span class='ocrx_word' id='word_1_124' title='bbox 271 1878 369 1921; x_wconf 85' lang='lat' dir='ltr'>fuit.</span> <span class='ocrx_word' id='word_1_125' title='bbox 397 1880 524 1921; x_wconf 86' lang='lat' dir='ltr'>Idem.</span> 
     </span>
    </p>

    <p class='ocr_par' dir='ltr' id='par_1_4' title="bbox 185 1942 1075 2175">
     <span class='ocr_line' id='line_1_26' title="bbox 238 1942 1073 1997; baseline 0 -13"><span class='ocrx_word' id='word_1_126' title='bbox 238 1942 519 1984; x_wconf 71' lang='lat' dir='ltr'>Mithridatem</span> <span class='ocrx_word' id='word_1_127' title='bbox 534 1942 788 1995; x_wconf 80' lang='lat' dir='ltr'>compescuit]</span> <span class='ocrx_word' id='word_1_128' title='bbox 800 1943 940 1986; x_wconf 85' lang='lat' dir='ltr'>Quem</span> <span class='ocrx_word' id='word_1_129' title='bbox 961 1944 1073 1997; x_wconf 90' lang='lat' dir='ltr'>Cap-</span> 
     </span>
     <span class='ocr_line' id='line_1_27' title="bbox 187 2004 1073 2059; baseline 0.005 -14"><span class='ocrx_word' id='word_1_130' title='bbox 187 2004 370 2058; x_wconf 86' lang='lat' dir='ltr'>padocia</span> <span class='ocrx_word' id='word_1_131' title='bbox 394 2012 441 2048; x_wconf 89' lang='lat' dir='ltr'>et</span> <span class='ocrx_word' id='word_1_132' title='bbox 459 2005 565 2047; x_wconf 90' lang='lat' dir='ltr'>Asia</span> <span class='ocrx_word' id='word_1_133' title='bbox 583 2007 769 2059; x_wconf 82' lang='lat' dir='ltr'>pepulit,</span> <span class='ocrx_word' id='word_1_134' title='bbox 789 2012 834 2047; x_wconf 86' lang='lat' dir='ltr'>et</span> <span class='ocrx_word' id='word_1_135' title='bbox 853 2008 906 2049; x_wconf 91' lang='lat' dir='ltr'>ad</span> <span class='ocrx_word' id='word_1_136' title='bbox 927 2008 1073 2059; x_wconf 88' lang='lat' dir='ltr'>Tigra·</span> 
     </span>
     <span class='ocr_line' id='line_1_28' title="bbox 185 2069 1075 2126; baseline 0.006 -17"><span class='ocrx_word' id='word_1_137' title='bbox 185 2080 283 2109; x_wconf 88' lang='lat' dir='ltr'>nem</span> <span class='ocrx_word' id='word_1_138' title='bbox 316 2073 470 2123; x_wconf 83' lang='lat' dir='ltr'>regem&#39;</span> <span class='ocrx_word' id='word_1_139' title='bbox 491 2069 708 2112; x_wconf 86' lang='lat' dir='ltr'>Armeniae</span> <span class='ocrx_word' id='word_1_140' title='bbox 742 2069 893 2124; x_wconf 87' lang='lat' dir='ltr'>fugere</span> <span class='ocrx_word' id='word_1_141' title='bbox 914 2072 1075 2126; x_wconf 69' lang='lat' dir='ltr'>coegit.</span> 
     </span>
     <span class='ocr_line' id='line_1_29' title="bbox 188 2132 318 2175; baseline 0.023 -3"><span class='ocrx_word' id='word_1_142' title='bbox 188 2132 318 2175; x_wconf 84' lang='lat' dir='ltr'>Idem.</span> 
     </span>
    </p>

    <p class='ocr_par' dir='ltr' id='par_1_5' title="bbox 188 2195 1078 2568">
     <span class='ocr_line' id='line_1_30' title="bbox 242 2195 1076 2252; baseline 0.007 -16"><span class='ocrx_word' id='word_1_143' title='bbox 242 2195 414 2237; x_wconf 80' lang='lat' dir='ltr'>Socialis</span> <span class='ocrx_word' id='word_1_144' title='bbox 447 2195 558 2249; x_wconf 88' lang='lat' dir='ltr'>belli]</span> <span class='ocrx_word' id='word_1_145' title='bbox 604 2198 719 2240; x_wconf 83' lang='lat' dir='ltr'>Quia</span> <span class='ocrx_word' id='word_1_146' title='bbox 746 2199 978 2252; x_wconf 89' lang='lat' dir='ltr'>prudentia</span> <span class='ocrx_word' id='word_1_147' title='bbox 999 2213 1076 2242; x_wconf 90' lang='lat' dir='ltr'>sua</span> 
     </span>
     <span class='ocr_line' id='line_1_31' title="bbox 188 2259 1071 2305; baseline 0.007 -6"><span class='ocrx_word' id='word_1_148' title='bbox 188 2259 424 2300; x_wconf 80' lang='lat' dir='ltr'>excitatam</span> <span class='ocrx_word' id='word_1_149' title='bbox 445 2260 615 2300; x_wconf 89' lang='lat' dir='ltr'>socialis</span> <span class='ocrx_word' id='word_1_150' title='bbox 633 2261 738 2301; x_wconf 92' lang='lat' dir='ltr'>belli</span> <span class='ocrx_word' id='word_1_151' title='bbox 763 2261 978 2304; x_wconf 88' lang='lat' dir='ltr'>flammam</span> <span class='ocrx_word' id='word_1_152' title='bbox 998 2277 1071 2305; x_wconf 84' lang='lat' dir='ltr'>ex·</span> 
     </span>
     <span class='ocr_line' id='line_1_32' title="bbox 188 2323 1076 2381; baseline 0.006 -17"><span class='ocrx_word' id='word_1_153' title='bbox 188 2323 335 2374; x_wconf 82' lang='lat' dir='ltr'>tinxit,</span> <span class='ocrx_word' id='word_1_154' title='bbox 349 2335 446 2370; x_wconf 88' lang='lat' dir='ltr'>cum</span> <span class='ocrx_word' id='word_1_155' title='bbox 465 2324 570 2365; x_wconf 87' lang='lat' dir='ltr'>socii</span> <span class='ocrx_word' id='word_1_156' title='bbox 585 2325 730 2366; x_wconf 86' lang='lat' dir='ltr'>Latini</span> <span class='ocrx_word' id='word_1_157' title='bbox 749 2327 931 2368; x_wconf 87' lang='lat' dir='ltr'>nominis</span> <span class='ocrx_word' id='word_1_158' title='bbox 947 2341 1076 2381; x_wconf 88' lang='lat' dir='ltr'>prop-</span> 
     </span>
     <span class='ocr_line' id='line_1_33' title="bbox 190 2387 1077 2444; baseline 0.005 -16"><span class='ocrx_word' id='word_1_159' title='bbox 190 2392 260 2428; x_wconf 88' lang='lat' dir='ltr'>ter</span> <span class='ocrx_word' id='word_1_160' title='bbox 277 2393 478 2440; x_wconf 84' lang='lat' dir='ltr'>negatam</span> <span class='ocrx_word' id='word_1_161' title='bbox 517 2387 741 2428; x_wconf 87' lang='lat' dir='ltr'>civitatem</span> <span class='ocrx_word' id='word_1_162' title='bbox 767 2401 791 2429; x_wconf 89' lang='lat' dir='ltr'>a</span> <span class='ocrx_word' id='word_1_163' title='bbox 817 2390 960 2431; x_wconf 88' lang='lat' dir='ltr'>Druso</span> <span class='ocrx_word' id='word_1_164' title='bbox 980 2404 1077 2444; x_wconf 92' lang='lat' dir='ltr'>pro-</span> 
     </span>
     <span class='ocr_line' id='line_1_34' title="bbox 190 2451 1078 2496; baseline 0.005 -4"><span class='ocrx_word' id='word_1_165' title='bbox 190 2451 363 2492; x_wconf 80' lang='lat' dir='ltr'>missam</span> <span class='ocrx_word' id='word_1_166' title='bbox 416 2451 625 2491; x_wconf 87' lang='lat' dir='ltr'>adversus</span> <span class='ocrx_word' id='word_1_167' title='bbox 680 2451 897 2494; x_wconf 90' lang='lat' dir='ltr'>Romanos</span> <span class='ocrx_word' id='word_1_168' title='bbox 959 2467 1078 2496; x_wconf 89' lang='lat' dir='ltr'>arma</span> 
     </span>
     <span class='ocr_line' id='line_1_35' title="bbox 191 2515 648 2568; baseline 0 -12"><span class='ocrx_word' id='word_1_169' title='bbox 191 2515 491 2568; x_wconf 82' lang='lat' dir='ltr'>sumpsissent.</span> <span class='ocrx_word' id='word_1_170' title='bbox 521 2515 648 2556; x_wconf 85' lang='lat' dir='ltr'>Idem.</span> 
     </span>
    </p>

    <p class='ocr_par' dir='ltr' id='par_1_6' title="bbox 192 2578 1082 3205">
     <span class='ocr_line' id='line_1_36' title="bbox 232 2578 1078 2636; baseline 0.008 -18"><span class='ocrx_word' id='word_1_171' title='bbox 232 2579 388 2619; x_wconf 28' lang='lat' dir='ltr'>‘Cinnae</span> <span class='ocrx_word' id='word_1_172' title='bbox 422 2578 743 2631; x_wconf 80' lang='lat' dir='ltr'>dominationem]</span> <span class='ocrx_word' id='word_1_173' title='bbox 790 2581 900 2624; x_wconf 86' lang='lat' dir='ltr'>Quia</span> <span class='ocrx_word' id='word_1_174' title='bbox 935 2583 1078 2636; x_wconf 86' lang='lat' dir='ltr'>patria</span> 
     </span>
     <span class='ocr_line' id='line_1_37' title="bbox 193 2641 1078 2696; baseline 0.008 -14"><span class='ocrx_word' id='word_1_175' title='bbox 193 2643 338 2696; x_wconf 86' lang='lat' dir='ltr'>pulsus</span> <span class='ocrx_word' id='word_1_176' title='bbox 387 2641 443 2682; x_wconf 89' lang='lat' dir='ltr'>ab</span> <span class='ocrx_word' id='word_1_177' title='bbox 486 2643 691 2695; x_wconf 84' lang='lat' dir='ltr'>Octavio,</span> <span class='ocrx_word' id='word_1_178' title='bbox 725 2657 823 2685; x_wconf 90' lang='lat' dir='ltr'>cum</span> <span class='ocrx_word' id='word_1_179' title='bbox 856 2659 903 2687; x_wconf 91' lang='lat' dir='ltr'>se</span> <span class='ocrx_word' id='word_1_180' title='bbox 936 2648 1078 2689; x_wconf 86' lang='lat' dir='ltr'>Mario</span> 
     </span>
     <span class='ocr_line' id='line_1_38' title="bbox 192 2705 1079 2760; baseline 0.008 -13"><span class='ocrx_word' id='word_1_181' title='bbox 192 2705 506 2758; x_wconf 84' lang='lat' dir='ltr'>conjunxisset,</span> <span class='ocrx_word' id='word_1_182' title='bbox 532 2706 602 2759; x_wconf 90' lang='lat' dir='ltr'>qui</span> <span class='ocrx_word' id='word_1_183' title='bbox 624 2709 723 2747; x_wconf 86' lang='lat' dir='ltr'>exul</span> <span class='ocrx_word' id='word_1_184' title='bbox 745 2709 840 2760; x_wconf 90' lang='lat' dir='ltr'>jam</span> <span class='ocrx_word' id='word_1_185' title='bbox 861 2710 906 2750; x_wconf 87' lang='lat' dir='ltr'>in</span> <span class='ocrx_word' id='word_1_186' title='bbox 928 2710 1079 2754; x_wconf 86' lang='lat' dir='ltr'>Africa</span> 
     </span>
     <span class='ocr_line' id='line_1_39' title="bbox 194 2770 1078 2823; baseline 0.009 -13"><span class='ocrx_word' id='word_1_187' title='bbox 194 2770 433 2811; x_wconf 85' lang='lat' dir='ltr'>exercitum</span> <span class='ocrx_word' id='word_1_188' title='bbox 471 2778 800 2823; x_wconf 80' lang='lat' dir='ltr'>comparaverat</span> <span class='ocrx_word' id='word_1_189' title='bbox 849 2786 933 2815; x_wconf 89' lang='lat' dir='ltr'>uon</span> <span class='ocrx_word' id='word_1_190' title='bbox 978 2789 1078 2818; x_wconf 91' lang='lat' dir='ltr'>con-</span> 
     </span>
     <span class='ocr_line' id='line_1_40' title="bbox 194 2833 1079 2891; baseline 0.01 -18"><span class='ocrx_word' id='word_1_191' title='bbox 194 2833 488 2886; x_wconf 86' lang='lat' dir='ltr'>temnendum,</span> <span class='ocrx_word' id='word_1_192' title='bbox 506 2835 714 2887; x_wconf 84' lang='lat' dir='ltr'>repetivit</span> <span class='ocrx_word' id='word_1_193' title='bbox 733 2837 897 2891; x_wconf 86' lang='lat' dir='ltr'>urbem,</span> <span class='ocrx_word' id='word_1_194' title='bbox 917 2844 963 2880; x_wconf 90' lang='lat' dir='ltr'>et</span> <span class='ocrx_word' id='word_1_195' title='bbox 983 2852 1079 2882; x_wconf 89' lang='lat' dir='ltr'>eam</span> 
     </span>
     <span class='ocr_line' id='line_1_41' title="bbox 194 2897 1081 2959; baseline 0.01 -21"><span class='ocrx_word' id='word_1_196' title='bbox 194 2909 274 2949; x_wconf 85' lang='lat' dir='ltr'>per</span> <span class='ocrx_word' id='word_1_197' title='bbox 309 2897 554 2950; x_wconf 87' lang='lat' dir='ltr'>principum</span> <span class='ocrx_word' id='word_1_198' title='bbox 589 2900 901 2952; x_wconf 88' lang='lat' dir='ltr'>negligentiam</span> <span class='ocrx_word' id='word_1_199' title='bbox 936 2907 1081 2959; x_wconf 89' lang='lat' dir='ltr'>cepit;</span> 
     </span>
     <span class='ocr_line' id='line_1_42' title="bbox 195 2963 1082 3015; baseline 0.008 -15"><span class='ocrx_word' id='word_1_200' title='bbox 195 2972 324 3014; x_wconf 88' lang='lat' dir='ltr'>quam</span> <span class='ocrx_word' id='word_1_201' title='bbox 352 2973 601 3014; x_wconf 82' lang='lat' dir='ltr'>oppressam</span> <span class='ocrx_word' id='word_1_202' title='bbox 620 2963 754 3015; x_wconf 89' lang='lat' dir='ltr'>Sylla,</span> <span class='ocrx_word' id='word_1_203' title='bbox 779 2978 803 3004; x_wconf 93' lang='lat' dir='ltr'>a</span> <span class='ocrx_word' id='word_1_204' title='bbox 819 2966 1082 3007; x_wconf 88' lang='lat' dir='ltr'>Mithridatis</span> 
     </span>
     <span class='ocr_line' id='line_1_43' title="bbox 196 3024 1082 3081; baseline 0.007 -16"><span class='ocrx_word' id='word_1_205' title='bbox 196 3024 378 3065; x_wconf 85' lang='lat' dir='ltr'>victoria</span> <span class='ocrx_word' id='word_1_206' title='bbox 399 3024 569 3065; x_wconf 87' lang='lat' dir='ltr'>rediens</span> <span class='ocrx_word' id='word_1_207' title='bbox 591 3026 775 3067; x_wconf 85' lang='lat' dir='ltr'>celerius</span> <span class='ocrx_word' id='word_1_208' title='bbox 804 3040 930 3081; x_wconf 90' lang='lat' dir='ltr'>quam</span> <span class='ocrx_word' id='word_1_209' title='bbox 960 3031 1082 3071; x_wconf 85' lang='lat' dir='ltr'>credi</span> 
     </span>
     <span class='ocr_line' id='line_1_44' title="bbox 197 3087 1082 3140; baseline 0.009 -13"><span class='ocrx_word' id='word_1_210' title='bbox 197 3093 364 3140; x_wconf 85' lang='lat' dir='ltr'>posset,</span> <span class='ocrx_word' id='word_1_211' title='bbox 384 3087 598 3139; x_wconf 88' lang='lat' dir='ltr'>liberavit,</span> <span class='ocrx_word' id='word_1_212' title='bbox 619 3090 741 3130; x_wconf 86' lang='lat' dir='ltr'>caesis</span> <span class='ocrx_word' id='word_1_213' title='bbox 759 3092 905 3132; x_wconf 88' lang='lat' dir='ltr'>multis</span> <span class='ocrx_word' id='word_1_214' title='bbox 934 3094 1082 3135; x_wconf 81' lang='lat' dir='ltr'>Cinuae</span> 
     </span>
     <span class='ocr_line' id='line_1_45' title="bbox 197 3151 902 3205; baseline 0.004 -12"><span class='ocrx_word' id='word_1_215' title='bbox 197 3151 411 3205; x_wconf 87' lang='lat' dir='ltr'>Mariique</span> <span class='ocrx_word' id='word_1_216' title='bbox 432 3152 718 3194; x_wconf 84' lang='lat' dir='ltr'>exercitibus.</span> <span class='ocrx_word' id='word_1_217' title='bbox 749 3155 902 3197; x_wconf 86' lang='lat' dir='ltr'>Oliver.</span> 
     </span>
    </p>

    <p class='ocr_par' dir='ltr' id='par_1_7' title="bbox 199 3217 1084 3460">
     <span class='ocr_line' id='line_1_46' title="bbox 252 3217 1082 3269; baseline 0.008 -12"><span class='ocrx_word' id='word_1_218' title='bbox 252 3217 442 3269; x_wconf 77' lang='lat' dir='ltr'>Felicem]</span> <span class='ocrx_word' id='word_1_219' title='bbox 473 3218 569 3258; x_wconf 90' lang='lat' dir='ltr'>Hoc</span> <span class='ocrx_word' id='word_1_220' title='bbox 587 3224 730 3258; x_wconf 84' lang='lat' dir='ltr'>tamen</span> <span class='ocrx_word' id='word_1_221' title='bbox 759 3218 961 3265; x_wconf 85' lang='lat' dir='ltr'>felicitati</span> <span class='ocrx_word' id='word_1_222' title='bbox 994 3235 1082 3264; x_wconf 84' lang='lat' dir='ltr'>suae</span> 
     </span>
     <span class='ocr_line' id='line_1_47' title="bbox 199 3279 1083 3338; baseline 0.009 -18"><span class='ocrx_word' id='word_1_223' title='bbox 199 3279 349 3322; x_wconf 78' lang='lat' dir='ltr'>deesse</span> <span class='ocrx_word' id='word_1_224' title='bbox 362 3281 584 3323; x_wconf 85' lang='lat' dir='ltr'>confessus</span> <span class='ocrx_word' id='word_1_225' title='bbox 597 3284 805 3336; x_wconf 87' lang='lat' dir='ltr'>est,quod</span> <span class='ocrx_word' id='word_1_226' title='bbox 820 3286 1083 3338; x_wconf 89' lang='lat' dir='ltr'>Capitolium</span> 
     </span>
     <span class='ocr_line' id='line_1_48' title="bbox 199 3344 1084 3393; baseline 0.011 -11"><span class='ocrx_word' id='word_1_227' title='bbox 199 3353 286 3383; x_wconf 88' lang='lat' dir='ltr'>non</span> <span class='ocrx_word' id='word_1_228' title='bbox 323 3344 628 3388; x_wconf 84' lang='lat' dir='ltr'>dedicavisset.</span> <span class='ocrx_word' id='word_1_229' title='bbox 700 3349 757 3388; x_wconf 92' lang='lat' dir='ltr'>Et</span> <span class='ocrx_word' id='word_1_230' title='bbox 796 3353 910 3390; x_wconf 79' lang='lat' dir='ltr'>teste</span> <span class='ocrx_word' id='word_1_231' title='bbox 941 3352 1084 3393; x_wconf 89' lang='lat' dir='ltr'>Plinio</span> 
     </span>
     <span class='ocr_line' id='line_1_49' title="bbox 202 3408 796 3460; baseline 0.01 -12"><span class='ocrx_word' id='word_1_232' title='bbox 202 3408 436 3460; x_wconf 85' lang='lat' dir='ltr'>pediculari</span> <span class='ocrx_word' id='word_1_233' title='bbox 449 3412 596 3453; x_wconf 88' lang='lat' dir='ltr'>morbo</span> <span class='ocrx_word' id='word_1_234' title='bbox 613 3413 796 3455; x_wconf 88' lang='lat' dir='ltr'>interiit.</span> 
     </span>
    </p>

    <p class='ocr_par' dir='ltr' id='par_1_8' title="bbox 202 3473 1087 3589">
     <span class='ocr_line' id='line_1_50' title="bbox 256 3473 1086 3532; baseline 0.01 -19"><span class='ocrx_word' id='word_1_235' title='bbox 256 3474 321 3525; x_wconf 76' lang='lat'>§7</span> <span class='ocrx_word' id='word_1_236' title='bbox 348 3473 478 3527; x_wconf 77' lang='lat' dir='ltr'>Atque</span> <span class='ocrx_word' id='word_1_237' title='bbox 495 3480 538 3515; x_wconf 81' lang='lat' dir='ltr'>ut</span> <span class='ocrx_word' id='word_1_238' title='bbox 552 3477 793 3517; x_wconf 68' lang='lat' dir='ltr'>nobilitatem</span> <span class='ocrx_word' id='word_1_239' title='bbox 811 3478 992 3532; x_wconf 73' lang='lat' dir='ltr'>beneficio</span> <span class='ocrx_word' id='word_1_240' title='bbox 1006 3493 1086 3532; x_wconf 86' lang='lat' dir='ltr'>poe-</span> 
     </span>
     <span class='ocr_line' id='line_1_51' title="bbox 202 3535 1087 3589; baseline 0.01 -13"><span class='ocrx_word' id='word_1_241' title='bbox 202 3535 399 3589; x_wconf 79' lang='lat' dir='ltr'>nitentioe]</span> <span class='ocrx_word' id='word_1_242' title='bbox 424 3537 600 3581; x_wconf 89' lang='lat' dir='ltr'>Transit</span> <span class='ocrx_word' id='word_1_243' title='bbox 619 3540 672 3582; x_wconf 88' lang='lat' dir='ltr'>ad</span> <span class='ocrx_word' id='word_1_244' title='bbox 693 3542 975 3584; x_wconf 87' lang='lat' dir='ltr'>mutationem</span> <span class='ocrx_word' id='word_1_245' title='bbox 1002 3543 1087 3585; x_wconf 87' lang='lat' dir='ltr'>for-</span> 
     </span>
    </p>
   </div>
   <div class='ocr_carea' id='block_1_3' title="bbox 1862 269 2002 322">
    <p class='ocr_par' dir='ltr' id='par_1_9' title="bbox 1862 269 2002 322">
     <span class='ocr_line' id='line_1_52' title="bbox 1862 269 2002 322; baseline 0.014 -2"><span class='ocrx_word' id='word_1_246' title='bbox 1862 269 2002 322; x_wconf 67' lang='lat'>1241</span> 
     </span>
    </p>
   </div>
   <div class='ocr_carea' id='block_1_4' title="bbox 1116 400 2031 3589">
    <p class='ocr_par' dir='ltr' id='par_1_10' title="bbox 1116 400 2022 1288">
     <span class='ocr_line' id='line_1_53' title="bbox 1117 400 2005 454; baseline 0 -14"><span class='ocrx_word' id='word_1_247' title='bbox 1117 405 1232 442; x_wconf 80' lang='lat' dir='ltr'>tunae</span> <span class='ocrx_word' id='word_1_248' title='bbox 1267 414 1320 442; x_wconf 86' lang='lat' dir='ltr'>ex</span> <span class='ocrx_word' id='word_1_249' title='bbox 1339 401 1459 443; x_wconf 88' lang='lat' dir='ltr'>tenui</span> <span class='ocrx_word' id='word_1_250' title='bbox 1488 402 1530 442; x_wconf 88' lang='lat' dir='ltr'>in</span> <span class='ocrx_word' id='word_1_251' title='bbox 1550 401 1752 454; x_wconf 90' lang='lat' dir='ltr'>amplam,</span> <span class='ocrx_word' id='word_1_252' title='bbox 1770 400 2005 441; x_wconf 81' lang='lat' dir='ltr'>subnectit-</span> 
     </span>
     <span class='ocr_line' id='line_1_54' title="bbox 1116 465 2007 519; baseline 0.001 -16"><span class='ocrx_word' id='word_1_253' title='bbox 1116 477 1199 516; x_wconf 84' lang='lat' dir='ltr'>que</span> <span class='ocrx_word' id='word_1_254' title='bbox 1219 467 1435 517; x_wconf 81' lang='lat' dir='ltr'>exempla,</span> <span class='ocrx_word' id='word_1_255' title='bbox 1455 467 1656 519; x_wconf 87' lang='lat' dir='ltr'>loquutus</span> <span class='ocrx_word' id='word_1_256' title='bbox 1687 470 1816 505; x_wconf 86' lang='lat' dir='ltr'>antea</span> <span class='ocrx_word' id='word_1_257' title='bbox 1844 465 1897 505; x_wconf 89' lang='lat' dir='ltr'>de</span> <span class='ocrx_word' id='word_1_258' title='bbox 1922 478 2007 504; x_wconf 89' lang='lat' dir='ltr'>mo-</span> 
     </span>
     <span class='ocr_line' id='line_1_55' title="bbox 1117 529 2008 570; baseline 0.003 -4"><span class='ocrx_word' id='word_1_259' title='bbox 1117 539 1208 567; x_wconf 88' lang='lat' dir='ltr'>rum</span> <span class='ocrx_word' id='word_1_260' title='bbox 1226 530 1462 569; x_wconf 86' lang='lat' dir='ltr'>mutatione</span> <span class='ocrx_word' id='word_1_261' title='bbox 1479 542 1531 569; x_wconf 87' lang='lat' dir='ltr'>ex</span> <span class='ocrx_word' id='word_1_262' title='bbox 1551 530 1673 570; x_wconf 88' lang='lat' dir='ltr'>malis</span> <span class='ocrx_word' id='word_1_263' title='bbox 1693 530 1737 569; x_wconf 92' lang='lat' dir='ltr'>in</span> <span class='ocrx_word' id='word_1_264' title='bbox 1759 529 1908 570; x_wconf 89' lang='lat' dir='ltr'>bonos.</span> <span class='ocrx_word' id='word_1_265' title='bbox 1940 529 2008 569; x_wconf 88' lang='lat' dir='ltr'>Ad</span> 
     </span>
     <span class='ocr_line' id='line_1_56' title="bbox 1119 590 2010 645; baseline 0.002 -15"><span class='ocrx_word' id='word_1_266' title='bbox 1119 590 1232 631; x_wconf 87' lang='lat' dir='ltr'>idem</span> <span class='ocrx_word' id='word_1_267' title='bbox 1273 592 1409 643; x_wconf 83' lang='lat' dir='ltr'>igitur</span> <span class='ocrx_word' id='word_1_268' title='bbox 1445 593 1538 633; x_wconf 84' lang='lat' dir='ltr'>haec</span> <span class='ocrx_word' id='word_1_269' title='bbox 1578 592 1724 645; x_wconf 87' lang='lat' dir='ltr'>capita</span> <span class='ocrx_word' id='word_1_270' title='bbox 1775 592 2010 645; x_wconf 86' lang='lat' dir='ltr'>pertinent,</span> 
     </span>
     <span class='ocr_line' id='line_1_57' title="bbox 1119 654 2011 707; baseline 0 -13"><span class='ocrx_word' id='word_1_271' title='bbox 1119 654 1477 707; x_wconf 89' lang='lat' dir='ltr'>quemadmodum</span> <span class='ocrx_word' id='word_1_272' title='bbox 1500 657 1628 696; x_wconf 84' lang='lat' dir='ltr'>etiam</span> <span class='ocrx_word' id='word_1_273' title='bbox 1651 657 1758 696; x_wconf 90' lang='lat' dir='ltr'>Mss.</span> <span class='ocrx_word' id='word_1_274' title='bbox 1789 655 1916 697; x_wconf 90' lang='lat' dir='ltr'>codd.</span> <span class='ocrx_word' id='word_1_275' title='bbox 1935 655 2011 695; x_wconf 90' lang='lat' dir='ltr'>de-</span> 
     </span>
     <span class='ocr_line' id='line_1_58' title="bbox 1120 721 2014 773; baseline 0.002 -14"><span class='ocrx_word' id='word_1_276' title='bbox 1120 723 1385 760; x_wconf 86' lang='lat' dir='ltr'>monstrant:</span> <span class='ocrx_word' id='word_1_277' title='bbox 1435 733 1572 773; x_wconf 89' lang='lat' dir='ltr'>neque</span> <span class='ocrx_word' id='word_1_278' title='bbox 1620 722 1664 760; x_wconf 90' lang='lat' dir='ltr'>in</span> <span class='ocrx_word' id='word_1_279' title='bbox 1705 721 1791 761; x_wconf 89' lang='lat' dir='ltr'>duo</span> <span class='ocrx_word' id='word_1_280' title='bbox 1826 722 1895 761; x_wconf 90' lang='lat' dir='ltr'>vel</span> <span class='ocrx_word' id='word_1_281' title='bbox 1930 721 2014 761; x_wconf 84' lang='lat' dir='ltr'>tria</span> 
     </span>
     <span class='ocr_line' id='line_1_59' title="bbox 1121 783 2013 838; baseline 0.003 -16"><span class='ocrx_word' id='word_1_282' title='bbox 1121 783 1267 834; x_wconf 86' lang='lat' dir='ltr'>capita</span> <span class='ocrx_word' id='word_1_283' title='bbox 1287 784 1471 823; x_wconf 87' lang='lat' dir='ltr'>secanda</span> <span class='ocrx_word' id='word_1_284' title='bbox 1499 791 1614 835; x_wconf 89' lang='lat' dir='ltr'>sunt,</span> <span class='ocrx_word' id='word_1_285' title='bbox 1633 786 1746 826; x_wconf 89' lang='lat' dir='ltr'>sicut</span> <span class='ocrx_word' id='word_1_286' title='bbox 1765 786 1808 825; x_wconf 91' lang='lat' dir='ltr'>in</span> <span class='ocrx_word' id='word_1_287' title='bbox 1829 786 2013 838; x_wconf 81' lang='lat' dir='ltr'>vulgatis</span> 
     </span>
     <span class='ocr_line' id='line_1_60' title="bbox 1122 845 2012 890; baseline 0.004 -5"><span class='ocrx_word' id='word_1_288' title='bbox 1122 846 1242 886; x_wconf 89' lang='lat' dir='ltr'>libris</span> <span class='ocrx_word' id='word_1_289' title='bbox 1275 845 1437 887; x_wconf 83' lang='lat' dir='ltr'>factum</span> <span class='ocrx_word' id='word_1_290' title='bbox 1479 848 1688 889; x_wconf 89' lang='lat' dir='ltr'>videmus.</span> <span class='ocrx_word' id='word_1_291' title='bbox 1759 849 1871 890; x_wconf 89' lang='lat' dir='ltr'>Nam</span> <span class='ocrx_word' id='word_1_292' title='bbox 1920 850 2012 889; x_wconf 84' lang='lat' dir='ltr'>haec</span> 
     </span>
     <span class='ocr_line' id='line_1_61' title="bbox 1123 911 2015 962; baseline 0 -10"><span class='ocrx_word' id='word_1_293' title='bbox 1123 911 1324 962; x_wconf 88' lang='lat' dir='ltr'>exempla</span> <span class='ocrx_word' id='word_1_294' title='bbox 1359 911 1503 951; x_wconf 87' lang='lat' dir='ltr'>onmia</span> <span class='ocrx_word' id='word_1_295' title='bbox 1523 912 1648 952; x_wconf 89' lang='lat' dir='ltr'>simul</span> <span class='ocrx_word' id='word_1_296' title='bbox 1683 926 1781 954; x_wconf 90' lang='lat' dir='ltr'>cum</span> <span class='ocrx_word' id='word_1_297' title='bbox 1808 914 2015 954; x_wconf 87' lang='lat' dir='ltr'>Externis</span> 
     </span>
     <span class='ocr_line' id='line_1_62' title="bbox 1123 975 2016 1027; baseline 0.003 -13"><span class='ocrx_word' id='word_1_298' title='bbox 1123 975 1177 1015; x_wconf 90' lang='lat' dir='ltr'>ad</span> <span class='ocrx_word' id='word_1_299' title='bbox 1199 987 1329 1014; x_wconf 90' lang='lat' dir='ltr'>unum</span> <span class='ocrx_word' id='word_1_300' title='bbox 1356 981 1491 1027; x_wconf 89' lang='lat' dir='ltr'>caput</span> <span class='ocrx_word' id='word_1_301' title='bbox 1509 976 1759 1017; x_wconf 89' lang='lat' dir='ltr'>mutationis</span> <span class='ocrx_word' id='word_1_302' title='bbox 1780 990 1946 1017; x_wconf 87' lang='lat' dir='ltr'>morum</span> <span class='ocrx_word' id='word_1_303' title='bbox 1967 990 2016 1018; x_wconf 90' lang='lat' dir='ltr'>ac</span> 
     </span>
     <span class='ocr_line' id='line_1_63' title="bbox 1124 1039 2019 1094; baseline 0 -13"><span class='ocrx_word' id='word_1_304' title='bbox 1124 1039 1311 1082; x_wconf 81' lang='lat' dir='ltr'>fortunae</span> <span class='ocrx_word' id='word_1_305' title='bbox 1329 1042 1548 1094; x_wconf 88' lang='lat' dir='ltr'>pertinere</span> <span class='ocrx_word' id='word_1_306' title='bbox 1565 1054 1700 1094; x_wconf 90' lang='lat' dir='ltr'>usque</span> <span class='ocrx_word' id='word_1_307' title='bbox 1719 1043 1770 1082; x_wconf 91' lang='lat' dir='ltr'>ad</span> <span class='ocrx_word' id='word_1_308' title='bbox 1792 1042 1890 1082; x_wconf 89' lang='lat' dir='ltr'>libri</span> <span class='ocrx_word' id='word_1_309' title='bbox 1908 1042 2019 1083; x_wconf 88' lang='lat' dir='ltr'>sexti</span> 
     </span>
     <span class='ocr_line' id='line_1_64' title="bbox 1124 1106 2019 1160; baseline 0 -13"><span class='ocrx_word' id='word_1_310' title='bbox 1124 1106 1268 1159; x_wconf 89' lang='lat' dir='ltr'>finem,</span> <span class='ocrx_word' id='word_1_311' title='bbox 1304 1107 1400 1159; x_wconf 86' lang='lat' dir='ltr'>ipsa</span> <span class='ocrx_word' id='word_1_312' title='bbox 1435 1119 1516 1160; x_wconf 85' lang='lat' dir='ltr'>per</span> <span class='ocrx_word' id='word_1_313' title='bbox 1552 1120 1598 1148; x_wconf 89' lang='lat' dir='ltr'>se</span> <span class='ocrx_word' id='word_1_314' title='bbox 1637 1107 1794 1149; x_wconf 87' lang='lat' dir='ltr'>docere</span> <span class='ocrx_word' id='word_1_315' title='bbox 1828 1114 2019 1160; x_wconf 86' lang='lat' dir='ltr'>possent,</span> 
     </span>
     <span class='ocr_line' id='line_1_65' title="bbox 1126 1170 2022 1224; baseline 0 -13"><span class='ocrx_word' id='word_1_316' title='bbox 1126 1171 1295 1212; x_wconf 87' lang='lat' dir='ltr'>etiamsi</span> <span class='ocrx_word' id='word_1_317' title='bbox 1323 1177 1518 1212; x_wconf 87' lang='lat' dir='ltr'>veterum</span> <span class='ocrx_word' id='word_1_318' title='bbox 1540 1172 1850 1224; x_wconf 78' lang='lat' dir='ltr'>exemplarium</span> <span class='ocrx_word' id='word_1_319' title='bbox 1871 1170 2022 1213; x_wconf 84' lang='lat' dir='ltr'>suffra-</span> 
     </span>
     <span class='ocr_line' id='line_1_66' title="bbox 1128 1235 1754 1288; baseline 0.002 -13"><span class='ocrx_word' id='word_1_320' title='bbox 1128 1235 1198 1288; x_wconf 88' lang='lat' dir='ltr'>gia</span> <span class='ocrx_word' id='word_1_321' title='bbox 1215 1248 1300 1275; x_wconf 91' lang='lat' dir='ltr'>non</span> <span class='ocrx_word' id='word_1_322' title='bbox 1321 1235 1598 1276; x_wconf 86' lang='lat' dir='ltr'>accederent.</span> <span class='ocrx_word' id='word_1_323' title='bbox 1628 1235 1754 1286; x_wconf 84' lang='lat' dir='ltr'>Pigh.</span> 
     </span>
    </p>

    <p class='ocr_par' dir='ltr' id='par_1_11' title="bbox 1128 1299 2029 2303">
     <span class='ocr_line' id='line_1_67' title="bbox 1185 1299 2021 1351; baseline 0.001 -12"><span class='ocrx_word' id='word_1_324' title='bbox 1185 1300 1283 1340; x_wconf 88' lang='lat' dir='ltr'>Cum</span> <span class='ocrx_word' id='word_1_325' title='bbox 1312 1299 1487 1340; x_wconf 78' lang='lat' dir='ltr'>Asiatici</span> <span class='ocrx_word' id='word_1_326' title='bbox 1516 1299 1718 1351; x_wconf 80' lang='lat' dir='ltr'>publicani</span> <span class='ocrx_word' id='word_1_327' title='bbox 1745 1300 1933 1350; x_wconf 63' lang='lat' dir='ltr'>exiguam</span> <span class='ocrx_word' id='word_1_328' title='bbox 1952 1302 2021 1340; x_wconf 86' lang='lat' dir='ltr'>ad-</span> 
     </span>
     <span class='ocr_line' id='line_1_68' title="bbox 1128 1364 2024 1418; baseline 0.002 -15"><span class='ocrx_word' id='word_1_329' title='bbox 1128 1366 1283 1404; x_wconf 85' lang='lat' dir='ltr'>modum</span> <span class='ocrx_word' id='word_1_330' title='bbox 1296 1365 1534 1416; x_wconf 79' lang='lat' dir='ltr'>particulam</span> <span class='ocrx_word' id='word_1_331' title='bbox 1547 1364 1762 1416; x_wconf 80' lang='lat' dir='ltr'>habuisset]</span> <span class='ocrx_word' id='word_1_332' title='bbox 1791 1365 1864 1405; x_wconf 89' lang='lat' dir='ltr'>Ita</span> <span class='ocrx_word' id='word_1_333' title='bbox 1878 1365 2024 1418; x_wconf 89' lang='lat' dir='ltr'>vulgo.</span> 
     </span>
     <span class='ocr_line' id='line_1_69' title="bbox 1129 1427 2024 1480; baseline 0.001 -13"><span class='ocrx_word' id='word_1_334' title='bbox 1129 1427 1440 1480; x_wconf 87' lang='lat' dir='ltr'>Depravarunt</span> <span class='ocrx_word' id='word_1_335' title='bbox 1484 1427 1658 1480; x_wconf 88' lang='lat' dir='ltr'>quidem</span> <span class='ocrx_word' id='word_1_336' title='bbox 1704 1429 1847 1469; x_wconf 89' lang='lat' dir='ltr'>locum</span> <span class='ocrx_word' id='word_1_337' title='bbox 1890 1428 2024 1479; x_wconf 87' lang='lat' dir='ltr'>scioli,</span> 
     </span>
     <span class='ocr_line' id='line_1_70' title="bbox 1128 1492 2024 1546; baseline 0 -14"><span class='ocrx_word' id='word_1_338' title='bbox 1128 1492 1201 1546; x_wconf 91' lang='lat' dir='ltr'>qui</span> <span class='ocrx_word' id='word_1_339' title='bbox 1224 1499 1368 1533; x_wconf 86' lang='lat' dir='ltr'>tamen</span> <span class='ocrx_word' id='word_1_340' title='bbox 1389 1492 1580 1532; x_wconf 85' lang='lat' dir='ltr'>sincerus</span> <span class='ocrx_word' id='word_1_341' title='bbox 1603 1492 1810 1532; x_wconf 87' lang='lat' dir='ltr'>remansit</span> <span class='ocrx_word' id='word_1_342' title='bbox 1837 1492 1878 1532; x_wconf 89' lang='lat' dir='ltr'>in</span> <span class='ocrx_word' id='word_1_343' title='bbox 1899 1493 2024 1533; x_wconf 91' lang='lat' dir='ltr'>Cam·</span> 
     </span>
     <span class='ocr_line' id='line_1_71' title="bbox 1130 1555 2027 1610; baseline -0.002 -12"><span class='ocrx_word' id='word_1_344' title='bbox 1130 1557 1269 1610; x_wconf 87' lang='lat' dir='ltr'>pensi,</span> <span class='ocrx_word' id='word_1_345' title='bbox 1291 1556 1502 1596; x_wconf 87' lang='lat' dir='ltr'>Wincbel.</span> <span class='ocrx_word' id='word_1_346' title='bbox 1550 1556 1811 1607; x_wconf 85' lang='lat' dir='ltr'>Coloniensi,</span> <span class='ocrx_word' id='word_1_347' title='bbox 1830 1563 1875 1597; x_wconf 90' lang='lat' dir='ltr'>et</span> <span class='ocrx_word' id='word_1_348' title='bbox 1895 1555 2027 1597; x_wconf 79' lang='lat' dir='ltr'>Atre-</span> 
     </span>
     <span class='ocr_line' id='line_1_72' title="bbox 1129 1620 2026 1674; baseline 0.001 -13"><span class='ocrx_word' id='word_1_349' title='bbox 1129 1620 1301 1662; x_wconf 85' lang='lat' dir='ltr'>batensi</span> <span class='ocrx_word' id='word_1_350' title='bbox 1317 1620 1648 1673; x_wconf 85' lang='lat' dir='ltr'>exemplaribus,</span> <span class='ocrx_word' id='word_1_351' title='bbox 1676 1621 1719 1660; x_wconf 89' lang='lat' dir='ltr'>in</span> <span class='ocrx_word' id='word_1_352' title='bbox 1735 1620 1891 1674; x_wconf 87' lang='lat' dir='ltr'>quibus</span> <span class='ocrx_word' id='word_1_353' title='bbox 1905 1621 2026 1662; x_wconf 79' lang='lat' dir='ltr'>Asia-</span> 
     </span>
     <span class='ocr_line' id='line_1_73' title="bbox 1131 1684 2024 1737; baseline 0 -12"><span class='ocrx_word' id='word_1_354' title='bbox 1131 1685 1203 1725; x_wconf 85' lang='lat' dir='ltr'>tici</span> <span class='ocrx_word' id='word_1_355' title='bbox 1237 1684 1383 1736; x_wconf 83' lang='lat' dir='ltr'>publici</span> <span class='ocrx_word' id='word_1_356' title='bbox 1418 1685 1592 1736; x_wconf 87' lang='lat' dir='ltr'>legitur.</span> <span class='ocrx_word' id='word_1_357' title='bbox 1664 1685 1867 1737; x_wconf 88' lang='lat' dir='ltr'>Vectigal</span> <span class='ocrx_word' id='word_1_358' title='bbox 1910 1686 2024 1725; x_wconf 88' lang='lat' dir='ltr'>enim</span> 
     </span>
     <span class='ocr_line' id='line_1_74' title="bbox 1131 1749 2026 1802; baseline -0.001 -12"><span class='ocrx_word' id='word_1_359' title='bbox 1131 1749 1281 1802; x_wconf 87' lang='lat' dir='ltr'>populi</span> <span class='ocrx_word' id='word_1_360' title='bbox 1334 1749 1514 1790; x_wconf 90' lang='lat' dir='ltr'>Romani</span> <span class='ocrx_word' id='word_1_361' title='bbox 1567 1749 1777 1789; x_wconf 84' lang='lat' dir='ltr'>Publicum</span> <span class='ocrx_word' id='word_1_362' title='bbox 1830 1750 2026 1802; x_wconf 82' lang='lat' dir='ltr'>appellat</span> 
     </span>
     <span class='ocr_line' id='line_1_75' title="bbox 1132 1812 2025 1865; baseline 0.001 -12"><span class='ocrx_word' id='word_1_363' title='bbox 1132 1812 1347 1865; x_wconf 81' lang='lat' dir='ltr'>Valerius,</span> <span class='ocrx_word' id='word_1_364' title='bbox 1374 1825 1460 1852; x_wconf 91' lang='lat' dir='ltr'>non</span> <span class='ocrx_word' id='word_1_365' title='bbox 1489 1824 1611 1853; x_wconf 88' lang='lat' dir='ltr'>secus</span> <span class='ocrx_word' id='word_1_366' title='bbox 1637 1825 1687 1854; x_wconf 89' lang='lat' dir='ltr'>ac</span> <span class='ocrx_word' id='word_1_367' title='bbox 1709 1813 1863 1854; x_wconf 90' lang='lat' dir='ltr'>Cicero</span> <span class='ocrx_word' id='word_1_368' title='bbox 1884 1813 1937 1854; x_wconf 91' lang='lat' dir='ltr'>ad</span> <span class='ocrx_word' id='word_1_369' title='bbox 1967 1814 2025 1855; x_wconf 87' lang='lat' dir='ltr'>Q.</span> 
     </span>
     <span class='ocr_line' id='line_1_76' title="bbox 1134 1875 2027 1929; baseline 0 -13"><span class='ocrx_word' id='word_1_370' title='bbox 1134 1875 1316 1917; x_wconf 88' lang='lat' dir='ltr'>fratrem</span> <span class='ocrx_word' id='word_1_371' title='bbox 1332 1876 1524 1917; x_wconf 86' lang='lat' dir='ltr'>scribens</span> <span class='ocrx_word' id='word_1_372' title='bbox 1542 1890 1552 1917; x_wconf 75' lang='lat' dir='ltr'>z</span> <span class='ocrx_word' id='word_1_373' title='bbox 1575 1877 1587 1900; x_wconf 91' lang='lat'>‘</span> <span class='ocrx_word' id='word_1_374' title='bbox 1605 1876 1691 1917; x_wconf 91' lang='lat' dir='ltr'>Hic</span> <span class='ocrx_word' id='word_1_375' title='bbox 1707 1882 1753 1917; x_wconf 91' lang='lat' dir='ltr'>te</span> <span class='ocrx_word' id='word_1_376' title='bbox 1768 1877 1829 1917; x_wconf 87' lang='lat' dir='ltr'>ita</span> <span class='ocrx_word' id='word_1_377' title='bbox 1845 1877 2027 1929; x_wconf 87' lang='lat' dir='ltr'>versari,</span> 
     </span>
     <span class='ocr_line' id='line_1_77' title="bbox 1136 1939 2028 1994; baseline -0.001 -12"><span class='ocrx_word' id='word_1_378' title='bbox 1136 1948 1185 1982; x_wconf 87' lang='lat' dir='ltr'>ut</span> <span class='ocrx_word' id='word_1_379' title='bbox 1205 1947 1250 1982; x_wconf 88' lang='lat' dir='ltr'>et</span> <span class='ocrx_word' id='word_1_380' title='bbox 1270 1941 1513 1994; x_wconf 87' lang='lat' dir='ltr'>publicanis</span> <span class='ocrx_word' id='word_1_381' title='bbox 1548 1939 1805 1992; x_wconf 87' lang='lat' dir='ltr'>satisfacias,</span> <span class='ocrx_word' id='word_1_382' title='bbox 1840 1953 2028 1994; x_wconf 86' lang='lat' dir='ltr'>praeser-</span> 
     </span>
     <span class='ocr_line' id='line_1_78' title="bbox 1139 2004 2027 2058; baseline 0 -12"><span class='ocrx_word' id='word_1_383' title='bbox 1139 2006 1217 2047; x_wconf 92' lang='lat' dir='ltr'>tim</span> <span class='ocrx_word' id='word_1_384' title='bbox 1256 2005 1440 2058; x_wconf 86' lang='lat' dir='ltr'>publicis</span> <span class='ocrx_word' id='word_1_385' title='bbox 1476 2006 1591 2046; x_wconf 90' lang='lat' dir='ltr'>male</span> <span class='ocrx_word' id='word_1_386' title='bbox 1626 2004 1896 2057; x_wconf 62' lang='lat' dir='ltr'>redemptis!</span> <span class='ocrx_word' id='word_1_387' title='bbox 1961 2005 2027 2046; x_wconf 84' lang='lat' dir='ltr'>Ut</span> 
     </span>
     <span class='ocr_line' id='line_1_79' title="bbox 1139 2069 2029 2122; baseline -0.002 -12"><span class='ocrx_word' id='word_1_388' title='bbox 1139 2070 1270 2110; x_wconf 88' lang='lat' dir='ltr'>etiam</span> <span class='ocrx_word' id='word_1_389' title='bbox 1289 2070 1462 2111; x_wconf 78' lang='lat' dir='ltr'>Tacitus</span> <span class='ocrx_word' id='word_1_390' title='bbox 1490 2069 1565 2111; x_wconf 90' lang='lat' dir='ltr'>lib.</span> <span class='ocrx_word' id='word_1_391' title='bbox 1595 2080 1703 2110; x_wconf 85' lang='lat' dir='ltr'>xm.</span> <span class='ocrx_word' id='word_1_392' title='bbox 1760 2069 1772 2091; x_wconf 90' lang='lat'>‘</span> <span class='ocrx_word' id='word_1_393' title='bbox 1793 2070 1908 2122; x_wconf 82' lang='lat' dir='ltr'>Ergo</span> <span class='ocrx_word' id='word_1_394' title='bbox 1942 2069 2029 2109; x_wconf 89' lang='lat' dir='ltr'>edi-</span> 
     </span>
     <span class='ocr_line' id='line_1_80' title="bbox 1139 2133 2028 2186; baseline -0.001 -12"><span class='ocrx_word' id='word_1_395' title='bbox 1139 2134 1202 2174; x_wconf 90' lang='lat' dir='ltr'>cit</span> <span class='ocrx_word' id='word_1_396' title='bbox 1223 2133 1444 2186; x_wconf 82' lang='lat' dir='ltr'>princeps,</span> <span class='ocrx_word' id='word_1_397' title='bbox 1459 2139 1509 2174; x_wconf 92' lang='lat' dir='ltr'>ut</span> <span class='ocrx_word' id='word_1_398' title='bbox 1540 2134 1659 2185; x_wconf 85' lang='lat' dir='ltr'>leges</span> <span class='ocrx_word' id='word_1_399' title='bbox 1681 2133 1892 2186; x_wconf 91' lang='lat' dir='ltr'>cujusque</span> <span class='ocrx_word' id='word_1_400' title='bbox 1918 2133 2028 2186; x_wconf 91' lang='lat' dir='ltr'>pub-</span> 
     </span>
     <span class='ocr_line' id='line_1_81' title="bbox 1138 2196 2029 2250; baseline -0.001 -13"><span class='ocrx_word' id='word_1_401' title='bbox 1138 2197 1232 2249; x_wconf 88' lang='lat' dir='ltr'>lici,</span> <span class='ocrx_word' id='word_1_402' title='bbox 1249 2198 1432 2238; x_wconf 87' lang='lat' dir='ltr'>occultae</span> <span class='ocrx_word' id='word_1_403' title='bbox 1448 2197 1502 2237; x_wconf 91' lang='lat' dir='ltr'>ad</span> <span class='ocrx_word' id='word_1_404' title='bbox 1524 2196 1567 2237; x_wconf 89' lang='lat' dir='ltr'>id</span> <span class='ocrx_word' id='word_1_405' title='bbox 1590 2197 2029 2250; x_wconf 86' lang='lat' dir='ltr'>tempus,proscribe·</span> 
     </span>
     <span class='ocr_line' id='line_1_82' title="bbox 1141 2261 1482 2303; baseline 0.003 -1"><span class='ocrx_word' id='word_1_406' title='bbox 1141 2261 1322 2303; x_wconf 65' lang='lat' dir='ltr'>rentur!</span> <span class='ocrx_word' id='word_1_407' title='bbox 1358 2262 1482 2303; x_wconf 86' lang='lat' dir='ltr'>Idem.</span> 
     </span>
    </p>

    <p class='ocr_par' dir='ltr' id='par_1_12' title="bbox 1140 2324 2028 2440">
     <span class='ocr_line' id='line_1_83' title="bbox 1198 2324 2028 2378; baseline -0.001 -13"><span class='ocrx_word' id='word_1_408' title='bbox 1198 2324 1401 2376; x_wconf 79' lang='lat' dir='ltr'>Fascibus]</span> <span class='ocrx_word' id='word_1_409' title='bbox 1459 2325 1558 2366; x_wconf 88' lang='lat' dir='ltr'>Hoc</span> <span class='ocrx_word' id='word_1_410' title='bbox 1595 2330 1678 2378; x_wconf 91' lang='lat' dir='ltr'>est,</span> <span class='ocrx_word' id='word_1_411' title='bbox 1715 2324 1912 2378; x_wconf 88' lang='lat' dir='ltr'>imperio,</span> <span class='ocrx_word' id='word_1_412' title='bbox 1948 2336 2028 2377; x_wconf 90' lang='lat' dir='ltr'>per</span> 
     </span>
     <span class='ocr_line' id='line_1_84' title="bbox 1140 2387 1800 2440; baseline 0 -12"><span class='ocrx_word' id='word_1_413' title='bbox 1140 2387 1280 2429; x_wconf 84' lang='lat' dir='ltr'>fasces</span> <span class='ocrx_word' id='word_1_414' title='bbox 1301 2394 1346 2429; x_wconf 91' lang='lat' dir='ltr'>et</span> <span class='ocrx_word' id='word_1_415' title='bbox 1364 2389 1540 2429; x_wconf 86' lang='lat' dir='ltr'>lictores</span> <span class='ocrx_word' id='word_1_416' title='bbox 1559 2388 1800 2440; x_wconf 87' lang='lat' dir='ltr'>designato.</span> 
     </span>
    </p>

    <p class='ocr_par' dir='ltr' id='par_1_13' title="bbox 1140 2452 2031 2751">
     <span class='ocr_line' id='line_1_85' title="bbox 1200 2452 2026 2505; baseline -0.001 -11"><span class='ocrx_word' id='word_1_417' title='bbox 1200 2452 1431 2494; x_wconf 73' lang='lat' dir='ltr'>Tribunalia</span> <span class='ocrx_word' id='word_1_418' title='bbox 1476 2453 1719 2505; x_wconf 81' lang='lat' dir='ltr'>adulantem]</span> <span class='ocrx_word' id='word_1_419' title='bbox 1787 2453 2026 2494; x_wconf 77' lang='lat' dir='ltr'>Adulantem</span> 
     </span>
     <span class='ocr_line' id='line_1_86' title="bbox 1143 2516 2027 2570; baseline 0.001 -13"><span class='ocrx_word' id='word_1_420' title='bbox 1143 2530 1237 2558; x_wconf 88' lang='lat' dir='ltr'>cum</span> <span class='ocrx_word' id='word_1_421' title='bbox 1258 2517 1511 2558; x_wconf 86' lang='lat' dir='ltr'>accusativo</span> <span class='ocrx_word' id='word_1_422' title='bbox 1523 2517 1624 2557; x_wconf 90' lang='lat' dir='ltr'>alibi</span> <span class='ocrx_word' id='word_1_423' title='bbox 1637 2517 1770 2558; x_wconf 89' lang='lat' dir='ltr'>etiam</span> <span class='ocrx_word' id='word_1_424' title='bbox 1786 2516 2027 2570; x_wconf 88' lang='lat' dir='ltr'>conjunxit.</span> 
     </span>
     <span class='ocr_line' id='line_1_87' title="bbox 1140 2581 2031 2633; baseline -0.001 -11"><span class='ocrx_word' id='word_1_425' title='bbox 1140 2581 1459 2623; x_wconf 86' lang='lat' dir='ltr'>Assentabatur</span> <span class='ocrx_word' id='word_1_426' title='bbox 1492 2588 1635 2622; x_wconf 85' lang='lat' dir='ltr'>autem</span> <span class='ocrx_word' id='word_1_427' title='bbox 1665 2582 1769 2633; x_wconf 89' lang='lat' dir='ltr'>illis,</span> <span class='ocrx_word' id='word_1_428' title='bbox 1797 2587 1846 2622; x_wconf 89' lang='lat' dir='ltr'>ut</span> <span class='ocrx_word' id='word_1_429' title='bbox 1874 2582 1918 2622; x_wconf 90' lang='lat' dir='ltr'>in</span> <span class='ocrx_word' id='word_1_430' title='bbox 1943 2581 2031 2622; x_wconf 83' lang='lat' dir='ltr'>exi-</span> 
     </span>
     <span class='ocr_line' id='line_1_88' title="bbox 1143 2646 2028 2699; baseline 0.002 -13"><span class='ocrx_word' id='word_1_431' title='bbox 1143 2646 1294 2699; x_wconf 85' lang='lat' dir='ltr'>gendis</span> <span class='ocrx_word' id='word_1_432' title='bbox 1338 2646 1628 2698; x_wconf 84' lang='lat' dir='ltr'>vectigalibus</span> <span class='ocrx_word' id='word_1_433' title='bbox 1669 2646 1753 2687; x_wconf 86' lang='lat' dir='ltr'>sibi</span> <span class='ocrx_word' id='word_1_434' title='bbox 1809 2646 2028 2688; x_wconf 88' lang='lat' dir='ltr'>adessent.</span> 
     </span>
     <span class='ocr_line' id='line_1_89' title="bbox 1145 2711 1256 2751; baseline 0 -1"><span class='ocrx_word' id='word_1_435' title='bbox 1145 2711 1256 2751; x_wconf 87' lang='lat' dir='ltr'>Oliv.</span> 
     </span>
    </p>

    <p class='ocr_par' dir='ltr' id='par_1_14' title="bbox 1143 2772 2030 3464">
     <span class='ocr_line' id='line_1_90' title="bbox 1196 2772 2030 2827; baseline -0.002 -12"><span class='ocrx_word' id='word_1_436' title='bbox 1196 2776 1260 2827; x_wconf 71' lang='lat'>§8</span> <span class='ocrx_word' id='word_1_437' title='bbox 1289 2774 1370 2815; x_wconf 85' lang='lat' dir='ltr'>Sed</span> <span class='ocrx_word' id='word_1_438' title='bbox 1388 2785 1542 2826; x_wconf 84' lang='lat' dir='ltr'>operam</span> <span class='ocrx_word' id='word_1_439' title='bbox 1558 2772 1779 2825; x_wconf 80' lang='lat' dir='ltr'>publicanis</span> <span class='ocrx_word' id='word_1_440' title='bbox 1795 2772 1923 2824; x_wconf 82' lang='lat' dir='ltr'>dedit]</span> <span class='ocrx_word' id='word_1_441' title='bbox 1941 2774 2030 2814; x_wconf 89' lang='lat' dir='ltr'>Ve-</span> 
     </span>
     <span class='ocr_line' id='line_1_91' title="bbox 1143 2837 2030 2890; baseline -0.001 -11"><span class='ocrx_word' id='word_1_442' title='bbox 1143 2843 1258 2879; x_wconf 85' lang='lat' dir='ltr'>teres</span> <span class='ocrx_word' id='word_1_443' title='bbox 1288 2838 1387 2879; x_wconf 87' lang='lat' dir='ltr'>libri</span> <span class='ocrx_word' id='word_1_444' title='bbox 1416 2837 1704 2882; x_wconf 84' lang='lat' dir='ltr'>multitudinis</span> <span class='ocrx_word' id='word_1_445' title='bbox 1734 2850 1853 2888; x_wconf 90' lang='lat' dir='ltr'>casu,</span> <span class='ocrx_word' id='word_1_446' title='bbox 1880 2850 2030 2890; x_wconf 85' lang='lat' dir='ltr'>operas,</span> 
     </span>
     <span class='ocr_line' id='line_1_92' title="bbox 1143 2902 2030 2944; baseline 0 -2"><span class='ocrx_word' id='word_1_447' title='bbox 1143 2902 1306 2944; x_wconf 90' lang='lat' dir='ltr'>dicunt.</span> <span class='ocrx_word' id='word_1_448' title='bbox 1363 2903 1424 2943; x_wconf 91' lang='lat' dir='ltr'>Ut</span> <span class='ocrx_word' id='word_1_449' title='bbox 1441 2902 1570 2942; x_wconf 86' lang='lat' dir='ltr'>etiam</span> <span class='ocrx_word' id='word_1_450' title='bbox 1588 2903 1742 2943; x_wconf 87' lang='lat' dir='ltr'>Cicero</span> <span class='ocrx_word' id='word_1_451' title='bbox 1757 2903 1810 2943; x_wconf 90' lang='lat' dir='ltr'>ad</span> <span class='ocrx_word' id='word_1_452' title='bbox 1832 2902 2030 2944; x_wconf 85' lang='lat' dir='ltr'>Atticum</span> 
     </span>
     <span class='ocr_line' id='line_1_93' title="bbox 1150 2966 2030 3019; baseline 0 -13"><span class='ocrx_word' id='word_1_453' title='bbox 1150 2967 1343 3008; x_wconf 88' lang='lat' dir='ltr'>lib.xm.</span> <span class='ocrx_word' id='word_1_454' title='bbox 1379 2966 1392 2989; x_wconf 87' lang='lat'>‘</span> <span class='ocrx_word' id='word_1_455' title='bbox 1407 2966 1443 3006; x_wconf 90' lang='lat' dir='ltr'><strong>A</strong></span> <span class='ocrx_word' id='word_1_456' title='bbox 1468 2971 1512 3006; x_wconf 91' lang='lat' dir='ltr'>te</span> <span class='ocrx_word' id='word_1_457' title='bbox 1532 2972 1636 3019; x_wconf 90' lang='lat' dir='ltr'>peto</span> <span class='ocrx_word' id='word_1_458' title='bbox 1657 2979 1850 3019; x_wconf 88' lang='lat' dir='ltr'>puerum,</span> <span class='ocrx_word' id='word_1_459' title='bbox 1872 2967 1942 3019; x_wconf 88' lang='lat' dir='ltr'>qui</span> <span class='ocrx_word' id='word_1_460' title='bbox 1963 2971 2030 3006; x_wconf 92' lang='lat' dir='ltr'>est</span> 
     </span>
     <span class='ocr_line' id='line_1_94' title="bbox 1143 3028 2030 3083; baseline -0.003 -12"><span class='ocrx_word' id='word_1_461' title='bbox 1143 3030 1187 3071; x_wconf 87' lang='lat' dir='ltr'>in</span> <span class='ocrx_word' id='word_1_462' title='bbox 1225 3030 1370 3083; x_wconf 88' lang='lat' dir='ltr'>operis</span> <span class='ocrx_word' id='word_1_463' title='bbox 1417 3030 1511 3082; x_wconf 90' lang='lat' dir='ltr'>ejus</span> <span class='ocrx_word' id='word_1_464' title='bbox 1549 3030 1788 3081; x_wconf 91' lang='lat' dir='ltr'>societatis,</span> <span class='ocrx_word' id='word_1_465' title='bbox 1834 3028 2030 3070; x_wconf 89' lang='lat' dir='ltr'>omnibus</span> 
     </span>
     <span class='ocr_line' id='line_1_95' title="bbox 1144 3087 2028 3145; baseline -0.006 -10"><span class='ocrx_word' id='word_1_466' title='bbox 1144 3094 1230 3134; x_wconf 91' lang='lat' dir='ltr'>tuis</span> <span class='ocrx_word' id='word_1_467' title='bbox 1264 3091 1414 3135; x_wconf 89' lang='lat' dir='ltr'>officiis</span> <span class='ocrx_word' id='word_1_468' title='bbox 1447 3087 1578 3145; x_wconf 85' lang='lat' dir='ltr'>atque</span> <span class='ocrx_word' id='word_1_469' title='bbox 1615 3092 1729 3132; x_wconf 91' lang='lat' dir='ltr'>omni</span> <span class='ocrx_word' id='word_1_470' title='bbox 1767 3091 2028 3131; x_wconf 88' lang='lat' dir='ltr'>liberalitate</span> 
     </span>
     <span class='ocr_line' id='line_1_96' title="bbox 1145 3154 2028 3208; baseline -0.007 -10"><span class='ocrx_word' id='word_1_471' title='bbox 1145 3163 1288 3199; x_wconf 88' lang='lat' dir='ltr'>tutare</span> <span class='ocrx_word' id='word_1_472' title='bbox 1305 3170 1316 3197; x_wconf 70' lang='grc' dir='ltr'>ι</span> <span class='ocrx_word' id='word_1_473' title='bbox 1348 3167 1556 3208; x_wconf 88' lang='lat' dir='ltr'>curesque</span> <span class='ocrx_word' id='word_1_474' title='bbox 1575 3161 1623 3195; x_wconf 90' lang='lat' dir='ltr'>ut</span> <span class='ocrx_word' id='word_1_475' title='bbox 1639 3154 1727 3206; x_wconf 87' lang='lat' dir='ltr'>ejus</span> <span class='ocrx_word' id='word_1_476' title='bbox 1741 3166 1884 3206; x_wconf 85' lang='lat' dir='ltr'>operae</span> <span class='ocrx_word' id='word_1_477' title='bbox 1900 3165 2028 3206; x_wconf 90' lang='lat' dir='ltr'>quam</span> 
     </span>
     <span class='ocr_line' id='line_1_97' title="bbox 1146 3219 2029 3276; baseline -0.009 -13"><span class='ocrx_word' id='word_1_478' title='bbox 1146 3222 1400 3276; x_wconf 73' lang='lat' dir='ltr'>gratissimae</span> <span class='ocrx_word' id='word_1_479' title='bbox 1421 3222 1507 3261; x_wconf 91' lang='lat' dir='ltr'>sint</span> <span class='ocrx_word' id='word_1_480' title='bbox 1540 3219 1700 3261; x_wconf 90' lang='lat' dir='ltr'>sociis.’</span> <span class='ocrx_word' id='word_1_481' title='bbox 1756 3219 1924 3257; x_wconf 89' lang='lat' dir='ltr'>Diurna</span> <span class='ocrx_word' id='word_1_482' title='bbox 1943 3228 2029 3256; x_wconf 86' lang='lat' dir='ltr'>ser·</span> 
     </span>
     <span class='ocr_line' id='line_1_98' title="bbox 1146 3279 2028 3335; baseline -0.011 -7"><span class='ocrx_word' id='word_1_483' title='bbox 1146 3288 1251 3327; x_wconf 82' lang='lat' dir='ltr'>vitia</span> <span class='ocrx_word' id='word_1_484' title='bbox 1290 3291 1417 3326; x_wconf 90' lang='lat' dir='ltr'>vocat</span> <span class='ocrx_word' id='word_1_485' title='bbox 1451 3296 1600 3335; x_wconf 80' lang='lat' dir='ltr'>operas,</span> <span class='ocrx_word' id='word_1_486' title='bbox 1641 3294 1735 3334; x_wconf 84' lang='lat' dir='ltr'>quae</span> <span class='ocrx_word' id='word_1_487' title='bbox 1774 3279 2028 3320; x_wconf 83' lang='lat' dir='ltr'>conductitii</span> 
     </span>
     <span class='ocr_line' id='line_1_99' title="bbox 1147 3341 2029 3400; baseline -0.008 -11"><span class='ocrx_word' id='word_1_488' title='bbox 1147 3350 1189 3390; x_wconf 87' lang='lat' dir='ltr'>iu</span> <span class='ocrx_word' id='word_1_489' title='bbox 1227 3346 1447 3400; x_wconf 85' lang='lat' dir='ltr'>exigendis</span> <span class='ocrx_word' id='word_1_490' title='bbox 1499 3344 1701 3396; x_wconf 86' lang='lat' dir='ltr'>portoriis</span> <span class='ocrx_word' id='word_1_491' title='bbox 1752 3341 2029 3394; x_wconf 74' lang='lat' dir='ltr'>praestabant.</span> 
     </span>
     <span class='ocr_line' id='line_1_100' title="bbox 1147 3413 1272 3464; baseline -0.016 -10"><span class='ocrx_word' id='word_1_492' title='bbox 1147 3413 1272 3464; x_wconf 82' lang='lat' dir='ltr'>Pigh.</span> 
     </span>
    </p>

    <p class='ocr_par' dir='ltr' id='par_1_15' title="bbox 1150 3468 2029 3589">
     <span class='ocr_line' id='line_1_101' title="bbox 1202 3468 2029 3526; baseline -0.013 -8"><span class='ocrx_word' id='word_1_493' title='bbox 1202 3478 1284 3518; x_wconf 82' lang='lat' dir='ltr'>Sed</span> <span class='ocrx_word' id='word_1_494' title='bbox 1301 3484 1437 3526; x_wconf 83' lang='lat' dir='ltr'>operas</span> <span class='ocrx_word' id='word_1_495' title='bbox 1451 3468 1670 3522; x_wconf 78' lang='lat' dir='ltr'>publicanis</span> <span class='ocrx_word' id='word_1_496' title='bbox 1686 3469 1793 3508; x_wconf 86' lang='lat' dir='ltr'>dedit</span> <span class='ocrx_word' id='word_1_497' title='bbox 1808 3482 1822 3508; x_wconf 91' lang='lat'>.·</span> <span class='ocrx_word' id='word_1_498' title='bbox 1851 3468 1952 3508; x_wconf 85' lang='lat' dir='ltr'>idem</span> <span class='ocrx_word' id='word_1_499' title='bbox 1970 3469 2029 3507; x_wconf 86' lang='lat' dir='ltr'>ul·</span> 
     </span>
     <span class='ocr_line' id='line_1_102' title="bbox 1150 3531 2029 3589; baseline -0.014 -6"><span class='ocrx_word' id='word_1_500' title='bbox 1150 3543 1284 3583; x_wconf 81' lang='lat' dir='ltr'>limam</span> <span class='ocrx_word' id='word_1_501' title='bbox 1295 3536 1463 3589; x_wconf 81' lang='lat' dir='ltr'>inopiam</span> <span class='ocrx_word' id='word_1_502' title='bbox 1473 3545 1596 3585; x_wconf 82' lang='lat' dir='ltr'>suam,</span> <span class='ocrx_word' id='word_1_503' title='bbox 1609 3531 1694 3583; x_wconf 56' lang='lat' dir='ltr'>isca]</span> <span class='ocrx_word' id='word_1_504' title='bbox 1722 3531 1884 3584; x_wconf 82' lang='lat' dir='ltr'>Scribe,</span> <span class='ocrx_word' id='word_1_505' title='bbox 1895 3532 1937 3571; x_wconf 85' lang='lat' dir='ltr'>id</span> <span class='ocrx_word' id='word_1_506' title='bbox 1952 3536 2029 3582; x_wconf 79' lang='lat' dir='ltr'>est,</span> 
     </span>
    </p>
   </div>
  </div>
 </body>
</html>
