2346 3996
399 303 534 360 1222

383 436 481 476 dem
508 446 596 487 >spe
634 433 771 474 fretus
809 433 891 473 sibi
935 440 1020 474 tam
1060 434 1263 474 audacter

381 499 618 549 resisteret,
631 498 880 547 Senectute,
900 497 1135 548 respondit,
1148 501 1261 537 teste

382 563 592 603 Cicerone
624 561 695 600 lib.
724 561 778 601 de
807 560 1051 601 Senectute.
1110 563 1166 600 Et
1193 572 1263 610 ego

381 626 520 676 annos]
576 625 642 665 Ac
663 625 698 664 si
726 624 906 671 diceret,
927 627 1045 676 parvi
1073 623 1183 665 facio
1203 625 1262 664 vi-

381 695 469 730 tam
500 701 634 729 meam
665 689 708 728 in
742 694 829 728 tam
863 689 1085 740 decrepita
1115 692 1260 730 aetate.

385 754 534 795 Oliver.

436 821 458 870 ᾗ
478 821 526 857 11
540 818 649 868 Jam,
661 816 746 868 asa]
773 816 942 868 Contig.
957 815 1008 856 A.
1022 815 1076 855 U.
1091 826 1258 856 Dccvn.

435 883 504 921 Ex
510 881 612 935 fisco
630 880 719 932 suo]
747 881 909 920 AErario
930 892 1020 920 suo.

434 948 456 997 ξ
471 949 521 984 12
534 945 590 985 A.
606 945 819 995 Caesellius,
831 943 916 996 ξω]
946 944 1030 983 Hic
1040 944 1068 986 J
1075 943 1258 983 uriscon-

381 1010 519 1049 sultus
538 1007 633 1059 fuit,
656 1007 728 1060 qui
748 1006 960 1048 beneficia
977 1007 1169 1058 quaedam
1190 1019 1259 1045 ac-

380 1077 555 1124 ceperat
569 1084 593 1110 a
609 1070 857 1120 triumviris,
871 1082 895 1108 a
908 1069 1061 1121 quibus
1073 1080 1151 1108 nec
1166 1081 1258 1120 gra-

380 1135 458 1185 tia,
478 1145 558 1173 nec
578 1133 840 1172 authoritate
873 1131 1016 1171 induci
1037 1132 1190 1182 potuit,
1212 1137 1260 1171 ut

380 1197 434 1237 de
462 1198 543 1236 illis
575 1194 794 1236 beneficiis
825 1194 1047 1233 formulam
1078 1194 1260 1245 aliquam

379 1264 674 1312 componeret.
729 1257 929 1309 Suntqui
960 1262 1130 1307 putant,
1148 1256 1259 1308 quod

376 1322 579 1362 volebant
601 1320 829 1369 triumviri,
849 1326 895 1358 ut
916 1319 1147 1358 divenditis
1168 1331 1260 1370 pro·

379 1387 637 1437 scriptorum
685 1381 824 1431 bonis,
883 1390 1028 1422 eorum
1076 1381 1260 1434 aliquam

380 1449 603 1489 formulam
632 1445 785 1486 ederet
818 1446 1049 1496 Caesellius,
1068 1447 1181 1498 quod
1211 1452 1260 1487 ut

374 1506 560 1563 faceret,
578 1522 788 1562 nunquam
810 1509 970 1560 impelli
1000 1509 1155 1560 potuit,
1177 1523 1259 1562 quo

377 1576 583 1615 videlicet
620 1574 885 1613 existimaret
917 1576 1071 1612 cuncta
1090 1573 1259 1613 illorum

378 1637 591 1678 beneficia
611 1638 736 1688 longe
767 1640 931 1675 remota
963 1647 1054 1675 esse
1076 1648 1099 1675 a
1118 1636 1258 1687 legum

368 1702 549 1755 judicio.
607 1701 769 1742 Rursus
789 1713 883 1741 cum
905 1699 1040 1739 libere
1060 1701 1183 1739 nimis
1205 1701 1258 1740 de

379 1765 644 1817 temporibus
673 1765 936 1817 loqueretur,
957 1765 1071 1816 quod
1105 1765 1258 1805 misera

378 1835 538 1880 essent,
558 1834 601 1869 et
621 1828 700 1869 sub
720 1833 771 1868 eo
800 1828 976 1879 imperio
996 1828 1256 1879 calamitosa,

378 1894 472 1935 siue
506 1893 637 1933 dubio
671 1892 988 1932 triumvirorum
1027 1891 1258 1931 crudelita-

380 1965 464 1998 tem
498 1957 721 2009 carpebat,
740 1956 868 2008 idque
895 1966 949 1994 ne
977 1953 1141 1995 faceret
1162 1967 1257 1994 cum

380 2023 680 2063 admoneretur
701 2033 724 2059 a
744 2019 846 2069 suis,
865 2018 1123 2070 respondere
1151 2019 1258 2058 sole—

379 2088 471 2136 bat,
491 2085 576 2125 duo
597 2096 708 2135 esse,
728 2096 821 2136 quae
854 2084 1027 2124 dicendi
1060 2095 1256 2135 magnam

379 2153 635 2203 praestarent
665 2147 904 2198 audaciam,
921 2153 1186 2187 senectutem
1215 2153 1260 2187 et

379 2213 627 2254 orbitatem.
681 2213 752 2251 De
783 2211 862 2250 hoc
895 2211 1089 2251 Caesellio
1120 2211 1259 2251 Hora-

380 2277 463 2316 tius
483 2276 525 2315 in
544 2275 651 2315 Arte
672 2273 881 2314 Poetica:
913 2274 926 2295 ‘
946 2275 1174 2315 Consultus
1189 2276 1259 2326 ju-

378 2341 436 2381 ris
451 2347 495 2383 et
514 2345 634 2380 actor
647 2339 880 2379 Causarum
897 2337 1123 2379 mediocris
1139 2339 1260 2379 abest

379 2404 541 2444 virtute
587 2402 737 2443 diserti
787 2402 1004 2451 Messalae,
1052 2414 1129 2441 nec
1176 2402 1260 2442 scit

379 2466 827 2522 quantumCaesellius
848 2464 1017 2505 Auu1s.’
1073 2467 1221 2507 Olirer.

439 2532 680 2584 Formulam]
709 2532 1104 2580 Instrumentalem‚
1134 2537 1178 2571 et
1197 2532 1258 2572 ita

379 2598 541 2649 scripto
561 2609 637 2637 suo
657 2595 919 2647 approbaret
934 2594 1230 2647 improbanda.

436 2662 458 2711 §
478 2663 503 2699 2
531 2658 729 2709 Devoveo]
757 2658 853 2697 Diis
874 2669 1024 2696 voveo.

433 2725 456 2775 ᾧ
478 2726 502 2763 3
532 2723 643 2762 Inter
662 2720 751 2771 has]
783 2720 879 2761 Hoc
899 2721 1012 2760 idem
1034 2719 1168 2760 refert
1188 2721 1256 2761 Ci-

381 2797 480 2827 cero
498 2786 625 2825 Tusc.
647 2786 814 2827 Quaest.
835 2783 909 2823 lib.
931 2795 962 2823 ι.
1171 2824 1174 2829 ,

437 2847 708 2898 Οαηιὴανὶάὶε]
746 2847 973 2888 Cantharis
1006 2846 1159 2886 vermis
1193 2852 1259 2886 est

382 2913 640 2966 perexiguus
660 2910 808 2950 similis
829 2910 1039 2958 arachnae,
1057 2910 1179 2961 niger
1198 2916 1258 2949 at-

382 2989 465 3030 que
496 2981 706 3026 terrenus,
734 2974 806 3026 qui
844 2974 936 3024 ejus
973 2973 1131 3012 dicitnr
1167 2984 1259 3012 esse

381 3046 546 3080 naturae
568 3045 614 3079 ut
641 3041 683 3078 in
715 3050 797 3091 quo
827 3035 982 3077 affectu
1017 3037 1258 3089 quempiam

383 3104 675 3154 momorderit,
701 3104 746 3143 in
775 3115 826 3143 eo
859 3113 1028 3153 semper
1060 3101 1261 3153 persistat

383 3182 517 3223 usque
536 3168 587 3208 ad
607 3174 802 3218 mortem,
821 3171 868 3206 ut
888 3166 922 3206 si
943 3165 1154 3204 ridentem
1175 3177 1259 3204 1110·-

383 3233 603 3279 niorderit,
629 3232 700 3272 ille
721 3230 864 3270 ridens
886 3228 1105 3268 moriatur.

438 3297 546 3336 CAP.
568 3307 640 3336 111.
669 3296 730 3347 §1
764 3294 953 3338 Manlius,
989 3291 1076 3343 esa]
1117 3293 1259 3343 Capta

383 3359 488 3400 urbe
509 3372 533 3398 a
552 3358 705 3410 Gallis,
731 3369 826 3396 cum
860 3356 1114 3407 Capitolium
1149 3355 1260 3394 obsi-

386 3425 573 3468 deretur,
600 3427 726 3462 nocte
747 3420 927 3472 quadam
949 3418 1061 3459 Galli
1084 3430 1162 3470 per
1186 3418 1259 3457 ad-

387 3499 547 3525 versam
571 3490 736 3537 partem
755 3482 955 3534 Capitolii
974 3482 1029 3521 ad
1054 3493 1258 3520 summum

386 3547 687 3601 propemodum
703 3551 953 3588 evaserant:
975 3545 1131 3597 proditi
1146 3545 1260 3585 clan-

962 318 1140 357 NOTAE
1182 316 1510 356 VARIORUM
1556 316 1620 355 IN

1324 444 1426 483 goi-e
1449 443 1657 483 anserum,
1685 432 1749 473 M.
1765 433 1917 474 Manlii
1938 443 2068 487 opera
2087 447 2110 476 e
2130 447 2198 477 ru-

1325 507 1378 546 pe
1398 495 1558 547 dejecti
1579 501 1690 536 sunt.
1747 497 1833 536 Hic
1853 502 2001 549 postea
2026 499 2196 540 seditio-

1323 571 1392 597 sus
1410 558 1549 598 factus
1571 559 1610 598 in
1634 560 1752 608 urbe,
1779 572 1874 600 cum
1895 561 2095 602 adversus
2125 575 2198 614 pa-

1322 626 1411 662 tres
1433 623 1568 673 plebis
1590 622 1749 663 animos
1769 625 1895 664 variis
1913 621 2198 667 contentioni-

1324 685 1402 725 bus
1423 685 1628 737 irritaret,
1656 686 1875 729 dictatoris
1905 689 1957 728 ad
1989 689 2032 729 id
2059 690 2197 741 ipsum

1323 748 1456 787 creati
1488 750 1612 801 jussu
1648 750 1867 801 conjectus
1897 751 1939 789 in
1968 763 2198 802 carcerem,

1322 814 1448 863 paulo
1493 818 1592 864 post
1626 825 1649 852 a
1687 814 1808 865 plebe
1842 813 2060 865 liberatur,
2100 828 2195 868 quae

1320 887 1474 927 magna
1493 888 1545 915 ex
1566 882 1689 928 parte
1711 883 1828 916 veste
1857 883 2033 928 mutata,
2063 877 2199 918 barba

1320 939 1558 991 capilloque
1579 940 1760 991 prolixo,
1776 939 2003 993 obversata
2015 942 2058 981 in
2070 942 2197 982 vesti-

1321 1001 1419 1041 bulo
1440 1003 1623 1042 carceris
1658 1002 1940 1043 refracturam
1970 1016 2016 1044 se
2052 1016 2196 1045 carce-

1319 1076 1409 1104 rem
1446 1065 1735 1117 minitabatur,
1775 1067 1818 1106 ni
1854 1078 1977 1119 quam
2015 1068 2197 1118 primum

1320 1127 1576 1168 educeretur
1594 1130 1810 1179 Manlius3
1841 1142 1924 1182 quo
1955 1130 2086 1182 facto,
2111 1144 2196 1172 non

1319 1194 1475 1234 seditio
1495 1194 1631 1246 finita,
1660 1196 1734 1237 sed
1766 1198 1851 1237 dux
1884 1198 2109 1239 seditionis
2133 1199 2197 1238 in-

1321 1258 1583 1298 tolerabilior
1603 1259 1744 1309 datus,
1773 1261 1859 1313 qui,
1888 1272 1982 1301 cum
2017 1261 2196 1302 obstric-

1322 1325 1388 1358 tos
1409 1332 1494 1359 aere
1524 1321 1663 1360 alieno
1699 1322 1921 1373 liberaret,
1949 1335 2082 1363 nexos
2112 1325 2196 1363 sol-

1322 1389 1456 1433 veret,
1487 1383 1662 1423 venitin
1693 1385 1976 1436 suspicionem
2006 1383 2199 1426 affectati

1321 1449 1454 1500 regni.
1510 1450 1654 1491 Quare
1675 1450 1765 1490 dies
1782 1450 1842 1490 illi
1859 1451 1975 1491 dicta
1993 1456 2061 1491 est
2078 1463 2104 1490 a
2123 1451 2196 1491 tri·

1321 1510 1460 1564 bunis,
1487 1518 1532 1552 et
1552 1512 1775 1553 damnatus
1797 1514 1849 1554 de
1881 1526 1984 1555 saxo
2009 1514 2196 1566 Tarpeio

1320 1575 1528 1628 dejectus,
1554 1577 1755 1629 locusque
1777 1577 1847 1616 ille
1865 1578 1906 1617 in
1926 1590 2010 1618 uno
2028 1578 2197 1618 homine

1319 1644 1364 1678 et
1399 1639 1564 1679 eximiae
1601 1639 1750 1691 gloriae
1783 1645 2118 1694 monumentum,
2150 1645 2198 1680 et

1319 1716 1455 1755 poenae
1477 1705 1639 1744 ultimae
1659 1703 1753 1746 fuit.
1807 1704 2008 1746 Addictae
2027 1708 2196 1745 mortuo

1319 1773 1433 1807 notae
1456 1773 1569 1818 sunt,
1595 1769 1733 1808 altera
1754 1768 1941 1820 publica,
1966 1767 2079 1821 quod
2099 1780 2195 1808 cum

1320 1830 1467 1871 domus
1505 1832 1596 1884 ejus
1630 1830 1800 1883 fuisset,
1825 1832 1899 1872 ubi
1935 1844 2048 1872 nunc
2082 1831 2198 1871 aedes

1320 1899 1450 1946 atque
1470 1893 1640 1935 officina
1657 1896 1846 1935 Monetae
1868 1900 1957 1943 est,
1976 1895 2109 1935 latum
2140 1893 2194 1934 ad

1319 1958 1520 2009 populum
1539 1963 1620 2008 est,
1649 1970 1702 1998 ne
1724 1958 1816 2010 quis
1838 1957 2040 2010 patricius
2059 1957 2102 1999 in
2131 1968 2196 1996 ar-

1320 2033 1370 2060 ce
1389 2026 1465 2060 aut
1486 2020 1702 2073 Capitolio
1721 2021 1954 2072 habitaret,
1984 2020 2197 2074 gentilitia

1321 2084 1473 2133 altera,
1506 2083 1619 2135 quod
1640 2084 1779 2135 gentis
1806 2084 1983 2124 Manliae
2016 2083 2196 2123 decreto

1320 2154 1494 2187 cautum
1515 2153 1596 2197 est,
1625 2159 1677 2187 ne
1713 2149 1804 2200 quis
1836 2148 1899 2188 M.
1919 2146 2106 2187 Manlius
2124 2158 2196 2186 vo-

1320 2216 1503 2250 caretur.
1578 2209 1717 2250 Autor
1763 2210 1817 2250 de
1861 2209 1974 2249 Viris
2031 2208 2197 2249 Illustr.

1322 2277 1334 2298 ‘
1350 2276 1564 2328 Manlius‚’
1583 2276 1733 2329 inquit,
1761 2277 1772 2299 ‘
1789 2276 1845 2316 ob
1866 2274 2085 2316 defensum
2116 2274 2196 2316 ea-

1322 2339 1516 2402 piyylium
1537 2339 1803 2390 Capitolinus
1824 2339 1982 2390 dictus,
2008 2349 2104 2378 xvt.
2119 2346 2198 2378 'an-

1319 2404 1469 2442 norum
1509 2402 1790 2442 voluntarium
1827 2402 2006 2442 militem
2039 2413 2086 2442 se
2123 2401 2197 2442 ob-

1321 2466 1435 2516 tulit,
1462 2465 1639 2517 triginta
1660 2471 1822 2516 septem
1849 2465 2102 2506 militaribus
2121 2465 2195 2506 do-

1319 2529 1383 2568 nis
1407 2542 1431 2569 a
1449 2529 1532 2568 suis
1550 2529 1727 2569 ducibus
1740 2535 1927 2579 ornatus,
1944 2529 2090 2581 viginti
2110 2535 2198 2570 tres

1322 2594 1548 2634 cicatrices
1578 2595 1619 2632 in
1652 2606 1830 2645 corpore
1861 2594 2036 2644 habuit;
2069 2597 2198 2649 capta

1320 2656 1453 2708 Urbe,
1482 2658 1521 2696 in
1539 2657 1795 2708 Capitolium
1822 2657 2011 2709 fugiendi
2043 2657 2197 2696 author

1319 2719 1427 2768 fuit;
1458 2720 1636 2771 quadam
1658 2726 1784 2760 nocte
1805 2721 2006 2772 clangore
2037 2719 2198 2760 anseris

1321 2783 1550 2834 excitatus,
1566 2783 1719 2823 Gallos
1729 2783 2009 2823 ascendeutes
2025 2781 2196 2835 dejecit.

1322 2849 1533 2888 Patronus
1553 2860 1576 2887 a
1592 2847 1756 2887 civibus
1775 2849 2031 2900 appellatus,
2050 2853 2094 2888 et
2112 2847 2199 2888 far-

1322 2924 1369 2951 re
1389 2911 1586 2959 donatum,
1614 2908 1784 2950 domum
1805 2913 1934 2952 etiam
1963 2913 2004 2951 in
2025 2911 2199 2964 Capito-

1321 2974 1377 3012 lio
1409 2986 1432 3013 e
1460 2974 1634 3025 publico
1668 2975 1856 3026 accepit,
1882 2987 1965 3027 qua
1996 2974 2198 3027 superbia

1323 3039 1475 3087 elatuS,
1516 3050 1610 3077 cum
1649 3050 1673 3077 a
1705 3039 1866 3078 Senatu
1907 3038 2196 3090 suppressisse

1323 3100 1512 3141 Gallicos
1529 3101 1751 3141 thesauros
1771 3106 2037 3154 argueretur,
2057 3106 2103 3140 et
2122 3100 2196 3139 ad-

1322 3163 1460 3204 dictos
1477 3165 1648 3216 propria
1666 3166 1847 3216 pecunia
1863 3165 2082 3211 liberaret,
2102 3177 2196 3216 reg-

1322 3229 1366 3267 ni
1405 3226 1594 3268 affectati
1631 3234 1853 3269 accusatus
1889 3229 1931 3268 in
1980 3239 2196 3268 carcerem

1322 3291 1541 3342 conjectus
1573 3292 1719 3343 populi
1755 3303 1963 3332 consensu
1995 3292 2198 3333 liberatus

1322 3359 1414 3394 est:
1458 3367 1599 3402 rursus
1626 3367 1721 3394 cum
1753 3355 1794 3394 in
1820 3355 1969 3395 eadem
1991 3356 2120 3408 culpa
2150 3361 2197 3397 et

1322 3417 1491 3469 gravius
1512 3422 1825 3468 perseveraret,
1851 3429 1946 3457 reus
1966 3416 2124 3466 factus,
2153 3423 2198 3458 et

1322 3480 1376 3520 ob
1412 3485 1688 3531 conspectum
1723 3471 1924 3531 Capitolii
1956 3481 2199 3532 ampliatus,

1322 3545 1403 3585 alio
1439 3543 1592 3584 deinde
1626 3545 1722 3584 loco
1754 3543 1995 3597 damnatus,
2020 3544 2074 3584 de
2091 3556 2195 3583 saxo
