2288 3990
366 275 391 325 1
401 274 506 325 040

365 417 390 443 a
410 401 683 454 praecedente
703 401 812 453 qnod
833 400 1046 452 sequitur:
1078 413 1173 441 nam
1191 404 1230 442 in

365 467 682 519 superciliorum
713 473 834 505 torvo
877 471 1011 513 motu,
1040 466 1232 517 qnaedam

365 531 541 571 tristitia
560 537 605 569 et
622 529 824 568 severitas
845 528 1096 568 ostenditur.

418 592 690 642 Distringere]
721 591 876 629 Minari
905 591 972 629 vel
1002 603 1230 632 exercere:

363 660 429 695 est
465 655 688 695 translatio
732 665 758 692 a
795 652 1117 704 gladiatoribus,
1161 654 1232 706 qui

362 719 609 772 gladiumin
637 723 975 764 concertatorem
1007 729 1126 756 suum
1156 728 1231 755 nu-

363 786 483 824 dant.

414 847 569 885 Dentur
603 844 704 895 haec]
747 845 805 895 Si,
837 844 990 896 inquit,
1018 843 1231 893 civitates,

361 920 453 959 quae
474 920 611 947 rerum
629 907 776 958 potitae
791 912 903 956 sunt,
915 906 1088 954 singnlae
1104 917 1230 945 unum

361 975 580 1025 exemplar
615 973 824 1012 haberent
853 984 1011 1017 eorum,
1043 984 1137 1022 quae
1169 983 1231 1010 os-

361 1035 585 1084 tendimus,
617 1040 755 1074 tamen
787 1034 954 1073 abunde
986 1033 1232 1072 vide-rentur

359 1099 609 1138 observasse
629 1109 784 1136 morem
807 1097 1044 1137 militarem.

413 1162 479 1212 §6
506 1162 562 1200 At
589 1165 722 1200 nostra
748 1160 856 1211 urbs]
884 1159 1075 1210 Contigit
1102 1158 1155 1199 A.
1176 1159 1231 1199 U.

363 1234 564 1264 cccxxn.

413 1287 582 1337 Proprio
596 1286 801 1337 sanguine]
820 1285 992 1325 Scilicet
1009 1283 1204 1323 filiorum.

412 1349 568 1387 Incerta
590 1348 816 1398 gratulandi
831 1347 955 1397 prius,
972 1359 1022 1385 «m
1041 1347 1231 1397 alloquen-

357 1412 401 1450 di
419 1412 538 1464 qfficio
547 1411 801 1462 fungeretur]
830 1411 900 1450 Ita
919 1421 994 1450 sex
1011 1410 1116 1449 Mss.
1135 1408 1231 1449 libri

359 1474 529 1514 habent.
559 1475 725 1525 Vulgo:
756 1477 819 1513 An
835 1472 992 1522 lugendi
1007 1472 1231 1525 officiosum-

355 1541 528 1587 geretur.
558 1538 683 1577 Prior
700 1537 908 1589 ipsissima
923 1536 1051 1576 lectio
1060 1536 1232 1588 antiqua

359 1607 439 1647 est,
473 1613 596 1652 quam
625 1600 743 1640 scioli
772 1602 853 1639 vim
883 1600 976 1652 ejus
1004 1599 1121 1639 verbi
1149 1610 1232 1638 non

355 1662 645 1713 intelligentes
665 1667 896 1704 mutarunt.
925 1661 1100 1714 ‘Alioqui
1119 1661 1231 1701 enim

356 1737 441 1764 non
468 1727 720 1776 προσφωνεῖν,
745 1725 827 1764 hoc
859 1730 940 1775 est,
973 1724 1026 1765 ad
1045 1724 1232 1775 aliquem

355 1789 473 1840 loqui
500 1795 664 1828 tantum
682 1787 909 1840 significat,
930 1799 1077 1827 verum
1102 1787 1231 1826 etiam

357 1863 453 1890 cum
482 1850 640 1891 affectu
673 1863 722 1891 ac
753 1851 989 1890 bumilitate
1023 1848 1159 1899 affari,
1187 1856 1233 1889 et

357 1914 584 1964 consolari,
612 1914 726 1966 quod
757 1914 901 1954 Graeci
936 1914 1234 1965 παραμυθεῖσθαι

357 1975 520 2017 dicunt.
543 1977 688 2017 Docet
701 1978 781 2017 hoc
801 1978 863 2017 M.
878 1978 1018 2016 Varro
1039 1977 1091 2016 de
1107 1977 1231 2028 Ling.

357 2039 453 2078 Lat.
491 2039 565 2080 lib.
598 2052 637 2079 ν.
670 2040 790 2091 cujus
819 2046 916 2079 sunt
944 2041 1038 2079 haec
1072 2041 1231 2079 verba:

356 2103 369 2124 ‘
390 2101 504 2141 Hinc
521 2103 754 2142 allocutum
771 2103 970 2142 mulieres
984 2103 1119 2152 aiunt,
1137 2115 1232 2142 cum

355 2171 462 2204 eunt
507 2166 690 2217 aliquam
747 2167 931 2205 locutum
988 2164 1232 2206 consolandi

355 2228 532 2267 caussa.’
597 2229 732 2270 Quam
768 2229 972 2269 Varronis
1005 2229 1231 2268 lectionem

353 2301 413 2328 ex¹
430 2290 608 2329 vetustis
623 2290 841 2331 codicibus
863 2292 976 2330 eruit
1003 2291 1067 2329 vir
1086 2283 1232 2330 nostro

354 2351 512 2391 saeculo
531 2365 716 2392 summus
730 2352 939 2393 Antonius
950 2353 1230 2404 Augustinus.

354 2413 407 2453 In
438 2414 584 2454 eadem
606 2414 918 2466 significatione
938 2422 1083 2467 postea
1103 2416 1230 2456 Vale-

352 2476 440 2515 rius
460 2476 538 2516 hoc
574 2478 782 2518 vocabulo
803 2479 936 2518 utitur
956 2479 1027 2519 lib.
1049 2490 1112 2519 ιν.
1132 2491 1230 2531 cap.

352 2542 394 2579 6.
414 2538 468 2579 de
487 2539 670 2591 Minyis:
700 2543 712 2562 ⁴
728 2542 859 2582 Velut
888 2542 1136 2582 allocuturae
1157 2554 1230 2594 pe-

352 2602 510 2642 rituros
538 2604 738 2656 maritos,’
767 2604 811 2644 id
832 2611 913 2657 est,
928 2606 1228 2646 consolaturae.

353 2665 538 2715 Pighius.

409 2729 467 2768 Tu
502 2742 663 2781 namque
703 2731 908 2771 Postkumi
943 2731 1131 2783 dictator]
1160 2731 1229 2772 Ab

350 2792 432 2831 hac
469 2793 666 2844 opinione
692 2794 889 2834 dissentit
922 2794 1096 2835 Livius:
1126 2794 1231 2835 dicit

353 2855 466 2894 enim
486 2866 570 2895 non
591 2855 696 2896 duos
710 2856 858 2908 fuisse,
877 2858 949 2909 qui
964 2856 1072 2896 filios
1091 2857 1231 2897 occidi

344 2917 584 2969 jusserunt,
623 2920 699 2959 sed
733 2932 875 2966 unum,
930 2932 1010 2960 nec
1047 2921 1231 2960 Postbu-

351 2979 496 3030 mium,
514 2981 591 3020 sed
605 2981 810 3021 Manlium
826 2983 1101 3034 Torquatum.
1133 2982 1230 3022 Hoc

352 3047 497 3084 autem
533 3044 576 3084 in
609 3046 898 3096 conjecturam
933 3045 1123 3096 adducit,
1154 3057 1229 3086 cur

351 3107 536 3147 Manlius
569 3120 652 3148 non
685 3109 958 3150 Posthumius
987 3110 1229 3150 existiman-

350 3169 431 3210 dus
451 3171 524 3220 sit,
543 3172 611 3224 qui
631 3171 761 3212 filium
789 3173 917 3225 virg-is
943 3173 1052 3213 caedi
1085 3179 1131 3214 et
1162 3185 1227 3213 se-

352 3232 445 3272 curi
483 3235 649 3283 percuti
681 3235 830 3287 jussit,
869 3236 968 3288 quia
1008 3237 1229 3277 Manliana

351 3308 435 3336 nou
456 3297 951 3350 Posthumianaimperia
964 3304 1063 3339 sunt
1081 3301 1229 3351 appel-

351 3360 468 3399 lata:
498 3373 594 3400 nam
632 3361 674 3401 in
710 3362 1062 3402 consuetudinem
1096 3364 1230 3414 venit,

353 3427 402 3460 ut
416 3433 510 3462 eum
524 3423 676 3476 aliquis
697 3424 826 3464 nimia
845 3426 1073 3465 severitate
1089 3431 1229 3465 utere-

354 3492 439 3539 tur,
474 3488 708 3540 diceretur,
741 3490 836 3531 ‘En
868 3490 1134 3531 Manlianum
1150 3490 1225 3530 im-

942 283 1117 321 No'rAE
1161 284 1487 323 VAmoRUM
1531 268 1601 323 1N‘

1298 402 1461 453 perium
1479 401 1507 441 :’
1545 413 1670 454 quem
1699 400 1967 441 crudelitatis
1994 399 2164 442 titulum

1296 466 1568 505 Posthumius
1599 466 1713 517 prior
1746 469 2028 516 occupaturus
2057 462 2163 504 fuit:

1295 540 1388 568 nam
1428 529 1568 568 multis
1601 533 1701 568 ante
1738 529 1857 567 annis
1892 526 2166 568 Postbumius

1294 590 1392 641 fuit,
1427 604 1551 642 quam
1583 591 1783 631 Manlius.
1840 590 1927 631 Sed
1947 591 2001 630 de
2019 590 2097 630 hac
2119 602 2166 630 re

1293 654 1483 694 nonnihil
1503 653 1697 693 dubitare
1712 653 1879 692 videtur
1894 653 2055 702 Livius,
2069 652 2167 707 quia

1293 717 1482 757 nonnulli
1530 717 1590 756 sic
1642 716 1860 756 tradidere
1915 715 2167 767 scriptores,

1293 780 1399 819 duos
1418 792 1478 819 sc.
1496 778 1641 829 fuisse,
1659 779 1728 830 qui
1745 778 1855 818 filios
1873 778 2010 818 occidi
2024 779 2165 830 jusse-

1293 844 1394 894 rint,
1431 843 1506 883 sed
1526 842 1767 882 existimare
1803 854 1848 881 se
1881 841 2000 892 dicit,
2032 841 2164 893 scrip-

1293 913 1421 956 tores,
1437 906 1549 959 quod
1564 905 1802 946 Posthumii
1827 904 1985 954 fuerat,
2003 904 2166 956 ascrip-

1292 972 1641 1023 sisseTorquato,
1661 971 1726 1009 vel
1745 975 1894 1010 contra
1909 968 2064 1020 potius.
2109 969 2168 1009 Et

1293 1035 1390 1086 quia
1408 1034 1599 1075 nonnulli
1617 1032 1823 1074 Historici
1840 1033 1900 1072 ita
1915 1032 2171 1083 retulerunt,

1294 1109 1339 1136 se
1358 1109 1526 1150 quoque
1547 1097 1723 1136 tacitum
1743 1095 1963 1148 praeterire
1982 1095 2170 1135 noluisse

1294 1160 1588 1199 Posthuminm
1628 1158 1776 1200 filium.
1844 1158 1942 1198 Hoc
1989 1157 2169 1207 contigit

1297 1229 1408 1262 teste
1435 1223 1593 1270 Gellio,
1621 1234 1730 1262 anno
1767 1221 1821 1261 ab
1849 1221 1968 1261 Urbe
1996 1221 2168 1261 condita

1296 1295 1499 1325 cccxxu.
1517 1285 1633 1325 bello
1651 1276 1868 1325 Fidenati.
1897 1285 2048 1325 Oliver.

1348 1348 1690 1398 Penetraliumque
1716 1346 1932 1398 sacrorum]
1961 1347 2059 1386 Mos
2075 1354 2170 1387 erat

1294 1410 1546 1462 antiquitus,
1583 1415 1632 1450 ut
1667 1409 1912 1449 domesticis
1947 1409 2080 1449 sacris
2115 1420 2170 1449 ex

1293 1472 1390 1513 filiis
1405 1474 1582 1526 maiores
1599 1476 1702 1513 natu
1718 1470 2053 1523 praeficerentur.
2123 1507 2126 1509 .

1326 1535 1646 1588 Propagandam]
1659 1533 2027 1586 Amplificandam‚
2037 1539 2173 1574 trans-

1293 1600 1396 1641 latio
1427 1605 1598 1652 sumpta
1622 1611 1648 1639 a
1678 1596 1863 1647 vitibns;
1889 1608 1987 1638 nam
2015 1608 2171 1649 propa-

1297 1664 1387 1716 gari
1423 1664 1627 1703 dicuntur
1654 1661 1780 1710 vites,
1808 1671 1904 1699 cum
1933 1659 1988 1706 ab
2019 1659 2171 1700 arbore

1295 1727 1577 1766 subterranea
1590 1724 1763 1776 flagella
1781 1722 2063 1763 deducuntur.

1347 1789 1514 1841 Hostes]
1553 1789 1656 1829 Scil.
1676 1788 1918 1828 Fidenates.
2114 1786 2117 1788 “

1354 1852 1536 1892 Tenebris
1554 1851 1716 1903 offusos]
1733 1851 1833 1891 Hoc
1844 1849 1967 1901 dicit,
1983 1861 2038 1890 ne
2055 1848 2172 1890 vide·

1294 1919 1412 1955 retur
1444 1915 1480 1954 is
1515 1926 1683 1955 omnem
1711 1911 1911 1955 affectum
1946 1917 2171 1964 paternum

1293 1979 1478 2018 exuisse.

1351 2041 1410 2081 Tu
1424 2041 1534 2091 item,
1550 2041 1680 2081 Manli
1697 2038 1912 2091 Torquate]
1929 2037 1980 2081 Id
1995 2037 2174 2090 contigit

1294 2104 1544 2144 Volscorum
1576 2104 1892 2156 AEquorumque
1941 2102 2073 2152 bello,
2122 2107 2172 2142 ut

1297 2169 1387 2207 vult
1425 2168 1582 2207 Livius.
1636 2167 1802 2208 Gellius
1839 2178 1941 2206 vero
1968 2163 2171 2205 nitidissi-

1293 2242 1386 2270 mus
1406 2230 1655 2271 Latinitatis
1677 2237 1817 2281 antor,
1839 2230 1946 2270 dicit
1963 2229 2045 2269 hoc
2072 2240 2172 2269 cen-

1295 2293 1444 2344 tigisse
1480 2294 1594 2333 bello
1629 2293 1798 2333 Latino.
1873 2293 1982 2332 Cato
2032 2297 2172 2331 tamen

1293 2353 1409 2407 apud
1442 2356 1686 2396 Sallustium
1706 2356 1751 2395 in
1789 2355 2000 2396 Oratione
2022 2360 2174 2395 eontra

1292 2418 1537 2470 conjuratos
1566 2418 1673 2458 dicit
1699 2419 1781 2458 hoc
1810 2417 2042 2470 contigisse
2060 2417 2174 2457 bello

1292 2481 1476 2532 Gallico,
1489 2487 1533 2521 et
1545 2483 1737 2533 appellat
1750 2482 1863 2521 huno
1877 2480 2034 2521 Aulum
2048 2480 2173 2519 Men-

1294 2544 1395 2584 lium
1433 2546 1710 2597 Torquatum.
1790 2544 1907 2584 Huic
1954 2545 2173 2595 Torquato

1291 2617 1389 2662 post
1407 2609 1568 2649 caedem
1587 2609 1664 2649 filii
1697 2610 1740 2648 in
1765 2609 1948 2661 patriam
1968 2618 2064 2648 cum
2085 2607 2174 2647 vie-

1293 2672 1405 2711 toria
1444 2671 1643 2711 redeunti
1675 2684 1802 2711 nemo
1821 2670 2040 2723 ¹juniorum
2074 2681 2170 2720 pro-

1292 2734 1422 2773 cessit
1451 2733 1648 2782 obviam;
1677 2732 1760 2772 fuit
1793 2739 1936 2772 autem
1969 2731 2172 2771 Patribus

1292 2797 1460 2847 charus,
1481 2795 1713 2848 juvenibus
1741 2802 1787 2835 et
1817 2801 1918 2835 tunc
1937 2799 1982 2833 et
2002 2805 2172 2845 semper

1292 2859 1465 2911 invisus,
1497 2860 1608 2900 sicut
1637 2859 1679 2898 in
1702 2871 1806 2911 cap.
1827 2858 1882 2899 de
1901 2858 1974 2898 Ira
1991 2863 2036 2897 et
2055 2856 2172 2897 Odia

1293 2923 1498 2974 dicemus,
1517 2922 1590 2962 ubi
1609 2922 1663 2962 de
1695 2923 1776 2963 hae
1808 2921 1983 2962 historia
2003 2921 2172 2972 plenius

1293 2986 1560 3026 tractabitur.
1602 2985 1752 3025 Oliver.

1350 3049 1402 3088 Te
1419 3047 1579 3099 ignaro]
1608 3048 1703 3088 Imo
1724 3048 1819 3100 plus
1853 3058 1978 3100 quam
2006 3047 2171 3098 ignaro,

1291 3113 1362 3165 qni
1381 3112 1657 3163 prohibuerat
1677 3111 1902 3164 quicquam
1917 3121 1964 3150 se
1994 3109 2171 3150 absente

1290 3177 1333 3216 in
1352 3177 1515 3217 hostem
1543 3174 1693 3215 moliri.
1874 3187 1878 3190 ·

1342 3242 1365 3292 ᾧ
1383 3245 1408 3281 7
1440 3239 1666 3286 Quinotium
1687 3235 1979 3288 Cincinnatum]
2002 3236 2074 3276 De
2087 3235 2168 3275 hoc

1290 3301 1383 3342 viro
1402 3302 1590 3342 dicemus
1609 3300 1651 3340 in
1683 3312 1776 3352 cap.
1795 3299 1850 3339 de
1869 3297 2170 3338 Moderatione

1291 3369 1336 3404 et
1363 3364 1657 3415 Paupertate:
1697 3361 1808 3414 quod
1836 3372 1940 3400 vero
1967 3360 2020 3400 ad
2040 3360 2169 3400 disci-

1290 3427 1448 3479 plinam
1476 3425 1703 3465 militarem
1733 3422 1936 3475 pertinet,
1955 3434 2052 3462 cum
2072 3433 2167 3474 per-

1298 3489 1474 3530 vastatis
1511 3487 1624 3540 agris
1674 3486 1817 3528 subito
1853 3485 2085 3538 AEquorum
2121 3491 2174 3526 et
