2332 4036
543 289 804 330 VAnnRu
851 288 1095 328 ΜΑΧιΜι
1142 287 1263 327 mn.
1293 287 1332 326 1.
1373 288 1508 327 CAP.
1537 276 1590 327 3.
1662 263 1668 268 ’

174 413 228 455 ad
265 424 536 464 congressum
563 413 674 451 Deae
710 409 939 461 inferebat,
972 410 1049 451 Ca·

173 476 321 517 moenis
357 488 452 515 eum
494 475 658 514 Lucum
696 473 903 523 sacravit,
938 473 1052 526 quod

171 539 357 579 Dearum
379 538 459 578 sibi
479 538 649 578 consilia
665 549 759 577 cum
773 537 958 589 conjuge
978 548 1054 576 sua

173 600 345 653 AEgeria
375 606 536 652 essent,
564 607 610 641 et
635 602 715 641 soli
736 600 859 642 Fidei
877 601 1052 640 solenne

169 663 387 705 instituit!
418 665 566 706 Oliver.

223 727 358 768 Sacris
375 728 587 780 obligaret]
615 728 791 769 Servius
812 728 864 768 ad
888 727 1055 768 AEneid.

173 803 239 832 vt.
261 791 316 832 de
345 793 510 834 Numa:
541 794 553 815 ‘
569 793 655 836 Qui
684 792 887 833 ferociam
905 792 1055 845 populi

172 867 198 894 a
229 855 357 896 bellis
402 857 457 896 ad
494 869 616 896 sacra
659 857 858 896 contulit.
927 856 1055 897 Unde

173 918 304 966 etiam
325 919 469 960 Numa
487 919 627 960 dictus
651 918 728 959 ἀπὸ
749 923 827 960 τῶν
845 919 979 971 νόμων,
1000 919 1054 959 ab

172 982 422 1023 inventione
469 987 514 1023 et
559 983 871 1024 constitutione
915 983 1056 1035 legis.’

176 1043 300 1085 Adde
316 1045 613 1086 Plutarchum.
646 1046 775 1087 Goter.

139 1108 142 1109 ⁷
227 1110 295 1162 §2
324 1108 458 1162 Scipio
490 1109 726 1162 Africanus]
770 1109 967 1162 Contigit
995 1109 1053 1151 A.

173 1171 230 1212 U.
252 1183 401 1214 nxmr.

226 1237 330 1278 Jove
353 1236 533 1290 genitus]
559 1239 782 1292 Inspecie
805 1245 946 1281 tamen
968 1253 1055 1281 ser-

173 1299 343 1351 pentis:
382 1300 494 1341 sicut
511 1300 762 1343 Alexander
790 1305 978 1356 Magnus
1011 1316 1057 1344 se

173 1361 294 1403 Jovis
317 1361 536 1404 Ammonis
553 1364 701 1414 filium,
722 1367 851 1407 etiam
871 1367 924 1407 ab
944 1379 995 1407 eo
1015 1368 1057 1407 in

173 1426 322 1478 specie
355 1428 568 1479 serpentis
618 1430 807 1480 genitum
837 1430 1059 1481 jactabat,

174 1491 346 1532 tametsi
365 1491 548 1533 subinde
568 1499 707 1534 mater
734 1494 775 1547 id
795 1501 1059 1536 asserentem

176 1558 329 1604 argute
349 1555 626 1606 reprimebat.

228 1617 296 1668 §3
326 1617 472 1658 Lucius
504 1618 637 1672 Sylla]
667 1621 752 1663 Qui
787 1621 950 1674 primus
970 1622 1059 1662 dic-

174 1684 385 1720 taturam'
412 1682 586 1735 invasit,
623 1690 670 1724 et
718 1685 908 1726 tabulam
964 1699 1059 1739 pro-

172 1743 430 1795 scriptorum
468 1747 709 1800 proposuit.
775 1749 969 1802 Contigit
1003 1749 1058 1791 A.

174 1807 230 1848 U.
248 1818 439 1849 ncnxxr.

229 1872 252 1923 ς
279 1875 305 1912 4
347 1873 399 1918 Q.
430 1872 650 1927 Sertorius]
684 1876 880 1930 Contigit
908 1876 962 1920 A.
1001 1878 1057 1919 U.

175 1944 383 1978 ncnxxu.

235 2000 472 2055 Lusitaniae]
503 2002 630 2045 Unde
668 2005 785 2047 dicta
821 2007 1060 2062 Lusitania,

174 2062 399 2108 incertum.
455 2068 671 2111 Lusonum
690 2075 860 2123 gentem
881 2072 934 2112 ad
967 2071 1059 2113 fon-

163 2131 240 2188 *tes
263 2128 373 2182 Tagi
402 2131 617 2183 pertinere
637 2134 699 2175 ait
728 2135 896 2177 Strabo.
953 2137 1060 2177 Eos-

177 2189 274 2230 dem
288 2203 455 2246 quoque
469 2194 709 2248 Belitanos,
725 2209 750 2238 a
767 2198 901 2238 Beliis
914 2198 1057 2241 forsan

176 2255 364 2307 populis,
402 2256 543 2298 dictos
576 2260 819 2312 Stephanus
857 2260 1058 2304 affirmat.

176 2316 228 2356 In
247 2320 442 2359 terminis
465 2322 631 2361 variant
647 2323 910 2376 Geographi.
942 2327 1059 2367 Stra-

176 2377 232 2418 bo
250 2390 276 2418 a
292 2380 410 2431 Tago
429 2381 483 2420 ad
499 2381 726 2436 Artabr0s‚
744 2387 814 2438 qui
819 2388 947 2438 juxta
964 2400 1060 2440 pro-

177 2443 433 2483 montorium
447 2444 658 2486 Celticum
667 2454 783 2500 sunt,
793 2451 1060 2493 Lusitaniam

179 2507 392 2548 extendit.
448 2508 711 2552 Ptolemaeus
729 2513 933 2555 Australe
948 2517 1060 2556 latus

179 2569 276 2610 Ana
293 2568 439 2624 fluvio,
455 2572 804 2625 Septentrionale
822 2579 961 2619 Durio
976 2584 1059 2620 ter-

177 2633 327 2675 minat.
382 2635 497 2676 Vide
537 2641 582 2677 et
612 2639 724 2681 Plin.
753 2641 828 2682 lib.
856 2653 923 2683 lv.
962 2657 1059 2697 cap.

175 2700 246 2737 21.
264 2704 307 2739 et
327 2699 378 2739 P.
397 2700 576 2742 Melam.

232 2761 342 2803 ExT.
374 2764 397 2816 §
430 2768 453 2804 1
502 2765 652 2818 Minos,
680 2767 766 2820 ᾇτ’]
807 2769 941 2812 Ponit
974 2773 1060 2824 pri-

178 2835 291 2865 mum
304 2828 546 2879 exemplum
561 2830 720 2871 Minois
736 2833 867 2885 Regis
881 2835 1060 2876 Creten·

179 2889 302 2940 sium,
316 2890 388 2943 qui
410 2895 495 2932 tam
513 2892 634 2944 juste
653 2903 854 2947 regnasse
882 2903 928 2938 et
939 2899 1058 2951 judi-

179 2963 302 2992 casse
339 2953 500 2995 dicitur
531 2956 667 3009 vivus,
703 2965 753 2999 ut
780 2965 973 3001 mortuns
1003 2964 1062 3003 sit

178 3015 349 3056 habitus
374 3017 513 3069 judex
543 3021 656 3071 apud
690 3021 877 3064 Inferos.
931 3026 1059 3067 Unde

178 3079 334 3130 Virgil.
366 3079 535 3122 AEneid.
557 3094 618 3123 vr.
644 3084 658 3107 ‘
674 3085 891 3128 Quaesitor
917 3090 1060 3131 Minos

179 3154 327 3182 urnam
366 3144 538 3185 movet?
611 3147 800 3201 Datique
851 3157 1061 3203 putantur

178 3205 242 3245 illi
262 3207 510 3258 conjudices
531 3209 684 3251 AEacus
717 3218 762 3251 et
792 3214 1058 3257 Rhadaman-

178 3274 265 3322 tus,
292 3281 344 3310 eo
377 3270 491 3323 quod
521 3277 567 3312 et
597 3273 681 3326 ipsi
717 3288 868 3318 severe
888 3279 1059 3331 judica-

178 3332 280 3373 rint.
774 3362 780 3365 ,
973 3351 978 3356 '

235 3395 381 3437 Ortum
393 3397 570 3452 ferebat]
598 3401 880 3454 Progenitum
902 3416 955 3445 ex
974 3407 1061 3447 Eu·

182 3467 300 3510 ropa,
324 3472 420 3500 cum
440 3462 582 3503 verius
608 3472 724 3505 esset
744 3466 908 3508 Xanthi
932 3470 1059 3521 Regis

183 3519 451 3565 Cretensium
488 3538 542 3566 ex
589 3528 763 3582 Europa
799 3529 937 3581 filius;
982 3534 1056 3573 sed

1892 278 1999 331 937

1117 409 1219 462 quia
1243 410 1366 461 juste
1387 409 1511 455 vixit,
1535 415 1580 449 et
1600 413 1747 448 sancte
1770 409 2006 464 judicavit,

1115 472 1381 525 primusque,
1402 478 1448 512 ut
1471 478 1659 512 testatur
1678 470 1938 512 Aristoteles
1959 474 2004 512 in

1116 536 1282 576 Ethicis
1298 542 1344 577 et
1360 536 1576 584 Ponticis,
1588 536 1872 577 Cretensibus
1886 536 2003 588 leges

1117 599 1255 650 dedit,
1271 601 1394 642 Jovis
1412 606 1479 640 est
1498 599 1610 640 filius
1631 599 1835 639 creditus.
1867 599 1974 640 Bad.

1172 664 1240 714 §2
1273 663 1532 715 Pisistratus]
1562 663 1844 715 Hippocratis
1875 662 2006 713 filius,

1116 724 1314 765 doctrina
1335 732 1380 766 et
1401 727 1649 777 eloquentia
1667 726 1857 776 insignis,
1876 724 2005 766 facile

1116 789 1446 831 Atheniensium
1481 791 1635 842 Remp.
1657 790 1906 841 occupavit,
1923 801 2006 829 uno

1116 855 1274 895 Solone
1290 852 1553 904 refragante.
1610 854 1709 894 Fuit
1727 859 1870 893 autem
1889 865 2007 905 saepe

1117 918 1298 970 ejectus,
1329 917 1461 957 semel
1491 916 1664 969 quidem
1698 929 1722 955 a
1740 916 1939 966 Megadis
1960 922 2007 955 et

1117 982 1298 1022 aliorum
1326 980 1566 1033 principum
1587 980 1778 1019 adversae
1808 977 2008 1019 factionis

1117 1045 1237 1094 viris,
1254 1045 1505 1098 priusquam
1526 1043 1797 1095 tyrannidem
1817 1043 2007 1082 stabilire

1118 1109 1359 1162 potuisset;
1395 1113 1492 1148 orta
1511 1107 1613 1147 inde
1645 1107 1760 1146 inter
1790 1105 2010 1146 libertatis

1120 1183 1358 1215 assertores
1371 1172 1609 1223 discordia,
1622 1171 1848 1225 Megades‚
1867 1172 2008 1223 pactis
2026 1226 2030 1230 ἱ

1119 1253 1216 1281 cum
1235 1240 1467 1280 Pisistrato
1499 1236 1603 1277 filiae
1637 1236 1814 1289 nuptiis,
1840 1247 1937 1275 eum
1963 1235 2008 1275 in

1120 1304 1271 1344 urbem
1305 1303 1513 1353 restituit,
1544 1301 1668 1354 Phya
1695 1301 1877 1341 muliere
1901 1313 2009 1351 prae·

1121 1369 1272 1421 grandi
1292 1373 1457 1409 statura
1474 1379 1583 1408 novo
1600 1366 1821 1406 schemate
1839 1370 2011 1413 ornata,

1122 1434 1222 1473 etin
1244 1445 1413 1474 currum
1426 1430 1642 1484 imposita,
1657 1442 1752 1482 quae
1768 1440 1848 1481 per
1860 1428 2008 1468 urbem

1122 1497 1415 1537 circumvecta
1448 1508 1530 1549 pro
1559 1495 1778 1544 Minerva,
1810 1492 2010 1533 Pisistra-

1122 1565 1214 1600 tum
1232 1559 1551 1600 restituendum
1567 1555 1837 1598 clamitabat.
1884 1554 2009 1595 Idem

1122 1628 1264 1663 tamen
1285 1623 1415 1674 paulo
1437 1626 1553 1674 post,
1580 1620 1683 1674 quia
1708 1618 1839 1659 filiam
1860 1619 2012 1671 Mega·

1121 1686 1203 1738 dis,
1221 1699 1346 1739 quam
1367 1698 1544 1726 uxorem
1573 1684 1714 1734 duxit,
1733 1695 1819 1723 non
1841 1688 1888 1723 ut
1905 1695 2011 1724 uxo-

1120 1760 1210 1789 rem
1247 1749 1467 1801 tractavit,
1500 1760 1645 1789 rursus
1669 1748 1888 1801 ‘expulsus
1926 1752 2011 1787 est.

1121 1813 1292 1854 Badius.

1177 1877 1314 1930 Phya]
1337 1875 1521 1919 Quidam
1539 1874 1642 1915 libri
1662 1876 1755 1915 Ero.
1786 1874 1871 1914 Sed
1887 1873 2011 1926 Phya

1123 1941 1282 1983 dicitur
1312 1941 1441 1982 etiam
1472 1942 1685 1994 Polyaeno
1717 1942 1854 1981 Strat.
1882 1940 1956 1981 lib.
1978 1951 2010 1980 ι.

1126 2007 1256 2048 Coler.

1178 2072 1201 2123 ᾧ
1222 2074 1248 2111 4
1281 2070 1489 2122 Zaleucus]
1517 2071 1618 2111 Fuit
1654 2070 1896 2122 Legislator
1930 2070 2012 2110 Lo-

1124 2135 1209 2175 cris
1243 2136 1561 2188 Epizephyriis.
1618 2134 1890 2176 Onomacriti
1919 2135 2012 2188 qui-

1123 2199 1221 2239 dem
1238 2200 1426 2240 sodalem
1445 2198 1579 2240 fuisse
1597 2199 1843 2249 Thaletem,
1863 2199 2014 2239 Thale·

1125 2263 1181 2303 tis
1201 2275 1302 2303 vero
1319 2263 1560 2302 auditorem
1582 2264 1825 2315 Lycurgum
1853 2267 1899 2302 et
1930 2262 2012 2302 Za-

1123 2326 1308 2374 leucum,
1341 2326 1517 2366 Zaleuci
1535 2326 1810 2366 Charondam
1831 2325 2008 2379 quidam

1124 2390 1387 2441 existimant,
1415 2390 1489 2429 sed
1521 2389 1609 2429 falli
1630 2402 1704 2430 eos
1724 2389 1854 2430 docet
1872 2389 2013 2430 Arist.

1113 2452 1256 2493 Polit.
1273 2453 1350 2493 lib.
1369 2465 1425 2493 11.
1445 2465 1543 2505 cap.
1565 2457 1632 2492 10.

1179 2516 1289 2556 CAP.
1307 2528 1378 2556 111.
1406 2519 1428 2569 ς
1446 2520 1467 2556 1
1488 2516 1797 2557 Bacchanalium
1810 2529 2012 2558 sacrorum

1123 2581 1223 2632 mos]
1253 2581 1440 2622 Quidam
1475 2580 1658 2621 Codices
1689 2582 1784 2620 haec
1814 2582 2015 2632 exempla.

1123 2644 1335 2696 superiori
1369 2644 1506 2696 capiti
1549 2643 1755 2685 Simulata>
1787 2644 2016 2695 Religionis

1124 2711 1385 2757 annectunt3
1425 2707 1497 2746 alii
1527 2707 1724 2759 proxime
1747 2708 1946 2760 sequenti
1963 2709 2012 2748 de

1123 2770 1340 2822 Auspiciis.
1395 2769 1465 2811 Ad
1494 2778 1692 2811 neutrum
1714 2778 1858 2811 tamen
1881 2773 2015 2823 nerti-

1123 2846 1229 2875 nere
1250 2835 1318 2874 vel
1338 2845 1456 2875 caeco
1473 2834 1638 2874 clarum
1653 2840 1735 2875 est.
1782 2835 2010 2876 Scholiolae

1123 2900 1381 2952 marginales
1433 2901 1691 2952 exemplaris
1742 2901 2011 2953 CampensiS,

1125 2976 1221 3017 quae
1241 2976 1319 3016 pro
1339 2964 1480 3004 titulis
1500 2975 1618 3016 saepe
1632 2964 1842 3016 serviunt,
1858 2965 1900 3004 in
1923 2977 2012 3004 sus-

1124 3028 1340 3079 picionem
1376 3041 1444 3068 me
1477 3028 1717 3081 deducunt,
1750 3031 1803 3081 ad
1836 3032 2009 3070 titulum

1124 3092 1360 3142 Peregrinae
1382 3092 1607 3143 Religionis
1627 3094 1836 3144 Rejectaea
1866 3095 2014 3133 Roma-

1123 3155 1188 3194 nis
1222 3156 1314 3196 haec
1354 3157 1554 3208 exempla
1590 3164 1806 3209 spectare.
1882 3158 2009 3198 Unde

1125 3219 1280 3270 colligo
1301 3220 1563 3271 caputistud
1577 3233 1673 3260 cum
1691 3220 1895 3270 proximis
1911 3234 2011 3261 con-

1122 3282 1381 3322 sarcinatum
1403 3295 1515 3329 esse,
1550 3289 1677 3335 atque
1698 3284 1790 3322 haec
1812 3287 2010 3336 exempla

1125 3344 1217 3396 ejus
1230 3358 1325 3386 esse
1341 3346 1558 3398 quoddam
1571 3345 1875 3397 fragmentum.
1895 3350 2010 3390 Qua-

1125 3415 1308 3461 propter
1337 3411 1507 3450 titulum
1535 3410 1600 3450 bis
1629 3423 1750 3449 suum
1779 3413 2010 3453 restituere

1126 3473 1262 3512 visum
1295 3471 1394 3523 fuit,
1426 3472 1621 3524 quamvis
1642 3473 1857 3525 integrum
1878 3482 2011 3527 caput

1127 3536 1391 3575 constituere
1409 3540 1641 3588 nequeant,
1675 3549 1789 3591 cum,
1817 3540 2007 3579 externis
