2346 3996
437 281 578 335 1378

437 413 588 464 tiones,
622 425 716 465 quae
750 413 982 466 antiquitus
1002 412 1142 454 omitti
1162 413 1314 453 solent.

436 477 506 517 Sic
526 483 572 517 et
599 489 677 517 nos
697 489 749 517 ea
777 476 1037 517 correximus
1058 489 1110 517 ex
1138 475 1224 517 fide
1241 487 1314 516 ve-

436 540 542 580 teris
572 539 908 591 orthographiae‚
929 552 1025 593 quae
1057 540 1194 580 adhuc
1215 539 1315 579 resi·

437 603 520 643 dua
548 608 615 643 est
635 603 679 643 in
699 603 950 655 Capitolinis
971 603 1251 644 marmoribus
1268 608 1314 643 et

436 667 615 706 nummis
636 666 835 719 antiquis.

488 729 708 769 Gentilium
721 730 878 770 nomina
913 730 1039 772 Varro
1054 735 1172 784 putat
1185 732 1314 781 fixisse

431 804 603 842 numero,
633 797 672 832 et
705 793 947 844 proenomina
983 795 1090 835 circa
1121 794 1312 846 triginta]

435 855 489 896 V.
509 855 558 896 C.
593 857 834 896 Gentilicum
858 857 1016 899 nomina
1045 860 1171 900 Varro
1197 863 1314 910 putat

423 916 552 966 fuisse
577 920 619 958 in
637 931 809 961 numero.
864 921 951 961 Sed
972 934 1067 963 esse
1085 922 1313 975 legendum

431 981 623 1033 suspicor
643 995 654 1022 ε
687 983 903 1025 Gentilitia
918 986 1072 1025 nomina
1093 985 1219 1026 Varro
1240 998 1312 1037 pu-

431 1049 493 1084 tat
502 1045 630 1094 fuisse
648 1046 866 1100 innumera,
887 1053 923 1088 el
950 1050 1190 1100 proenomina
1209 1049 1314 1089 circa

430 1108 620 1158 trffiginta.

489 1173 545 1212 Ut
560 1175 810 1216 Posthumius
824 1176 1026 1228 Agrippa]
1053 1177 1106 1216 V.
1124 1177 1174 1216 C.
1192 1177 1311 1217 Pose-

429 1239 580 1288 humus,
610 1240 774 1291 Agripa.
836 1240 983 1291 Atque
1016 1241 1106 1280 haec
1138 1240 1313 1292 quidem

429 1299 560 1341 fuisse
574 1301 616 1340 in
633 1302 828 1354 patriciis
846 1302 1044 1353 gentibus
1058 1303 1313 1356 quibusdam

429 1365 616 1417 antiquis
635 1365 916 1416 praenomina,
946 1363 1045 1405 fasti
1070 1367 1312 1407 consulares

429 1427 738 1468 demonstrant.
782 1428 951 1480 Nempe
970 1429 1230 1469 Posthumus
1246 1441 1311 1469 re-

426 1493 590 1545 peritur
610 1492 653 1532 in
673 1493 867 1534 Cominia
895 1498 941 1533 et
963 1491 1135 1533 AEbutia
1150 1493 1312 1544 {Agri-

427 1569 484 1606 pa
503 1561 663 1608 autem,
683 1555 727 1596 in
746 1556 951 1596 Menenia
979 1562 1024 1596 et
1058 1556 1187 1597 Furia
1208 1570 1220 1607 ;
1251 1557 1312 1597 sic

424 1619 646 1668 Proculus,
673 1619 716 1659 in
747 1619 886 1671 Julia‚
915 1620 1130 1672 Gegania,
1150 1626 1195 1660 et
1214 1621 1312 1660 Vir·

426 1682 558 1735 ginia.
615 1683 723 1725 Quae
741 1683 1021 1735 praenomina,
1054 1690 1104 1724 ut
1138 1690 1182 1725 et
1210 1684 1312 1735 alia,

392 1744 395 1746 ”
425 1745 688 1796 posteriores
707 1745 888 1798 plebeiae
902 1746 1143 1798 praesertim
1159 1753 1312 1799 gentes

425 1807 623 1860 quaedam
652 1820 731 1861 pro
757 1809 1081 1861 cognominibus
1110 1816 1311 1862 accepta-

426 1875 542 1910 runt.
599 1871 859 1912 Posthumus
889 1871 1001 1912 enim
1023 1873 1065 1912 in
1087 1878 1217 1924 gente
1236 1873 1311 1913 vi-

424 1934 492 1972 bia
520 1939 563 1974 et
584 1934 758 1975 Rabiria
775 1947 1013 1987 cognomen
1028 1940 1125 1985 est;
1145 1934 1311 1989 ¹Agrip-

423 2008 480 2049 pa
501 2003 642 2037 autem
661 1998 701 2037 iu
718 1999 914 2050 Fonteia,
934 1999 1142 2050 Vibullia,
1159 1999 1312 2052 Vipsa-

423 2060 513 2109 nia,
541 2066 586 2100 et
603 2059 783 2111 Asinia3
813 2062 916 2102 item
937 2061 1148 2103 Proculus
1168 2062 1212 2102 iu
1240 2063 1310 2103 Li-

422 2124 537 2164 cinia
565 2130 696 2178 atque
716 2126 905 2166 Plautia.
1189 2157 1200 2174 ᾗ

479 2189 614 2229 Coesar
627 2193 665 2229 et
684 2188 845 2241 Opiter]
861 2188 1103 2228 Admodum
1117 2186 1311 2229 confuse.

419 2250 507 2290 Sed
528 2251 570 2290 in
590 2252 698 2292 Mss.
719 2252 935 2304 plerisque
968 2253 1122 2304 copula
1150 2251 1310 2292 omitti-

421 2319 508 2352 tur.
544 2313 639 2354 Nec
659 2315 783 2355 male.
805 2316 916 2355 Nam
937 2315 978 2354 in
1000 2314 1160 2366 Opiter
1179 2315 1309 2366 signi-

419 2376 641 2419 ficationes
661 2379 973 2430 praenominum
994 2379 1151 2431 incipit
1174 2391 1306 2431 expo-

417 2453 525 2482 nere
542 2455 555 2492 ;
573 2443 686 2495 quod
707 2443 846 2496 ipsum
867 2442 1039 2496 quidem
1058 2441 1187 2482 fuisse
1208 2455 1306 2495 cog-

419 2517 593 2556 nomen,
639 2519 724 2546 nou
774 2508 926 2560 liquet.
961 2506 964 2509 ’
983 2507 1122 2548 Porro
1161 2508 1309 2548 Caesar

418 2568 630 2609 Juliorum
647 2582 885 2622 cognomen
900 2582 993 2611 esse
1008 2575 1179 2611 constat
1197 2584 1209 2621 ;
1230 2571 1307 2611 sed

422 2643 475 2670 an
498 2644 743 2683 praenomeu
765 2639 895 2673 antea
910 2632 1059 2684 fuerit,
1078 2633 1306 2673 obscurum

420 2705 590 2747 quoque
619 2696 742 2736 nobis
779 2705 862 2736 est.
918 2696 1132 2748 Adjungit
1158 2701 1305 2737 tamen

417 2755 487 2806 iis,
516 2769 612 2809 quae
643 2770 697 2798 ex
731 2759 1068 2811 praenominibus
1088 2761 1305 2812 cognomi·

416 2831 472 2858 na
508 2818 626 2860 facta
666 2828 779 2862 sunt.
836 2821 969 2874 Atqui
1007 2823 1131 2863 Caeso
1175 2828 1303 2863 vetus

417 2895 666 2934 praenomen
704 2897 798 2925 esse
832 2885 1026 2938 ejusdem
1054 2885 1228 2937 originis
1257 2890 1303 2927 et

416 2946 738 2999 significationis
774 2961 824 2989 ac
876 2949 1023 2989 Caesar
1068 2961 1302 3000 cognomen

416 3011 546 3052 Juliae
577 3012 717 3063 gentis
754 3012 900 3063 plures
929 3012 1170 3063 opinantur.
1223 3011 1302 3052 Ait

417 3073 531 3124 enim
551 3073 717 3113 Plinius
736 3074 810 3114 lib.
824 3085 905 3113 vn.
933 3086 1029 3126 cap.
1044 3078 1085 3114 9.
1115 3074 1300 3126 primum

417 3137 631 3176 Caesarem
648 3149 673 3176 a
691 3149 803 3176 caeso
823 3136 968 3176 matris
979 3141 1104 3176 utero
1118 3136 1298 3189 dictum,

415 3199 650 3251 eademque
665 3199 717 3238 de
734 3210 862 3239 causa
878 3203 924 3238 et
937 3198 1136 3239 Caesones
1151 3199 1297 3251 appel-

415 3262 525 3302 latos
545 3261 692 3301 fuisse.

472 3325 627 3377 Hospes
636 3324 967 3379 proenomensuit]
989 3324 1040 3364 In
1055 3325 1110 3365 V.
1124 3325 1173 3365 C.
1189 3325 1296 3365 Hos-

415 3391 473 3428 tes
509 3388 685 3440 legitur,
719 3389 827 3439 item
860 3387 1077 3428 mendose.
1134 3390 1297 3429 Verum

415 3464 468 3491 ex
491 3452 626 3502 Livio,
645 3451 887 3502 Macrobio‚
903 3450 1295 3503 Cassiodoro,mar-

414 3513 684 3567 moribusque
710 3513 963 3566 Capitolinis
981 3513 1183 3566 colligere
1213 3520 1294 3562 est,

1211 292 1388 335 NOTAE
1427 293 1492 332 IN

1379 413 1533 454 Hostus
1567 414 1653 466 legi
1691 414 1864 466 debere,
1901 414 2255 467 quemadmodum

1378 476 1488 517 libro
1507 477 1635 517 tertio
1652 476 1880 518 Annalium
1901 478 1944 518 in
1963 478 2083 519 istius
2102 479 2259 521 Lucre·

1379 540 1442 586 tii,
1470 541 1541 592 qui
1561 540 1629 581 hic
1660 540 1899 591 adducitur,
1927 542 2152 582 consulatu
2183 541 2258 581 de·

1378 605 1628 645 monstravi,
1683 604 1868 656 Insuper
1897 615 1983 644 xu.
2005 604 2168 645 tabulae
2193 617 2259 649 os·

1376 667 1563 707 tendunt
1594 667 1840 719 peregrinos
1869 679 2018 707 omnes
2054 667 2152 708 olim
2178 673 2259 720 'np-

1377 730 1558 781 pellatos
1590 730 1742 770 Hostes
1771 728 1931 779 fuisse3
1976 729 2090 782 quod
2126 729 2257 770 etiam

1379 794 1535 834 Cicero
1553 797 1598 834 et
1621 794 1719 833 Sex.
1739 792 1971 843 Pompeius
1983 797 2256 834 annotarunt.

1378 858 1445 897 Ex
1475 870 1560 910 qua
1578 869 1682 897 voce
1701 855 1931 896 deducitur
1948 855 2067 897 istud
2087 867 2258 907 prenos-

1378 933 1492 972 men‚
1520 933 1604 974 quo
1625 921 1688 960 usi
1711 925 1810 959 sunt
1837 918 1964 971 primi
1996 918 2177 960 Hostilii
2211 926 2259 959 et

1378 989 1480 1024 ante
1499 983 1647 1024 urbem
1667 982 1882 1026 conditam
1899 996 1910 1031 ;
1933 980 2136 1020 Lucretia
2152 980 2258 1021 item

1378 1057 1500 1098 gens,
1513 1045 1622 1086 sicut
1640 1057 1694 1085 ex
1711 1043 1833 1085 fastis
1851 1042 2144 1084 consularibus
2157 1055 2258 1085 con·

1378 1115 1482 1150 stat.

1429 1173 1635 1214 Lucretius
1655 1170 1903 1223 mipitius]
1923 1171 2181 1224 Tricipitinus
2195 1171 2257 1212 le·

1378 1237 1561 1288 gendum
1582 1243 1651 1277 est
1670 1249 1722 1275 ex
1743 1237 1974 1276 autoritate
2002 1247 2258 1276 marmorum

1379 1301 1733 1353 Capitoliuorum‚
1750 1299 1905 1353 quibus
1935 1300 2040 1339 nihil
2070 1305 2138 1340 est
2163 1311 2256 1340 eor-

1376 1364 1550 1404 rectius.

1436 1428 1574 1469 Volero
1585 1427 1687 1468 enim
1700 1428 1743 1467 in
1759 1438 1983 1479 prmomen
1998 1425 2117 1477 abiit]
2131 1425 2192 1467 AV.
2204 1425 2256 1467 C.

1382 1493 1518 1534 Volero
1535 1493 1579 1532 in
1590 1503 1811 1544 proenomen
1833 1490 1948 1541 abiit,
1977 1491 2069 1531 sine
2094 1489 2258 1531 causali

1375 1557 1799 1610 conjunctione‚quae
1819 1553 2035 1608 superflua
2054 1559 2137 1597 est.

1433 1622 1541 1667 Quia
1563 1622 1783 1662 ‘nolentibus
1805 1621 1913 1661 nasci
1930 1620 2067 1661 liberis
2080 1619 2254 1671 parenti-

1376 1684 1445 1725 bus
1463 1685 1684 1738 videbatur]
1704 1685 1758 1726 V.
1776 1684 1826 1725 C.
1856 1688 1896 1724 et
1913 1682 2146 1734 nolentibus,
2165 1694 2258 1722 nas·

1375 1748 1429 1798 ci,
1453 1749 1519 1799 ᾅτ.
1575 1749 1711 1787 Locus
1731 1746 1821 1786 siue
1840 1757 1969 1786 sensu
1984 1743 2164 1785 multum
2179 1742 2256 1784 ob-

1375 1822 1523 1850 scurus
1539 1814 1623 1861 est,
1651 1815 1696 1850 et
1717 1821 1741 1849 e
1765 1807 2068 1860 manuscriptis
2095 1804 2253 1847 codici?-

1377 1874 1455 1914 bus
1475 1874 1579 1914 nihil
1597 1874 1706 1914 lucis
1737 1874 1946 1915 hactenus
1973 1871 2255 1924 depromitur.

1375 1936 1549 1977 Poterit
1568 1942 1708 1977 tamen
1724 1935 1901 1977 duarum
1916 1936 2138 1976 literarum
2163 1946 2254 1975 mu-

1375 2001 1557 2052 tatione,
1573 2006 1619 2041 et
1652 2001 1775 2041 unius
1811 1999 2159 2052 transpositione,
2192 1999 2254 2039 sic

1374 2063 1469 2103 fieri
1496 2065 1630 2104 multo
1661 2064 1896 2104 correctior
1924 2067 1972 2103 et
1999 2061 2254 2111 dilucidior3

1373 2127 1409 2166 si
1424 2126 1632 2167 indebatur
1648 2127 1858 2179 legamus,
1874 2137 1952 2178 pro
1970 2125 2189 2177 videbatur,
2206 2131 2255 2166 et

1373 2190 1587 2230 volentibus
1605 2201 1683 2242 pro
1693 2188 1925 2240 nolentibus,
1942 2187 2004 2229 ita
2023 2200 2036 2228 ε
2063 2188 2200 2228 Volero
2211 2187 2254 2228 in

1368 2264 1592 2303 praenomen
1622 2250 1737 2302 abiit,
1766 2255 1805 2291 et
1835 2250 2054 2291 volentibus
2078 2251 2188 2291 nasci
2205 2243 2263 2290 12·ss

1372 2315 1474 2355 beris
1497 2315 1722 2368 parentibus
1737 2313 1956 2355 findebatur.
2010 2314 2124 2355 Nam
2149 2313 2255 2354 omi-

1371 2379 1437 2418 nis
1469 2378 1670 2431 quiddam
1706 2378 1750 2417 in
1782 2390 1829 2417 se
1855 2377 1986 2417 habet
2005 2387 2252 2429 praenomen

1370 2439 1504 2493 istud,
1524 2441 1635 2482 sicut
1646 2442 1816 2492 Tullus,
1837 2439 1991 2492 Aulus,
2004 2439 2190 2486 Manius,
2205 2443 2253 2479 et

1372 2502 1470 2542 alia.

1427 2565 1594 2605 Publius
1630 2563 1767 2615 Philo]
1813 2564 1942 2604 Muta
1977 2563 2022 2603 in
2056 2562 2255 2604 Publilius

1371 2629 1506 2681 Philo,
1532 2629 1585 2669 ad
1607 2629 1891 2669 imitationem
1910 2627 2251 2680 Capitolinorum

1369 2704 1642 2744 marmorum,
1658 2693 1699 2732 in
1717 2692 1870 2745 quibus
1889 2691 2028 2731 adhue
2047 2695 2170 2731 extat
2186 2690 2252 2730 iu-

1370 2760 1438 2795 ter
1469 2755 1663 2795 tribunos
1693 2754 1906 2795 consulari
1925 2758 2156 2806 potestate,
2176 2753 2251 2806 qui

1366 2815 1541 2857 fuerunt
1557 2816 1613 2857 A.
1629 2818 1683 2857 U.
1700 2827 1873 2858 cccmv.

1421 2881 1582 2921 Lazirtis
1602 2892 1825 2932 praenomen
1842 2883 1900 2920 est
1917 2882 2111 2931 sumptum
2126 2892 2153 2920 o
2171 2879 2251 2920 Lo-

1366 2945 1491 2998 ribus]
1519 2946 1656 2985 Locus
1674 2944 1743 2984 hic
1760 2944 2003 2996 prodigiose
2020 2949 2251 2996 corruptus

1367 3013 1448 3059 est,
1476 3012 1524 3048 et
1554 3007 1684 3047 variis
1715 3006 1947 3057 erroribus,
1964 3018 2090 3059 quem
2108 3004 2249 3046 obiter

1365 3072 1495 3111 etiam
1515 3070 1625 3111 libro
1645 3069 1875 3110 Annalium
1901 3069 2031 3110 tertio
2059 3067 2249 3109 correxi-

1364 3145 1458 3173 mus
1504 3133 1548 3172 in
1594 3133 1816 3173 consulatu
1862 3131 1986 3184 hujtns
2021 3130 2251 3174 Herminii.

1364 3197 1494 3238 Nunc
1527 3207 1629 3236 vero
1659 3194 1839 3236 eundem
1860 3194 1915 3234 ad
1934 3193 2246 3246 manuscripto-

1364 3272 1457 3300 rum
1484 3258 1688 3300 librorum
1719 3269 1898 3298 examen
1927 3267 2131 3297 revocare
2159 3267 2246 3298 non

1362 3322 1641 3374 incongruum
1673 3320 1860 3365 videtur.
1920 3319 1975 3360 In
2011 3319 2242 3372 campensi

1362 3385 1538 3437 legitur,
1553 3383 1728 3424 Lalertis
1736 3395 1972 3435 pmnomen,
1984 3383 2027 3423 in
2039 3381 2123 3422 alio
2135 3382 2244 3423 v.0.

1362 3448 1557 3489 Lacertis.
1603 3446 1687 3487 Sed
1717 3446 1880 3496 malim,
1906 3446 2004 3498 Iar,
2032 3444 2162 3491 lartio,
2187 3444 2243 3484 ad

1363 3509 1652 3553 differentiam
1684 3509 1784 3562 Lar,
1821 3509 1930 3550 laris.
2003 3509 2098 3550 Has
2129 3507 2242 3549 enim
