2346 3996
369 279 513 332 1342

373 419 576 466 quantum
596 412 638 453 in
669 425 715 452 se
745 412 842 464 fuit,
878 413 1112 464 prodebat:
1143 425 1238 454 nam

370 490 466 518 cum
485 478 630 517 consul
658 482 817 529 praeter
847 483 1028 517 caeteras
1059 477 1240 529 impera·

371 543 500 583 torias
520 547 651 592 artes,
681 554 782 592 quas
814 542 1004 593 parando
1034 543 1240 595 gerendo-

370 617 452 657 que
473 605 584 644 bello
601 604 738 644 edidit
752 604 970 657 plurimas,
983 605 1044 646 ita
1056 607 1241 647 instrux-

370 669 475 708 isset
494 667 644 719 aciem,
671 673 719 707 ut
748 669 838 709 solo
858 669 1053 722 equitatu
1072 670 1242 721 emisso,

372 732 606 772 exercitum
628 731 812 772 hostium
832 731 1048 783 funderet,
1078 733 1243 786 insequi

369 797 486 838 fusos
513 798 681 849 pedites
707 798 868 839 noluit:
901 810 982 839 nec
1017 798 1126 849 illos,
1160 799 1243 839 etsi

369 872 451 900 non
471 859 716 902 adhortatio
733 861 858 901 invisi
876 861 1013 908 ducis,
1027 874 1148 902 suum
1163 863 1243 902 sal·

370 929 456 963 tem
476 922 704 976 flagitium,
731 929 776 964 et
809 924 1026 976 publicum
1057 925 1099 964 in
1135 937 1244 976 prae·

369 988 510 1027 sentia
541 987 747 1037 dedecus,
777 987 1046 1039 postmodum
1077 988 1243 1039 pericu-

369 1051 470 1101 lum,
486 1050 518 1090 si
537 1051 697 1091 animus
722 1050 833 1090 hosti
854 1050 1066 1101 rediisset,
1086 1061 1242 1101 cogere

368 1115 507 1166 potuit
543 1114 721 1164 gradum
771 1115 1025 1164 accelerare,
1072 1121 1160 1165 aut,
1207 1114 1242 1153 si

367 1177 483 1216 aliud
497 1177 616 1228 nihil,
628 1177 787 1219 instare
800 1177 1033 1220 instructos
1050 1194 1061 1221 ε
1081 1178 1244 1230 injussu

368 1242 491 1292 signa
517 1240 724 1291 referunt,
755 1242 994 1294 moestique,
1023 1241 1243 1295 (crederes

365 1303 540 1356 victos,)
548 1310 796 1347 execrantes
807 1317 919 1345 nunc
927 1305 1246 1357 imperatorem,

366 1382 480 1410 nunc
499 1376 694 1410 navatam
715 1371 769 1412 ab
789 1371 935 1422 equite
954 1381 1147 1422 operam,
1177 1381 1243 1409 re·

367 1433 499 1473 deunt
517 1432 561 1472 in
580 1439 742 1484 castra,
760 1445 841 1473 nec
870 1433 970 1473 huic
996 1438 1082 1473 tam
1110 1432 1242 1484 pesti-

368 1497 473 1536 lenti
491 1496 691 1548 exemplo
708 1495 898 1536 remedia
929 1496 1016 1551 ulla
1035 1495 1088 1536 ab
1109 1496 1241 1547 impe-

366 1565 509 1600 ratore
529 1560 708 1613 quaesita
728 1566 843 1600 sunt.
889 1559 1014 1600 Adeo
1029 1559 1242 1600 excellen-

368 1622 483 1662 tibus
501 1622 680 1674 ingeniis
707 1623 834 1664 citius
861 1621 1048 1664 defuerit
1072 1635 1141 1663 ars
1160 1635 1243 1676 qua

367 1687 504 1727 civem
537 1691 708 1738 regant,
726 1698 851 1738 quam
871 1698 956 1739 qua
980 1687 1146 1726 hostem
1173 1698 1242 1726 su·

365 1755 537 1802 perent-
593 1750 750 1790 Consul
774 1751 949 1791 Romam
980 1749 1125 1800 rediit,
1157 1761 1241 1789 non

364 1820 451 1854 tam
471 1813 574 1854 belli
594 1814 730 1866 gloria
756 1818 900 1865 aucta,
923 1825 1049 1865 quam
1069 1812 1241 1853 irritato

364 1877 713 1931 exacerbatoque
748 1877 792 1917 in
825 1889 871 1917 se
902 1877 1088 1917 militum
1127 1876 1242 1918 odio.

364 1942 478 1982 Vide
499 1941 595 1982 Liv.
615 1941 690 1982 lib.
710 1952 763 1982 11.
797 1937 903 1981 Oliu.

423 2006 478 2047 Ut
513 2006 734 2047 universum
763 2019 851 2058 pop.
873 2006 989 2047 Rom.
1009 2006 1242 2058 equitatum]

363 2070 435 2110 Ita
471 2072 616 2122 vulgo.
673 2071 805 2123 Lege,
841 2070 1075 2121 peditatum,
1113 2075 1161 2110 ut
1196 2070 1243 2109 in

365 2134 610 2188 Campensi,
641 2140 686 2175 et
715 2134 1070 2187 quemadmodum
1099 2133 1244 2175 Livius

363 2198 633 2250 astipulatur.
661 2197 784 2250 Pigh.

418 2260 561 2313 Fabio]
591 2261 677 2304 Qui
707 2261 1030 2314 intercesserat,
1061 2272 1115 2300 ne
1146 2271 1244 2313 pro-

361 2326 644 2378 mitigaretur.

417 2389 475 2428 Et
494 2393 580 2428 tuto
600 2394 638 2429 et
667 2387 813 2440 facile]
855 2387 955 2430 Hoc
987 2387 1086 2427 ideo
1122 2386 1244 2439 dicit,

370 2465 424 2493 ne
439 2452 665 2494 videantur
686 2453 884 2505 periculo
915 2457 991 2493 aut
1012 2452 1158 2492 labore
1175 2451 1245 2491 de-

364 2517 508 2558 territi
529 2517 794 2557 detrectasse
813 2516 1027 2556 militiam.
1060 2515 1212 2555 Oliver.

419 2580 499 2620 Illa
515 2592 604 2620 vero
633 2580 771 2631 etiam,
796 2578 886 2631 dfe]
916 2578 1085 2631 Appius
1117 2578 1245 2618 Clau-

365 2644 459 2684 dius
475 2643 591 2695 plebi
611 2644 886 2684 vehementer
906 2642 1081 2694 invisus,
1099 2642 1246 2682 consul

361 2708 565 2748 adversus
603 2707 783 2749 Volscos
811 2706 1050 2760 profectus,
1096 2706 1246 2746 eadem

359 2773 532 2825 saevitia
549 2773 592 2812 in
610 2772 783 2824 milites,
801 2785 885 2825 qua
912 2772 957 2812 in
983 2770 1154 2824 plebem
1185 2769 1248 2810 uti

365 2842 659 2877 consueverat.
679 2836 842 2888 Magna
855 2835 968 2876 enim
980 2835 1043 2875 ira
1057 2839 1101 2874 et
1111 2833 1249 2885 indig-

364 2900 481 2940 natio
497 2897 687 2939 ferocem
704 2899 887 2939 militum
905 2899 1092 2939 animum
1106 2897 1249 2949 exagi-

365 2964 503 3014 tabat,
533 2963 606 3016 qui
636 2962 755 3003 nulla
794 2962 835 3002 vi
868 2961 1031 3002 domari
1061 2965 1249 3013 poterat,

363 3033 531 3068 tantum
584 3025 731 3066 odium
786 3025 938 3066 animis
975 3024 1248 3066 imbiberant.

362 3093 518 3144 Itaque
538 3089 742 3142 segniter,
773 3089 927 3140 otiose,
959 3088 1249 3140 negligenter,

364 3153 678 3194 contumaciter
698 3151 841 3193 omnia
872 3163 1027 3203 agere3
1060 3163 1139 3191 nec
1171 3162 1247 3202 pu-

365 3219 459 3269 dor,
475 3229 558 3258 nec
584 3221 722 3257 metus
751 3214 1036 3264 coeteebant5
1066 3214 1101 3254 si
1121 3214 1249 3254 citius

367 3282 434 3333 agi
457 3281 589 3321 vellet
601 3291 768 3331 agmen,
787 3278 950 3320 tardius
969 3278 1115 3318 sedulo
1134 3277 1249 3318 ince-

366 3347 498 3395 dere;
539 3345 574 3386 si
612 3343 860 3384 adhortator
887 3343 1034 3394 operis
1063 3340 1250 3392 adesset,

370 3419 516 3448 omnes
536 3419 613 3448 sua
633 3410 962 3459 spontemotam
994 3403 1250 3445 industriam

370 3475 606 3525 remittere,
623 3472 826 3526 praesenti
843 3473 983 3512 vultus
996 3470 1251 3519 demittere;

957 295 1132 333 NOTAE
1176 295 1449 336 VARIORU
1462 299 1498 334 Μ

1546 299 1610 338 lN

1304 415 1435 457 tacite
1462 423 1795 469 praetereuntem
1815 420 2022 471 execrari,
2053 427 2100 461 ut
2119 422 2180 462 in-

1302 479 1440 520 victus
1459 481 1529 521 ille
1554 483 1650 522 odio
1672 483 1840 535 plebeio
1858 483 2020 523 animus
2052 483 2182 525 iuter-

1303 543 1400 582 dum
1438 551 1698 596 moveretur,
1745 546 1857 586 omni
1895 547 2181 599 nequicquam

1305 606 1542 647 acerbitate
1576 613 1790 659 prompta,
1827 609 1933 649 nihil
1958 610 2052 661 jam
2084 621 2182 659 cum

1304 670 1508 711 militibus
1528 683 1670 724 agere,
1696 685 1720 711 a
1749 673 2068 713 centurionibus
2089 684 2181 712 cor-

1305 739 1477 784 ruptum
1497 735 1737 774 exercitum
1756 735 1917 777 dicere.
1974 735 2091 776 Nihil
2111 747 2182 776 eo-

1306 808 1398 836 rum
1417 798 1562 838 Volsci
1590 798 1855 850 nesciebant,
1883 799 2182 852 instabantque

1305 872 1358 900 eo
1392 861 1541 912 magis,
1575 866 1800 914 sperantes
1828 861 1940 901 idem
1967 867 2184 902 certamen

1304 925 1539 965 animorum
1569 925 1772 966 adversus
1791 923 1978 976 Appium
2012 925 2184 966 habitu-

1304 1000 1396 1028 rum
1415 990 1654 1029 exercitum
1683 990 1940 1038 Romanum,
1973 988 2086 1041 quod
2107 988 2182 1029 ad-

1306 1066 1451 1094 versus
1479 1054 1658 1095 Fabium
1690 1054 1910 1094 consulem
1945 1052 2182 1104 habuisset.

1308 1117 1525 1157 Caeterum
1554 1118 1687 1158 multo
1725 1116 1867 1169 Appio
1893 1128 2016 1170 quam
2053 1116 2184 1157 Fabio

1307 1180 1534 1221 violentior
1564 1180 1664 1222 fuit.
1728 1182 1829 1222 Non
1864 1180 1976 1220 enim
2010 1180 2182 1220 vincere

1306 1247 1473 1284 tantum
1492 1245 1641 1296 noluit,
1656 1249 1704 1285 ut
1722 1244 1953 1295 Fabianus,
1974 1242 2051 1283 sed
2069 1242 2183 1283 vinci

1306 1307 1455 1348 voluit.
1528 1308 1772 1348 Productus
1804 1308 1846 1348 in
1883 1307 2033 1356 aciem,
2068 1306 2183 1357 turpi

1303 1367 1408 1421 fuga
1424 1370 1536 1422 petit
1563 1376 1736 1411 castra:
1766 1382 1848 1410 nec
1881 1375 1981 1410 ante
2007 1369 2187 1419 restitit,

1304 1445 1430 1484 quam
1450 1434 1574 1486 signa
1591 1433 1844 1474 inferentem
1859 1433 2065 1472 Volscum
2093 1443 2184 1470 mu-

1304 1496 1505 1538 nimentis
1539 1497 1665 1548 vidit,
1713 1495 1956 1549 foedamque
2001 1494 2187 1536 extremi

1305 1560 1482 1611 agminis
1509 1561 1688 1602 caedem.
1753 1561 1858 1600 Tum
1888 1569 2091 1611 expressa
2124 1558 2186 1597 vis

1305 1623 1359 1663 ad
1391 1625 1682 1676 pugnandum,
1714 1629 1762 1665 ut
1795 1623 1932 1664 victor
1953 1623 2046 1675 jam
2073 1622 2186 1662 vallo

1305 1687 1630 1728 submoveretur
1663 1686 1866 1727 bostium.
1920 1684 2052 1726 Multi
2085 1697 2184 1737 gau-

1305 1750 1406 1791 dere
1435 1763 1508 1791 sua
1540 1750 1664 1792 clade
1685 1756 1819 1803 atque
1846 1747 2096 1802 ignominia,
2115 1747 2187 1787 de-

1305 1814 1431 1868 nique
1452 1814 1700 1856 exacerbati
1722 1813 1849 1855 animi
1877 1813 2018 1865 palam
2038 1816 2184 1864 postu-

1305 1878 1412 1931 lare,
1438 1884 1485 1919 ut
1505 1885 1650 1919 castra
1668 1890 1722 1918 ex
1741 1877 1900 1917 Volsco
1919 1887 2025 1928 agro
2042 1885 2186 1915 move-

1306 1948 1458 1983 antur:
1502 1943 1615 1995 quod
1651 1954 1745 1982 cum
1783 1939 1945 1981 factum
1982 1945 2101 1979 esset
2133 1938 2186 1977 ab

1306 2006 1468 2060 Appio,
1500 2005 1648 2046 Volsci
1699 2016 1776 2056 per
1809 2003 2104 2055 exploratores
2139 2012 2186 2040 re

1305 2070 1492 2123 cognita,
1528 2069 1780 2110 novissimos
1809 2065 2130 2119 aggrediuntur,
2163 2077 2189 2104 a

1305 2135 1455 2188 quibus
1474 2138 1522 2174 ut
1553 2133 1744 2186 perlatus
1773 2131 1825 2171 ad
1857 2130 2017 2182 primos
2036 2129 2188 2168 tumul-

1306 2203 1392 2249 tus,
1423 2209 1474 2237 eo
1510 2207 1670 2249 pavore
1702 2196 1824 2246 signa
1856 2198 1988 2245 atque
2018 2191 2189 2232 ordines

1306 2261 1515 2312 turbavit,
1545 2265 1592 2299 ut
1610 2269 1750 2311 neque
1769 2257 1955 2309 imperia
1978 2254 2191 2305 exaudiri,

1305 2336 1444 2377 neque
1480 2323 1630 2364 instrui
1664 2321 1779 2362 acies
1817 2323 2020 2372 possent:
2063 2329 2190 2357 nemo

1307 2388 1447 2435 ullius,
1483 2387 1564 2427 nisi
1591 2385 1708 2438 fugae
1744 2395 1908 2425 memor
1935 2387 2064 2423 esset.
2120 2381 2191 2421 lta

1306 2450 1442 2492 effuso
1462 2451 1631 2503 agmine
1651 2460 1731 2502 per
1747 2455 1935 2500 stragem
1961 2455 2191 2497 corporum

1307 2526 1607 2567 armorumque
1635 2523 1828 2563 evasere,
1844 2514 1894 2550 ut
1921 2508 2038 2562 prius
2055 2507 2191 2548 hastis

1307 2577 1540 2618 desisteret
1574 2575 1758 2628 insequi,
1809 2585 1936 2627 quam
1951 2572 2192 2617 ,Romanus

1309 2639 1475 2692 fugere.
1533 2638 1631 2678 Hoc
1653 2637 1779 2677 modo
1800 2634 2018 2677 exercitus
2038 2635 2192 2675 Roma»-

1309 2718 1387 2745 nus
1408 2705 1463 2745 ob
1483 2705 1589 2745 iram
1610 2701 1882 2755 imperatoris
1902 2711 1985 2740 non
2005 2699 2193 2748 vincere,

1309 2767 1384 2809 sed
1414 2768 1528 2808 vinci
1558 2766 1745 2818 turpiter
1774 2763 1924 2815 voluit,
1952 2773 2191 2816 quanquam

1311 2831 1365 2870 de
1386 2829 1598 2871 nonnullis
1626 2832 1842 2879 sumptum
1874 2825 2010 2867 fuerit
2036 2824 2196 2876 suppli,-

1311 2894 1438 2936 eium.
1494 2893 1609 2934 Vide
1627 2892 1719 2933 Liv.
1738 2890 1814 2931 lib.
1839 2901 1892 2931 11.
1922 2889 2032 2930 oliv.

1365 2959 1413 2998 In
1436 2957 1558 2999 Fabio
1576 2954 1877 3008 pulcherrimam
1895 2956 2047 3004 partem
2073 2951 2190 2991 omit·

1311 3022 1485 3074 tendam]
1513 3021 1585 3062 Ita
1605 3020 1746 3071 vulgo.
1790 3019 1924 3069 Lege,
1938 3016 2196 3068 pulcherrime

1310 3092 1485 3140 partam,
1501 3091 1546 3127 et
1565 3085 1618 3125 ad
1639 3081 1865 3124 victoriam
1880 3080 2036 3121 refero.
2057 3079 2166 3129 Lips.

1366 3153 1436 3204 §6
1462 3146 1567 3201 Age,
1595 3158 1710 3200 quam
1736 3141 1943 3194 violenter]
1978 3143 2084 3182 Cum
2105 3138 2193 3181 bel-

1313 3215 1400 3255 lum
1422 3214 1627 3254 Volscum
1648 3212 1847 3259 instaret,
1867 3213 1912 3247 et
1931 3207 2082 3247 civitas
2100 3204 2195 3256 ipsa

1315 3290 1462 3318 secum
1490 3276 1655 3316 discors
1675 3271 1880 3313 intestino
1898 3268 2010 3309 malo
2031 3268 2196 3308 labora·

1315 3349 1398 3394 ret,
1441 3339 1555 3395 quod
1592 3335 1827 3381 execrabili
1854 3335 1967 3375 inter
1997 3344 2043 3373 se
2070 3333 2193 3385 plebs

1318 3410 1546 3457 patresque
1581 3402 1679 3442 odio
1724 3397 1974 3449 flagrarent,
2010 3396 2195 3437 maxime

1316 3474 1498 3521 propter
1516 3477 1647 3507 nexos
1669 3462 1724 3505 ob
1744 3474 1802 3503 aes
1821 3462 2021 3513 alienum,
2038 3458 2195 3500 freme-
