2346 3996
358 266 500 320 1386
930 280 1187 319 NOTl'rtA
1230 282 1583 323 LtrssnAmA

626 409 706 457 De
728 408 973 455 nominum
999 408 1326 458 Romanorum
1351 411 1541 459 ratione
1547 410 1909 476 fragmentum.

430 530 486 577 In
517 529 687 593 paucis
715 529 1010 592 quibusdam
1036 531 1158 579 Mss.
1195 531 1398 596 Pighius
1441 540 1649 580 testatur
1689 549 1782 598 pro
1826 533 2005 584 decimo
2043 534 2176 585 'libro

360 626 614 659 occurrere
639 609 963 674 fragmentum
987 610 1226 675 epitomes
1253 612 1310 662 de
1334 614 1581 660 nominum
1616 611 1946 663 Romanorum
1970 617 2176 674 ratione,

362 707 506 755 quam
526 708 583 738 ex
602 690 790 739 Valerio
805 690 951 754 (forte
976 708 1071 740 non
1098 692 1336 752 Maximo,
1361 693 1448 742 sed
1475 693 1704 754 Antiate)
1727 694 1883 744 Julius
1906 695 2036 747 Paris
2062 688 2180 745 con-

361 764 534 820 fecisse
558 770 755 820 dicitur.
827 772 939 821 Hoc
963 772 1212 838 insigniter
1235 775 1443 823 illustrat
1481 782 1530 823 et
1567 773 1755 823 erudite
1793 776 1998 840 castigat
2034 777 2179 827 Clau-

361 851 468 900 dius
487 851 750 901 Salmasius
774 853 822 900 in
847 855 1198 903 commentario
1223 854 1452 905 inchoato
1473 855 1536 903 ad
1555 855 1858 904 Arnobium:
1886 855 2003 906 add.
2021 858 2177 923 Span·

362 933 492 981 hem.
515 932 576 980 de
597 934 706 991 *Usu
730 942 778 983 et
803 934 882 983 Pr.
908 952 1041 984 num.
1065 937 1129 985 T.
1169 950 1233 985 11.
1260 954 1313 1001 p.
1339 944 1420 987 40.
1446 944 1531 987 41.
1556 943 1639 994 77.
1664 939 1762 984 &c.
1801 937 1886 1001 qui
1911 931 1963 985 id
1999 936 2177 1003 fragm.

362 1014 428 1062 T.
456 1014 618 1062 Probo
645 1014 832 1063 tribuit.
901 1016 960 1064 C.
982 1015 1087 1064 Titi
1114 1016 1263 1067 Probi
1284 1017 1297 1039 ¹
1337 1033 1531 1075 nomen,
1561 1016 1695 1081 quod
1720 1015 1878 1065 eidem
1913 1016 2184 1082 fragmento

269 1133 271 1136 .
360 1093 626 1159 praefigitur
649 1096 696 1143 in
721 1095 932 1144 editione
960 1099 1190 1161 Antverp.
1223 1103 1366 1148 1535.
1395 1103 1441 1146 8.
1484 1097 1534 1145 in
1575 1113 1674 1161 qua
1717 1096 1894 1161 prima.
1919 1097 2013 1146 hoc
2055 1097 2184 1164 frag-

360 1183 576 1224 mentum
602 1176 826 1234 vidimus,
862 1176 1004 1234 forte,
1029 1177 1117 1225 nisi
1142 1178 1285 1242 plane
1307 1177 1517 1226 alienum
1546 1178 1623 1234 sit,
1646 1184 1719 1225 est
1744 1177 1945 1226 librarii.
2015 1178 2185 1235 Quan-

364 1273 511 1321 quam
537 1257 698 1306 extitit
720 1257 910 1305 Probus
936 1256 1152 1321 quidam,
1179 1257 1239 1305 de
1264 1274 1363 1321 quo
1390 1258 1557 1322 Lupus
1594 1256 1922 1316 Ferrariensis,
1965 1258 2188 1322 Epistola

365 1350 467 1384 xx.
492 1344 543 1384 et
569 1349 733 1384 xxlv.
771 1336 855 1384 ubi
896 1335 957 1384 de
999 1336 1139 1384 variis
1181 1337 1475 1401 argumentis
1514 1353 1625 1386 eum
1663 1352 1769 1389 esse
1808 1345 2188 1388 commentatum

366 1421 587 1464 testatur.
657 1416 898 1464 ‘Probum
926 1415 1123 1474 autem‚’
1160 1416 1338 1481 inquit,
1365 1423 1490 1465 ‘non
1515 1424 1616 1465 tam
1640 1416 1821 1481 aliquid
1859 1416 2068 1467 edidisse
2104 1418 2196 1467 ad·

366 1496 531 1554 miror,
575 1513 718 1561 quam
757 1513 854 1545 non
892 1497 1119 1546 omnibus
1151 1495 1258 1560 jam
1301 1497 1554 1548 scribendi
1600 1492 1850 1546 materiam
1895 1497 2193 1549 abstulisse!

368 1577 494 1626 Illud
523 1594 636 1625 vero
675 1577 1001 1642 fragmentum
1041 1596 1239 1644 prorsus
1279 1587 1520 1630 remotum
1563 1588 1636 1629 est
1675 1595 1704 1627 a
1742 1595 1914 1628 novem
1957 1579 2191 1629 librorum

367 1657 548 1706 Valerii
587 1658 789 1707 Maximi
833 1666 1133 1725 argumento,
1170 1668 1220 1710 et
1261 1668 1521 1725 propterea
1550 1661 1596 1709 in
1635 1661 1859 1726 pluribus
1901 1659 2194 1710 editionibus

370 1739 766 1802 praetermissum.
835 1741 890 1788 In
917 1741 1214 1805 quibusdam
1244 1757 1444 1807 quoque
1470 1741 1610 1791 Mstis
1634 1741 1890 1791 codicibus
1929 1741 2193 1807 separatim

371 1820 471 1868 sine
493 1820 687 1884 reliquis
710 1821 886 1870 Valerii
910 1821 1047 1871 libris
1073 1823 1308 1872 occurrit.
1378 1822 1503 1872 Vide
1544 1823 1859 1873 Lambecium
1897 1822 1982 1871 lib.
2026 1836 2090 1871 11.
2133 1821 2194 1870 de

372 1900 500 1948 Bibl.
526 1900 737 1949 Vindob.
762 1918 876 1966 pag.
902 1908 1018 1960 934.
1055 1903 1300 1952 Alciatum
1331 1916 1407 1952 [v.
1442 1911 1482 1951 1.
1519 1903 1862 1968 Dispunction.
1933 1903 1988 1950 Iu
2021 1894 2195 1952 codice

373 1981 640 2030 Heinsiano
665 1968 744 2030 an.
787 1990 928 2032 1421.
967 1983 1150 2048 scripto
1187 1983 1383 2033 Gudius
1425 1983 1619 2048 reperit,
1660 1984 1808 2032 Libri
1832 1997 1890 2031 x.
1932 1980 2199 2046 capitulum

380 2071 422 2110 1.
471 2061 528 2111 de
580 2055 921 2126 praenominei
968 2062 1025 2112 de
1070 2064 1388 2112 Praenomine
1437 2071 1493 2112 ut
1531 2070 1608 2112 est
1653 2071 1704 2112 et
1748 2062 1798 2111 in
1836 2062 1918 2111 ed.
1963 2064 2198 2126 Antverp.

374 2142 501 2191 Illud
529 2142 591 2192 de
615 2141 863 2191 nominum
882 2143 1067 2192 ratione
1085 2143 1406 2209 fragmentum
1424 2143 1622 2208 Pighius
1642 2143 1885 2192 recensuit
1909 2159 1966 2190 ex
1987 2142 2200 2191 editione

375 2222 592 2289 Philippi
615 2223 763 2272 Nucii
783 2226 931 2273 Antv.
964 2223 1107 2274 1566.
1134 2241 1282 2292 quam
1307 2239 1417 2274 cum
1440 2224 1684 2273 veteribus
1710 2220 1964 2272 codicibus
2001 2222 2200 2273 commi-

379 2312 525 2353 serat.

450 2495 640 2543 Eumen'
677 2500 690 2521 ‘
717 2495 939 2544 Valerius
966 2496 1221 2544 Maximus
1249 2494 1591 2550 Christianus,’
1612 2497 1659 2540 et
1682 2491 1784 2540 alia
1807 2487 2138 2555 hujuscemodi

1191 2576 1402 2640 scripta.

449 2724 750 2774 Baithasaris
793 2725 998 2772 Exneri²
1066 2722 1318 2772 ‘Valerius
1358 2722 1600 2771 Maximus
1640 2719 1972 2770 Christianus'
2011 2718 2202 2767 Hauov.

391 2802 537 2853 1641.
567 2811 613 2853 8.
638 2804 843 2853 exhibet
866 2804 1019 2852 libros
1043 2817 1129 2852 lx.
1163 2802 1406 2851 dictorum
1433 2801 1775 2869 factorumque
1800 2798 2205 2856 memorabilium,

388 2883 563 2933 Valerii
585 2883 810 2948 exemplo
835 2885 1070 2933 collectos
1090 2884 1406 2948 digestosque
1429 2901 1487 2931 ex
1523 2881 1807 2932 Christianis
1851 2879 2088 2929 historiis:
2126 2880 2210 2929 cui

387 2964 543 3014 labori
580 2966 854 3029 praehrsere,
882 2966 964 3029 qui
995 2966 1043 3014 in
1083 2965 1298 3015 editione
1335 2964 1511 3014 Valerii
1549 2962 1749 3012 Maximi
1789 2962 1936 3010 Basil.
1978 2966 2121 3017 1577.
2162 2967 2209 3010 8.

389 3062 497 3093 cum
525 3046 756 3095 Glareani
794 3047 920 3095 notis
951 3047 1162 3111 vulgata,
1200 3046 1521 3110 subjecerunt
1544 3044 1839 3108 farraginem
1876 3040 2210 3105 exemplorum

384 3126 795 3179 Christianorum.
866 3127 1069 3192 Scripsit
1103 3135 1158 3177 et.
1178 3126 1358 3176 Valerii
1380 3126 1534 3174 nostri
1558 3124 1828 3174 imitatione
1853 3120 2076 3186 Baptista
2099 3119 2211 3168 Ful-

395 3222 540 3271 gosus
577 3207 728 3255 libros
768 3221 850 3256 lx.
901 3206 1143 3256 factorum
1184 3207 1527 3270 dictorumque
1566 3202 1944 3253 memorabilium
1979 3215 2040 3249 ex
2080 3202 2216 3250 omni

451 3365 463 3385 ¹
497 3362 546 3401 In
560 3362 823 3417 Autographis
838 3362 1102 3415 Rudolphinis
1116 3363 1160 3401 T.
1185 3377 1213 3401 1.
1233 3377 1271 3414 p.
1395 3362 1416 3384 ²
1444 3361 1508 3400 De
1526 3360 1692 3406 Exnero,
1712 3357 1780 3411 qui
1798 3372 1831 3396 a.
1850 3360 1968 3398 1624.
1981 3356 2084 3396 diem
2103 3353 2214 3400 obiit,

396 3429 490 3466 401.
507 3427 607 3466 male
640 3441 823 3467 excusum
853 3433 912 3467 est
942 3432 953 3449 ‘
970 3427 1018 3466 C.
1047 3426 1127 3465 Titi
1156 3426 1273 3466 Probi
1341 3426 1510 3464 videnda
1535 3423 1599 3464 Jo,
1618 3422 1774 3462 Henelii
1794 3420 2094 3473 Silesiographia
2119 3417 2165 3457 T.
2183 3431 2213 3457 1.

396 3490 438 3527 in
458 3503 499 3529 x.
516 3490 631 3530 libros
655 3489 866 3543 Epitome,'
883 3501 952 3542 pro
969 3491 981 3511 ‘
996 3489 1036 3528 in
1052 3501 1094 3528 x.
1109 3489 1271 3528 librum.’
1342 3501 1378 3530 c.
1396 3491 1434 3528 7.
1453 3501 1495 3540 p.
1513 3487 1607 3526 208.
