2346 3996
586 315 844 358 VALERII
889 316 1127 356 ΜΑΧΙΜΙ
1175 318 1292 356 Llss.
1338 320 1416 357 vl.
1455 282 1667 358 CAR-9⁶.

212 439 347 481 riatur
379 450 495 491 saepe
527 438 592 479 Μ.
620 437 803 486 Tullius,
832 435 947 489 quod
985 446 1096 474 anno

211 513 289 544 suo
311 508 473 556 praetor
498 502 659 554 primus
690 499 988 553 frequentibus
1022 511 1096 550 po-

213 567 305 621 puli
324 564 535 617 suffragiis
550 565 605 606 sit
622 565 778 605 factus.
802 566 930 604 Color.
986 563 1097 603 Con-

213 630 312 684 tigit
330 629 386 671 A.
407 630 462 670 U.
483 640 733 669 ncxxxvu.
754 629 947 669 circiter.

266 695 336 737 Ex
351 694 433 744 illo,
446 694 533 747 δῖα]
553 694 747 748 Contigit
763 693 817 735 A.
833 693 889 734 U.
907 702 1097 733 ncxmx.

211 761 256 799 et
277 768 483 803 mxvn.

264 821 377 861 Bina
394 821 589 874 trophaea]
618 821 705 864 Qui
740 822 845 862 duas
880 821 1098 861 columnas

212 890 414 926 erexerat
432 886 474 925 in
496 886 603 926 urbe
620 885 891 925 Cimbrorum
903 888 949 924 et
960 883 1098 923 Theu-

212 953 411 989 tonorum
431 948 579 1001 spoliis
599 953 790 988 ornatas.
827 947 936 987 Oliv.

266 1013 369 1053 Post
399 1012 583 1064 exilium]
614 1012 980 1064 Proscriptionem
1015 1009 1099 1062 pri-

213 1086 325 1117 mam
345 1089 369 1116 a
387 1076 523 1128 Sylla.

199 1132 211 1140 “
266 1141 360 1191 §15
393 1139 516 1189 Cnjus
529 1143 660 1178 autem
683 1137 837 1189 Caesar]
867 1137 1000 1189 Sylla,
1027 1136 1100 1176 de·

213 1202 343 1243 victis
389 1203 599 1243 Marianis
645 1202 860 1255 partibus,
922 1202 1101 1251 Caesari,

213 1265 327 1319 qnod
362 1279 440 1318 per
465 1266 625 1307 Juliam
665 1267 756 1319 ejus
795 1266 966 1305 amitam
1006 1271 1102 1306 erat

212 1330 355 1370 Mario
372 1342 534 1370 summa
553 1329 873 1370 necessitudine
902 1330 1102 1382 conjunc·

213 1399 296 1445 tus,
348 1399 530 1434 mortem
575 1394 913 1435 machinabatur.
996 1395 1103 1434 Erat

214 1458 329 1498 enim
349 1458 496 1498 Caesar
524 1458 699 1497 minoris
719 1458 850 1497 Marii
883 1457 1103 1497 consobri-

214 1533 322 1571 nus;
351 1522 426 1562 sed
447 1521 604 1574 saepius
618 1520 700 1561 fuit
719 1522 840 1574 Sylla
861 1521 1103 1573 prohibitus

215 1598 241 1626 a
260 1586 421 1636 multis,
437 1585 548 1638 quod
562 1585 772 1634 dicerent,
788 1584 977 1637 iniquum
993 1596 1103 1635 esse,

215 1653 350 1689 tantae
370 1648 526 1688 indolis
545 1659 723 1699 puerum
756 1647 1011 1687 iunocenter
1032 1659 1103 1687 oc·

215 1711 379 1764 cidere,
407 1724 513 1765 quos
546 1712 619 1752 ille
653 1711 878 1751 dementes
910 1712 1103 1763 appella-

213 1776 307 1827 bat,
355 1775 471 1829 quod
517 1787 602 1815 non
646 1774 942 1827 providerent,
989 1774 1102 1827 quod

215 1850 326 1892 puer
356 1840 468 1879 male
493 1838 758 1891 praecinctus
790 1838 907 1877 mille
937 1838 1102 1878 Marios

214 1902 395 1944 haberet
414 1903 456 1942 in
476 1913 673 1954 corpore.
722 1901 834 1941 Haec
854 1901 987 1954 igitur
1005 1913 1103 1941 cum

217 1968 271 2008 ad
314 1969 528 2010 Caesarem
575 1968 749 2021 perlata
790 1965 952 2015 forent,
995 1967 1102 2007 urbe

216 2033 327 2074 clam
345 2045 561 2086 egressus,
588 2033 632 2072 in
653 2031 820 2072 Sabinis
845 2031 1102 2084 aliquamdiu

216 2103 478 2150 pervagatus
494 2097 687 2146 delituit3
709 2102 860 2148 postea
873 2107 897 2134 a
917 2095 1102 2147 Syllanis

216 2161 441 2212 militibus,
467 2161 539 2214 qui
558 2172 639 2213 per
672 2173 725 2200 ea
758 2161 853 2200 loca
885 2160 1104 2199 latitantes

217 2224 533 2277 disquirebant,
550 2223 662 2265 forte
676 2222 851 2263 fortuna
865 2222 1104 2275 deprehen-

217 2299 287 2328 sus
319 2301 345 2328 a
364 2289 566 2328 Cornelio
601 2299 748 2328 eorum
777 2287 903 2337 duce,
936 2286 1104 2326 duobus

217 2362 263 2391 se
282 2351 457 2392 talentis
476 2351 688 2401 redemit;
718 2363 816 2390 mox
837 2350 936 2389 inde
958 2349 1105 2390 Asiam

218 2421 388 2468 petens,
413 2415 528 2456 circa
557 2415 887 2455 Pharmacusam
925 2414 1104 2453 insulam

218 2479 437 2530 capum-a
456 2479 622 2532 piratiS,
651 2477 805 2531 quibus
837 2477 890 2516 ab
920 2488 971 2515 eo
1005 2489 1105 2529 qua—

217 2541 421 2593 draginta
465 2543 631 2581 talenta
679 2552 757 2592 pro
805 2539 1104 2591 redemptione

217 2603 508 2657 poscentibus,
538 2603 729 2655 subrisit,
755 2608 800 2643 et
828 2603 1106 2655 quinquagin-

219 2676 267 2709 ta
285 2680 332 2708 se
352 2668 552 2708 daturum
574 2666 807 2720 pollicituS,
834 2665 1105 2717 postmodum

218 2731 305 2773 suis
335 2731 391 2772 ad
419 2732 530 2773 hanc
563 2730 879 2783 expediendam
910 2730 1104 2782 pecuniae

219 2795 504 2848 quantitatem
541 2794 757 2846 dimissus,
798 2793 913 2846 apud
935 2793 1105 2842 ¹Cilices

187 2857 306 2899 'duo
343 2857 399 2898 de
437 2858 721 2912 quadraginta
757 2863 954 2898 versatus
997 2856 1108 2908 dies,

218 2920 302 2960 illis
322 2933 400 2973 per
409 2921 557 2974 jocum
577 2934 693 2974 saepe
714 2933 885 2962 crucem
906 2921 1105 2973 minatus,

220 2985 351 3036 paulo
371 2990 484 3037 post,
512 2985 736 3026 instructis
756 2985 952 3036 navibus,
979 2998 1003 3025 e
1023 2986 1107 3025 Mi-

218 3047 417 3088 lesiorum
440 3054 568 3100 portu
589 3048 814 3100 praedones
845 3048 1108 3100 aggreditur,

220 3123 325 3164 quos
361 3117 510 3164 captos
545 3112 744 3152 crucibus
773 3123 919 3151 omnes
957 3111 1107 3154 affixit.

222 3175 374 3216 Oliver.
431 3175 625 3227 Contigit
644 3174 698 3216 A.
717 3176 772 3215 U.
789 3186 998 3217 ncnxvu.

275 3240 391 3280 Exv.
422 3241 489 3293 §1
521 3239 782 3291 Xenocrates]
818 3239 990 3280 Stoicus
1025 3239 1108 3281 fuit

221 3304 613 3356 praestantissimus,
639 3308 688 3344 ut
706 3303 892 3344 diximus
923 3303 967 3343 in
992 3303 1107 3356 capi-

143 3364 148 3368 '
221 3366 315 3404 tulo
349 3366 404 3405 de
440 3367 734 3420 Continentia,
777 3368 831 3408 de
869 3379 952 3421 quo
990 3367 1106 3420 apud

223 3425 501 3470 Plutarchum
517 3432 710 3483 legimus.
752 3431 858 3472 Cum
879 3443 975 3472 eum
994 3430 1105 3472 forte

224 3489 335 3530 vidit
353 3490 579 3543 Agesilaus
600 3495 890 3546 disputantem
911 3495 951 3535 in
970 3495 1104 3547 Gym-

224 3551 345 3593 nasio
363 3554 590 3598 admodum
607 3569 768 3609 senem,
794 3558 954 3600 dicitur
974 3559 1103 3599 inter-

1900 306 2043 359 1245

1159 446 1360 486 rogasse:
1392 435 1600 478 Quisnam
1621 436 1767 474 esset?
1822 435 1941 476 Tunc
1961 437 2050 488 qui-

1159 498 1258 537 dam
1279 499 1526 551 respondit:
1559 500 1637 540 Est
1659 510 1764 538 uuus
1785 510 1840 538 ex
1865 497 1947 549 his,
1975 501 2048 551 qui

1160 561 1366 600 virtutem
1386 567 1598 615 quoerunt.
1653 562 1767 601 Tum
1801 560 1901 600 ille:
1933 561 2049 602 Quo-

1160 623 1284 663 modo
1305 624 1339 663 is
1372 625 1550 676 virtute,
1577 625 1732 678 inquit,
1760 630 1924 676 utetur,
1955 637 2049 665 eam

1161 687 1196 727 si
1218 687 1408 728 nondum
1428 689 1672 729 invenerit?
1705 689 1855 728 Oliver.

1217 751 1477 805 Omissisque]
1505 753 1600 794 Lib.
1618 755 1736 793 Dan.
1755 753 1972 803 omissaque
1992 764 2050 804 re,

1161 826 1275 865 quam
1293 815 1519 855 disserebat.
1576 815 1865 859 Disconvenit
1891 816 1960 855 hic
1989 816 2051 854 in-

1162 884 1231 918 ter
1242 878 1466 918 Valerium
1482 884 1528 919 et
1548 880 1783 920 Laertium.
1830 879 1920 920 Hic
1938 879 2052 919 enim

1162 941 1217 981 de
1250 942 1500 982 Xenocrate
1530 942 1655 993 dixit,
1683 954 1780 982 eum
1812 954 2051 983 sermonem

1161 1003 1247 1057 περὶ
1267 1004 1518 1057 σωφροσύνης
1537 1005 1801 1046 disseruisse.
1833 1006 1960 1044 Coler.

1219 1069 1431 1120 Coronam]
1461 1070 1602 1111 Quam
1633 1069 1812 1108 multum
1844 1068 2052 1119 potaturi,

1162 1139 1211 1175 ut
1231 1136 1452 1176 Bacchum
1471 1136 1712 1187 imitentur,
1740 1147 1958 1174 assumere
1988 1147 2054 1175 so·

1163 1199 1326 1240 lebant.
1356 1201 1464 1240 Bud.

1218 1265 1436 1305 Brachium
1455 1265 1564 1305 intra
1591 1261 1777 1316 pallium]
1810 1262 1908 1302 Hoc
1937 1262 2053 1312 apud

1167 1328 1453 1368 Athenienses
1470 1328 1552 1369 fuit
1570 1328 1746 1380 pudoris
1765 1331 1811 1367 et
1830 1326 2053 1367 modestiae

1167 1393 1349 1442 signum.
1396 1392 1544 1432 Ritum
1564 1392 1758 1432 declarat
1776 1390 2056 1431 Casaubonus

1166 1456 1293 1496 Notis
1315 1455 1367 1495 ad
1390 1456 1621 1497 Laertium.
1655 1457 1831 1497 Colerus.

1220 1521 1241 1572 ᾧ
1258 1524 1283 1560 2
1305 1521 1588 1573 Themistoclis]
1610 1522 1746 1562 Pater
1760 1520 1849 1572 ejus
1866 1520 2053 1561 Neocles

1167 1596 1402 1635 generosus
1441 1583 1554 1626 fuit:
1585 1585 1619 1625 is
1657 1597 1836 1625 uxorem
1859 1584 2058 1624 Halicar-

1168 1659 1359 1687 nasseam
1383 1648 1510 1689 duxit
1528 1649 1683 1695 civem,
1714 1661 1769 1688 ex
1807 1661 1892 1701 qua
1928 1654 2056 1689 natus

1165 1709 1505 1763 Themistocles3
1533 1712 1606 1765 qui
1643 1724 1742 1753 cum
1769 1712 1908 1752 minus
1942 1719 2058 1753 esset

1166 1774 1373 1826 probatus
1412 1776 1683 1828 parentibus,
1718 1776 1830 1829 quod
1869 1781 1915 1816 et
1953 1775 2057 1816 libe-

1166 1840 1254 1880 rius
1276 1840 1468 1893 vivebat,
1496 1842 1646 1893 etjam
1678 1853 1770 1881 rem
1800 1839 2059 1881 familiarem

1166 1905 1433 1957 negligebat,
1463 1917 1488 1944 a
1507 1911 1632 1958 patre
1651 1904 1952 1946 exhaeredatus
1981 1910 2059 1946 est.

1169 1969 1313 2011 Quare
1341 1975 1497 2021 mater,
1529 1969 1698 2022 percita
1736 1968 1866 2008 nimio
1896 1968 2059 2019 dolore,

1166 2034 1321 2086 laqueo
1341 2034 1472 2073 vitam
1491 2032 1644 2074 finivit.
1702 2032 1809 2074 Quae
1838 2037 2060 2073 contume-

1167 2095 1225 2135 lia
1242 2108 1325 2135 uon
1343 2094 1477 2147 fregit
1493 2107 1607 2146 eum,
1639 2095 1713 2136 sed
1731 2095 1886 2135 erexit.
1943 2097 2057 2136 Nam

1168 2171 1264 2199 cum
1278 2159 1522 2212 judicasset
1538 2159 1630 2199 sine
1653 2171 1816 2199 summa
1845 2158 2061 2199 industria

1169 2235 1251 2262 non
1290 2236 1416 2276 posse
1455 2235 1550 2262 eam
1588 2222 1808 2263 infamiam
1850 2224 2060 2275 extingui,

1170 2292 1308 2327 totum
1342 2301 1388 2327 se
1424 2287 1544 2327 dedit
1580 2286 1768 2338 reipubl.
1805 2286 2057 2337 diligentius

1169 2352 1317 2392 amicis
1351 2350 1566 2403 famaeque
1606 2350 1813 2390 serviens.
1869 2349 2058 2389 Multum

1170 2414 1211 2453 in
1229 2414 1404 2466 judiciis
1433 2413 1616 2466 privatis
1645 2411 1911 2459 versabatur,
1941 2423 2059 2463 saepe

1168 2478 1212 2517 in
1232 2478 1484 2518 concionem
1519 2477 1667 2529 populi
1697 2476 1913 2528 prodibat,
1943 2476 2059 2515 nulla

1169 2553 1239 2580 res
1258 2539 1394 2592 major
1414 2540 1505 2580 sine
1525 2540 1598 2580 illo
1626 2539 1875 2592 gerebatur,
1903 2539 2059 2579 celeri-

1170 2609 1238 2644 ter
1272 2618 1367 2658 quae
1399 2617 1506 2656 opus
1531 2610 1658 2644 erant
1688 2602 1954 2655 reperiebat,
1981 2615 2056 2643 ne-

1170 2681 1252 2722 que
1289 2669 1427 2708 minus
1463 2669 1506 2708 in
1539 2667 1666 2708 rebus
1697 2666 1899 2719 gerendis
1929 2678 2056 2719 quam

1169 2732 1468 2784 excogitandis
1486 2736 1708 2784 promptus
1727 2734 1839 2782 erat,
1870 2730 1983 2783 quod
2012 2735 2059 2770 et

1169 2796 1224 2837 de
1242 2795 1518 2847 instantibus,
1548 2800 1597 2835 ut
1630 2795 1692 2835 ait
1712 2793 1954 2846 Thucydid.
1988 2806 2057 2834 ve-

1169 2859 1334 2899 rissime
1346 2859 1591 2912 judicabat,
1619 2863 1665 2898 et
1684 2856 1739 2898 de
1759 2855 1916 2898 futuris
1945 2857 2057 2897 calli-

1170 2922 1344 2963 dissime
1364 2921 1651 2976 conjiciebat3
1679 2933 1764 2974 quo
1784 2920 1946 2961 factum
1974 2925 2056 2971 est,

1170 2991 1219 3026 ut
1237 2985 1356 3026 brevi
1375 2991 1570 3038 tempore
1589 2985 1893 3025 illustraretur.
1941 2984 2055 3024 Nam

1171 3061 1251 3101 pro
1271 3050 1412 3101 patria
1432 3062 1498 3090 res
1513 3048 1720 3089 maximas
1735 3052 1781 3088 et
1796 3047 2054 3088 clarissimas

1170 3114 1316 3165 gessit,
1343 3120 1390 3155 et
1422 3114 1617 3167 inprimis
1636 3113 1840 3153 adversus
1862 3111 2054 3150 Xerxem

1171 3177 1403 3217 Persarum
1423 3190 1599 3230 regem;
1621 3177 1694 3229 qui
1715 3188 1811 3216 cum
1833 3180 1946 3213 terra
1966 3186 2051 3212 ma-

1171 3241 1293 3293 rique
1326 3242 1534 3282 universae
1572 3240 1755 3281 Graeciae
1792 3239 1952 3278 bellum
1990 3237 2054 3275 in-

1169 3303 1308 3345 ferret
1327 3317 1422 3354 cum
1442 3305 1576 3345 tantis
1596 3303 1749 3355 copiis,
1780 3305 1959 3354 quantas
1980 3311 2052 3338 ne-

1171 3381 1254 3422 que
1275 3374 1403 3410 antea
1422 3381 1560 3422 neque
1583 3372 1735 3419 postea
1763 3364 1911 3404 habuit
1942 3362 2053 3414 quis·

1172 3444 1314 3484 quam,
1345 3444 1429 3472 non
1446 3433 1578 3472 solum
1602 3430 1712 3469 salus
1732 3427 1884 3480 patriae
1914 3431 1959 3464 et
1989 3429 2052 3464 to-

1171 3497 1257 3536 tius
1277 3496 1481 3545 Graeciae,
1510 3492 1584 3533 sed
1605 3492 1731 3532 etiam
1763 3490 1896 3529 totius
1916 3489 2049 3527 Euro-

1171 3571 1238 3612 pae
1261 3559 1353 3599 fuit.
1401 3556 1672 3598 Mardonium
1694 3564 1877 3607 quoque,
1893 3552 2048 3592 Xerxis
