2288 3990
530 307 791 349 vALnRu
837 301 1363 344 MAXJMIIAss.uL
1404 285 1615 339 cAP.2.

174 440 279 485 tum,
306 432 497 484 ideoque
532 430 704 470 virtutis
734 438 839 479 ergo
858 426 1053 466 Scaevam

173 497 441 549 primipilatu
460 493 714 545 milibusque
734 491 832 530 aeriS
859 488 1055 528 ducentis

173 562 375 602 donatum
413 558 563 599 refert.
620 556 754 610 Atqui
775 554 971 595 Valerius
992 552 1055 604 ip-

172 638 262 665 sum
282 624 508 673 corruisse,
529 633 773 675 corpusque
793 620 883 672 ejus
912 619 1056 658 vulne-

173 688 287 728 ribus
319 688 466 727 multis
493 686 685 726 saucium
705 682 959 736 apparuisse
980 681 1056 732 ait,

171 756 221 791 ut
241 751 416 802 vulgata
434 754 586 790 sonant
605 746 897 799 exemplaria3
918 744 994 784 sed
1014 743 1057 783 in

173 813 281 854 Mss.
297 813 492 854 omnibus
511 813 645 853 dictio
660 822 799 863 corpus
830 808 1061 858 omittitur,

173 890 268 930 quae
281 875 479 930 profecto
491 876 662 916 videtur
678 887 702 916 e
718 874 886 914 Glossis
902 871 1058 911 insuta.

174 942 286 982 Nam
325 942 367 981 in
409 941 605 990 Susiano,
648 937 977 984 Pulmanniano,
1008 946 1060 973 ac

173 1003 472 1044 Wincheliano
487 1002 667 1053 legimus
681 1002 742 1039 ita
758 1012 768 1038 :
791 998 911 1048 Cujus
921 996 1063 1048 capite,

173 1066 346 1118 humero,
362 1065 515 1114 femore
528 1064 672 1115 saucio,
689 1064 795 1102 oculo
821 1067 946 1113 eruto,
974 1072 1061 1099 scu-

174 1132 274 1179 tum,
291 1131 360 1180 &a
403 1129 526 1167 -Item
550 1128 591 1167 in
613 1127 707 1167 aliis
724 1126 947 1175 similiter;
980 1123 1063 1164 nisi

172 1191 286 1243 quod
301 1191 478 1230 saucium
496 1191 539 1230 in
559 1191 624 1230 his
639 1190 838 1240 habetur,
868 1194 999 1241 atque
1018 1189 1063 1228 in

173 1254 422 1295 Cauchiano
434 1267 594 1304 cresum,
609 1265 685 1305 pro
694 1257 777 1292 scut
785 1265 847 1292 um
858 1265 874 1299 ,·
885 1251 926 1291 in
937 1250 1066 1291 Atre·

174 1317 364 1369 batensi,
394 1322 575 1363 sectum‚-
604 1317 646 1356 in
681 1316 912 1368 Campensi
946 1327 1064 1367 vero,

173 1385 361 1421 secutum.
417 1381 484 1420 Ex
521 1393 607 1433 qua
643 1380 813 1433 quidem
849 1379 1064 1420 varietate

176 1444 350 1497 colligo,
370 1443 454 1484 duo
476 1443 684 1484 vocabula
712 1443 812 1482 istie
840 1454 1065 1494 perperam

176 1508 221 1548 in
252 1520 389 1548 -unum
419 1514 644 1548 contracta
683 1506 865 1547 librariis
899 1507 1066 1560 reliqua

177 1572 308 1612 etiam
341 1572 537 1611 mutandi
576 1572 846 1611 occasionem
875 1571 1065 1623 dedisse,

176 1646 429 1687 omnemque
441 1639 606 1674 textum
619 1633 936 1685 corrumpendi.
951 1634 1064 1675 Nam

176 1700 249 1754 qui
280 1714 436 1751 coesum,
463 1700 532 1739 vel
562 1704 726 1749 sectum,
757 1699 802 1738 in
834 1698 1066 1740 Codicibus

177 1769 448 1816 repererunt,
474 1764 647 1802 saucium
665 1768 793 1802 antea
814 1773 985 1814 quoque
1006 1763 1066 1802 le-

178 1827 364 1880 gendum
394 1839 504 1877 esse,
537 1834 668 1879 atque
700 1838 839 1877 corpus
858 1825 1067 1865 subintel-

177 1892 268 1943 ligi,
316 1892 393 1931 -vel
451 1889 689 1931 desiderari
748 1889 1066 1931 existimarunt.

179 1957 318 1997 Nobis
344 1965 488 1998 autem
508 1970 588 2009 pro
621 1969 778 2007 caesum,
808 1960 970 2007 sectum,
1001 1957 1068 1995 vel

177 2026 365 2072 secutum,
383 2022 467 2072 legi
484 2021 644 2061 debere
665 2020 850 2071 videtur,
878 2020 971 2060 caeci
983 2031 1068 2058 scu-

177 2088 277 2134 tum,
308 2089 532 2137 totamque
568 2083 828 2123 sententiam
853 2084 914 2123 ita
945 2082 1068 2122 resti-

179 2147 384 2188 tuendam
416 2152 524 2197 esse,
553 2148 674 2187 salvo
711 2153 854 2187 tamen
889 2146 1068 2187 aliorum

179 2212 358 2252 meliore
371 2211 555 2263 judicio,
583 2211 840 2263 opinamur:
873 2210 994 2260 Cujus
1006 2222 1069 2249 ca-

174 2276 275 2326 pite,
286 2276 458 2326 humero,
467 2276 619 2324 femore
631 2274 770 2324 saucii,
784 2278 823 2314 et
838 2275 944 2313 oculo
959 2277 1069 2314 eruto

180 2340 289 2390 caeci,
318 2344 470 2379 scutum
493 2342 647 2377 centum
679 2342 718 2377 et
749 2337 898 2388 viginti
926 2337 1070 2377 ictibus

176 2402 396 2454 perfossum
425 2403 627 2455 apparuit.
682 2403 854 2443 Etenim
886 2403 979 2442 haec
999 2402 1070 2442 iis-

184 2464 279 2504 dem
315 2477 427 2516 pene
464 2465 625 2516 verbis,
658 2470 733 2505 aut
766 2470 888 2504 certe
920 2464 1069 2504 eadem

183 2528 356 2569 omnino
389 2528 609 2568 sententia
646 2527 874 2568 Suetonius
917 2526 1070 2578 refert,

181 2591 256 2643 qui
277 2591 360 2630 duo
374 2590 467 2631 baec
481 2589 748 2631 fortitudinis
765 2602 860 2630 rara
872 2591 1071 2643 exempla

183 2654 239 2695 de
259 2655 414 2695 Scaeva
432 2658 477 2694 et
495 2654 636 2694 Atilio
657 2653 827 2694 videtur
846 2666 901 2694 ex
920 2658 1069 2693 nostro

183 2718 443 2759 desumsisse
479 2717 688 2757 Valerio:
728 2717 856 2757 ‘Nec
889 2715 1073 2767 mirum,'

182 2781 338 2834 inquit,
361 2781 374 2802 ‘
391 2781 425 2822 si
446 2781 541 2834 quis
562 2781 827 2832 singulorum
857 2778 974 2821 facta
1007 2793 1072 2820 re·

183 2845 354 2897 spiciat,
373 2846 442 2884 vel
461 2845 590 2885 Caesii
610 2845 772 2884 Scaevae
794 2844 1074 2896 centurionis,

183 2909 254 2948 vel
283 2909 333 2948 C.
358 2907 484 2947 Atilii
515 2908 681 2959 militm,
707 2919 762 2947 ne
791 2907 845 2947 de
881 2908 1073 2959 pluribus

183 2969 384 3010 referam.
414 2971 566 3010 Scaeva
582 2982 766 3011 excusso
784 2971 923 3022 oculo,
935 2977 1073 3011 trans-

183 3034 271 3076 fixo
307 3034 473 3075 femore
505 3038 550 3073 et
586 3034 781 3084 humero,
816 3041 988 3074 centum
1028 3039 1075 3074 et

184 3098 339 3150 viginti
374 3097 533 3138 ictibus
564 3103 688 3136 scuto
717 3096 956 3149 perforato,
978 3109 1073 3138 cus-

186 3160 346 3203 todiam
360 3159 572 3201 commissi
587 3161 755 3202 castelli
769 3161 960 3201 retinuit.
980 3160 1072 3201 Ati-

186 3225 266 3264 lius
284 3223 428 3264 navali
447 3222 502 3263 ad
516 3223 754 3263 Massiliam
771 3224 923 3275 praelio
940 3224 1072 3275 injec-

188 3293 236 3328 ta
267 3287 311 3327 in
345 3298 533 3339 puppem
554 3286 739 3326 hostium
759 3286 915 3326 dextra
936 3293 981 3326 et
1001 3287 1074 3329 ab·

189 3350 336 3400 scissa,
352 3349 625 3390 memorabile
640 3350 743 3390 illud
761 3351 876 3402 apud
893 3350 1072 3391 Graecos

192 3413 406 3464 Cynaegiri
426 3413 673 3464 exemplum
694 3412 898 3462 imitatus,
918 3413 1072 3453 transi-

191 3476 272 3515 luit
290 3477 331 3514 in
351 3489 519 3528 navem,
539 3477 722 3516 umbone
743 3477 890 3517 obvios
911 3476 1073 3530 agens?

193 3538 305 3581 Haec
319 3538 562 3581 Suetonius.
583 3540 772 3591 Pighius.
804 3542 968 3583 Femore
983 3554 1073 3583 sau-

1860 283 2002 337 1081

1119 424 1192 475 cii]
1220 424 1402 475 Pighius
1422 418 1590 462 sanavit
1622 418 1780 467 locum,
1813 414 1888 454 sed
1918 426 2003 454 non

1120 487 1383 538 pei-sanavit.
1437 484 1544 526 Mihi
1576 481 1746 523 omnino
1767 478 1903 531 proba
1920 478 2008 516 lec-

1121 552 1201 599 tio,
1219 562 1315 602 qnae
1334 550 1445 589 liber
1465 546 1663 588 Danielis
1680 559 1691 587 2
1724 543 1847 592 enjus
1863 542 2009 593 capite,

1120 614 1293 666 humero,
1310 616 1465 664 femore
1495 614 1640 664 saucio,
1668 610 1774 651 oculo
1793 613 1904 649 eruto
1922 620 2010 647 scu-

1120 684 1219 719 tum.
1278 680 1376 718 Non
1414 679 1562 718 debuit
1599 676 1778 727 Pighius
1823 672 1871 713 τὸ
1916 671 2011 713 caeci

1122 742 1298 782 Valerio
1318 754 1540 794 oggerere.
1573 742 1702 781 Coler.

1175 806 1364 857 Jactura]
1407 805 1459 846 Id
1494 810 1578 857 est,
1625 803 1851 844 amissione
1898 800 2012 842 oculi

1125 868 1278 910 victus.
1751 894 1754 896 -

1178 934 1302 973 Tuum
1337 945 1442 984 vero,
1471 932 1561 984 Esca]
1591 932 1697 971 Cum
1736 930 1887 970 Caesar
1924 939 2010 968 non

1125 998 1229 1039 satis
1265 998 1461 1048 haberet,
1491 995 1808 1049 praescripsisse
1846 1005 2013 1033 omnem

1124 1062 1436 1103 occidentalem
1458 1067 1641 1113 partem,
1660 1060 1703 1098 in
1726 1058 2014 1107 Britanniam,

1125 1139 1218 1179 quae
1233 1126 1343 1165 alter
1363 1125 1480 1166 orbis
1500 1124 1687 1164 traditur
1708 1135 1732 1162 a
1746 1121 1913 1169 Poe'tis,
1929 1126 2014 1160 tra-

1118 1190 1256 1243 jicere
1283 1189 1440 1228 voluit:
1473 1191 1519 1227 et
1548 1199 1642 1227 cum
1676 1184 1792 1224 forte
1813 1188 2018 1236 expecta-

1129 1259 1211 1304 ret,
1240 1258 1288 1293 ut
1321 1257 1452 1292 aestus
1484 1252 1755 1299 decurreret,
1784 1253 1829 1287 et
1859 1246 2016 1286 vadum

1127 1318 1462 1369 relinqueretur,
1482 1319 1531 1355 ut
1547 1315 1610 1354 sui
1625 1313 1805 1353 transire
1824 1315 2020 1363 possent,

1130 1381 1274 1419 Scaeva
1291 1392 1388 1419 cum
1409 1385 1592 1432 quatuor
1614 1377 1819 1418 militibus
1846 1377 1887 1415 in
1923 1387 2017 1415 sco-

1130 1444 1278 1495 pulum
1317 1455 1426 1483 nave
1465 1442 1649 1494 trajecit.
1706 1440 1906 1481 Britanni
1944 1452 2017 1480 eos

1130 1506 1458 1559 aggrediuntur,
1488 1507 1602 1546 solus
1635 1505 1703 1544 hic
1729 1505 1883 1545 Scaeva
1902 1503 2020 1554 telis,

1130 1583 1225 1623 quae
1260 1570 1361 1610 satis
1390 1576 1535 1609 essent
1568 1568 1758 1621 quinque
1793 1565 2019 1616 militibus,

1130 1639 1226 1674 tota
1256 1633 1328 1673 die
1360 1632 1794 1686 pugnam-sustinuit.
1850 1629 2021 1670 Laudat

1129 1709 1234 1748 ergo
1252 1697 1465 1749 Scaevam,
1493 1696 1607 1749 quod
1639 1695 1814 1735 fortiter
1838 1695 1882 1734 iu
1918 1694 2020 1733 navi

1128 1758 1300 1808 fecerit,
1328 1765 1374 1800 et
1401 1760 1570 1799 veniam
1592 1759 1769 1811 petierit
1788 1771 1812 1798 a
1833 1759 2022 1808 Caesare,

1129 1825 1244 1878 quod
1282 1837 1367 1864 non
1401 1823 1578 1864 fortiter
1616 1828 1866 1875 pugnasset,
1905 1821 2020 1861 sicut

1130 1887 1245 1929 forte
1261 1889 1467 1929 voluisset
1482 1888 1747 1940 Imperator,
1764 1899 1860 1927 cnm
1875 1892 2022 1927 tamen

1130 1965 1262 2004 supra
1280 1953 1486 1993 humanas
1504 1954 1618 1992 vires
1638 1950 1910 2003 pugnaverit.
1933 1949 2022 1989 012·-

1129 2031 1210 2059 ver.
1272 2020 1395 2058 Tuum
1413 2031 1518 2069 vero,
1536 2017 1624 2069 mn]
1644 2016 1840 2057 Adducit
1857 2015 1926 2055 hic
1949 2027 2022 2055 au-

1131 2087 1199 2122 tor
1217 2088 1292 2122 aut
1316 2083 1510 2133 tertium,
1538 2081 1654 2134 quod
1687 2082 1830 2133 potius
1865 2080 2023 2130 dicam,

1131 2146 1314 2186 militem
1360 2146 1668 2196 Caesarianum,
1715 2150 1790 2185 aut
1837 2143 2024 2184 eundem

1129 2209 1342 2261 Scaevam,
1372 2210 1445 2262 qui
1486 2209 1734 2262 priusquam
1773 2207 1826 2247 ad
1865 2208 2025 2260 Dyrra·

1131 2273 1272 2312 chium
1311 2272 1505 2322 caderet,
1543 2273 1766 2323 egregium
1803 2271 1940 2311 edidit
1979 2271 2024 2310 in

1132 2336 1363 2376 Britannia
1418 2335 1602 2375 facinus.
1654 2336 1824 2374 Badius.
1900 2334 2027 2374 Tuum

1130 2409 1222 2438 vero
1265 2398 1406 2438 Scaeva
1445 2397 1781 2449 inexuperabilem
1817 2395 2022 2448 spiritum]

1131 2462 1291 2514 Vulgo,
1306 2462 1495 2507 Scaevola.
1524 2461 1733 2502 Mendose
1749 2473 1912 2512 rursus,
1927 2472 2025 2500 nam

1131 2526 1178 2567 in
1239 2527 1348 2567 Mss.
1404 2526 1600 2566 omnibus
1646 2525 1785 2567 Scaeva
1829 2530 2029 2576 vocatur,

1133 2590 1393 2644 videturque
1437 2591 1493 2631 de
1531 2589 1686 2630 eodem
1728 2590 1868 2630 adhuc
1906 2590 2026 2642 loqui

1133 2655 1352 2706 Valerius,
1393 2667 1522 2707 quem
1554 2655 1754 2698 Lucanus
1794 2653 1947 2694 scribit
1980 2653 2025 2692 in

1135 2719 1291 2760 Galliis
1307 2719 1384 2759 sub
1394 2719 1566 2759 Caesare
1582 2729 1637 2758 ex
1652 2718 1854 2770 gregaria
1873 2717 2027 2757 militia

1135 2782 1190 2822 ad
1204 2783 1548 2823 centurionatum
1561 2782 1696 2822 multo
1708 2781 1915 2833 sauguine
1932 2793 2027 2834 pro⁴

1135 2851 1299 2885 motum
1329 2844 1488 2885 fuisse:
1519 2845 1701 2885 ‘Scaeva
1733 2845 1826 2885 viro
1855 2858 2029 2895 nomen,

1135 2915 1372 2950 castrorum
1393 2909 1434 2948 in
1457 2909 1585 2961 plebe
1604 2909 1797 2949 merebat
1813 2908 1929 2949 Ante
1962 2907 2027 2949 fe-

1138 2987 1203 3015 ras
1250 2975 1447 3015 Rhodani
1482 2969 1669 3026 gentes,
1714 2974 1775 3014 ibi
1820 2973 2027 3025 sanguine

1136 3039 1270 3078 multo
1291 3039 1523 3078 Promotus
1553 3037 1724 3077 Latiam
1753 3038 1882 3088 longo
1913 3036 2028 3088 gerit

1136 3102 1285 3141 ordine
1304 3100 1470 3141 vitem.'
1525 3102 1584 3140 Et
1603 3101 1864 3141 Plutarchus
1885 3100 2026 3151 ipsum

1136 3164 1319 3205 militem
1341 3164 1524 3205 Caesaris
1548 3164 1593 3204 in
1623 3163 1853 3204 Britannia
1879 3166 2026 3202 centu-

1136 3229 1277 3269 riones
1291 3229 1345 3269 ab
1358 3229 1550 3271 hostibus
1563 3229 1607 3268 in
1624 3227 1779 3279 palude
1793 3237 2025 3278 oppressos

1137 3303 1328 3332 servasse
1354 3291 1518 3343 refert;
1546 3292 1615 3331 Ἐν
1639 3290 1681 3330 δὲ
1704 3287 1918 3342 Βρεττανίᾳ
1944 3290 2023 3329 τῶν

1135 3354 1332 3405 πολεμίων
1349 3353 1401 3395 εἷς
1418 3353 1538 3395 τόπον
1557 3354 1681 3401 ἑλώδη
1696 3352 1761 3392 καὶ
1773 3352 1921 3402 μεστὸν
1935 3351 2025 3393 aaa·

1135 3421 1200 3458 τος
1214 3418 1426 3467 ἐμπεσοῦσι
1436 3420 1517 3458 τοῖς
1531 3416 1692 3468 πρώτοις
1703 3414 1931 3467 ταξιάρχαις
1943 3416 2024 3455 ἐπι-

1137 3480 1315 3532 θεμένων,
1334 3479 1574 3533 στρατιώτης
1589 3478 1798 3530 Καίσαρος,
1814 3478 1932 3518 αὐτοῦ
1950 3479 2026 3527 τὴν

1135 3542 1270 3596 μάχην
1302 3545 1528 3597 ἐφορῶντος,
1561 3542 1757 3592 ὠσάμενος
1791 3540 1843 3583 εἷς
1861 3540 2021 3597 μέσους,
