2288 3990
358 292 466 346 982

412 426 612 476 Templum
630 425 731 477 ejus]
761 424 939 465 Ovidius
970 426 1134 466 Fastor.
1173 436 1238 466 vr.

358 489 370 511 ⁶
387 488 502 529 Arce
522 501 691 541 quoque
708 500 870 527 summa
897 488 1058 530 Junoni
1076 489 1237 540 templa

355 552 567 602 Monetae,
599 552 665 591 Ex
699 557 798 591 voto
834 557 1072 591 memorant
1104 549 1238 602 facta,

356 614 549 665 Camille,
566 620 654 654 tuo.
709 613 824 654 Ante
839 612 986 653 domus
999 614 1134 653 Manli
1147 612 1237 653 fue·

356 684 442 728 rat,
463 679 534 730 qui
563 677 731 719 Gallica
761 677 972 730 quondam
995 676 1032 717 A
1059 678 1235 730 Capito-

353 741 441 781 lino
457 741 645 793 reppulit
660 752 777 780 arma
790 741 915 783 Jove.
957 741 1094 783 Quam
1112 741 1239 791 bene,

355 804 419 844 Di
449 805 607 856 magni,
639 816 779 856 pugna
811 803 1042 844 cecidisset
1078 803 1119 842 in
1150 803 1237 853 illa,

355 866 575 908 Defensor
617 868 728 918 solii,
777 867 956 919 Jupiter
999 867 1101 916 alte,
1145 866 1236 906 tui?

352 930 495 981 Vixit,
509 936 558 971 ut
577 930 795 971 occideret
814 931 1038 970 damnatus
1057 929 1234 970 crimine

350 994 492 1046 regni,
509 986 638 1035 Hunc
654 995 714 1034 illi
734 995 905 1035 titulum
922 995 1044 1046 longa
1063 998 1235 1033 senecta

352 1056 516 1097 dabat)
568 1057 826 1098 Plutarchus
859 1063 1004 1098 tamen
1040 1069 1125 1096 non
1162 1069 1233 1097 vo·

353 1124 464 1162 visse
485 1122 707 1163 Camillum
728 1122 864 1162 aedem
883 1122 1063 1164 Junonis
1083 1122 1234 1161 Mene-

353 1189 410 1226 tae
433 1185 598 1236 scribit,
625 1185 699 1226 sed
731 1191 898 1226 tantum
919 1185 1071 1225 Manlii
1099 1184 1233 1224 aedem

353 1250 556 1299 dirutam,
577 1254 706 1302 atque
727 1250 770 1289 in
789 1248 979 1301 ejusdem
1009 1259 1107 1288 area
1127 1254 1234 1289 tem·

353 1313 469 1364 plum
491 1313 764 1353 collocatum.

406 1378 428 1429 §
457 1381 483 1418 4
513 1377 700 1417 Fortuna:
733 1375 853 1416 etiam
889 1374 1115 1424 Muliebris,
1148 1373 1237 1426 sa]

354 1441 462 1481 Cum
500 1440 751 1481 Coriolanus
789 1439 833 1478 in
871 1438 1044 1478 exilium
1081 1436 1234 1477 missus

353 1510 485 1555 esset,
503 1503 618 1556 quod
650 1502 912 1543 frumentum
935 1500 1131 1542 distribui
1160 1514 1236 1554 po-

350 1568 454 1619 pulo
474 1571 661 1616 vetaret,
680 1565 735 1606 ad
762 1566 1002 1606 Hetruscos
1031 1563 1238 1618 profugit,

353 1637 399 1676 et
427 1630 481 1672 ab
508 1630 574 1670 his
604 1631 848 1683 Imperator
875 1630 1055 1681 electus,
1086 1630 1236 1671 urbem

350 1695 516 1748 magnis
549 1694 686 1747 copiis
712 1694 884 1746 invasit,
912 1700 958 1735 et
991 1706 1083 1734 eam
1113 1695 1233 1747 gravi

351 1758 571 1799 obsidione
603 1758 839 1810 premebat.
892 1757 1017 1798 Missi
1047 1764 1146 1799 sunt
1180 1757 1233 1798 ad

350 1834 447 1863 cum
462 1822 599 1874 primo
618 1821 766 1874 legati,
781 1821 852 1875 qui
869 1826 1046 1873 agerent
1059 1822 1115 1863 de
1127 1835 1233 1874 pace

351 1898 448 1926 cum
469 1886 621 1938 eo,qui
642 1885 747 1925 nihil
767 1885 962 1926 obtinere
979 1892 1234 1938 potuerunt,

349 1948 504 1989 iterum
535 1948 664 1988 iidem
701 1948 815 1988 missi
847 1961 930 1988 non
964 1949 1234 2001 recipiuntur

349 2011 395 2056 in
429 2017 595 2062 castra3
634 2011 751 2051 missi
788 2010 946 2052 deinde
986 2012 1234 2053 sacerdotes

349 2085 447 2114 cum
466 2072 614 2114 infulis
642 2086 764 2126 aeque
787 2074 875 2114 sine
904 2073 1065 2115 effectu
1093 2075 1231 2116 redie-

350 2142 479 2178 runt:
519 2137 722 2189 stupebat
753 2137 952 2189 Senatus,
984 2139 1234 2191 trepidabat

349 2201 548 2252 populus,
567 2202 645 2241 viri
677 2201 839 2254 pariter
857 2215 908 2243 ac
937 2204 1137 2244 mulieres
1155 2205 1231 2244 im-

347 2266 515 2305 minens
530 2265 709 2305 exitium
727 2266 1100 2310 lamentabantur:
1120 2280 1234 2309 nunc

347 2334 555 2369 matronae
575 2329 629 2368 ad
648 2329 873 2370 Veturiam
890 2335 1071 2370 matrem
1085 2331 1233 2371 Corio-

346 2394 451 2446 lani,
464 2394 822 2447 Volumniamque
842 2407 1017 2435 uxorem
1032 2395 1234 2449 frequen·

350 2462 418 2496 tes
449 2457 621 2499 coeunt.
674 2457 729 2497 Id
758 2457 977 2509 publicum
1008 2459 1235 2498 consilium-

350 2532 404 2560 an
424 2521 642 2560 muliebris
655 2521 780 2560 timor
798 2520 947 2572 suerit,
965 2534 1116 2574 parum
1134 2535 1234 2563 con-

351 2588 453 2623 stat.
508 2583 739 2623 Pervicere
786 2589 924 2634 certe,
972 2591 1019 2625 ut
1050 2586 1235 2625 Veturia

350 2658 505 2698 iiiagno
526 2653 630 2686 natu
646 2646 813 2697 mulier,
826 2652 871 2686 et
883 2648 1111 2688 Volumnia
1126 2649 1234 2689 duos

350 2720 503 2760 parvos
522 2721 575 2749 ex
598 2710 762 2750 Marcio
780 2708 924 2749 ferens
944 2710 1070 2763 filios,
1089 2724 1235 2753 secum

350 2774 395 2812 iu
426 2778 570 2813 castra
601 2773 784 2812 hostium
812 2774 938 2824 irent,
957 2779 1002 2814 et
1025 2787 1149 2828 quam
1170 2788 1235 2816 ar·

351 2838 432 2878 mis
461 2838 541 2877 viri
573 2837 807 2878 defendere
841 2838 986 2878 urbem
1020 2851 1103 2880 non
1138 2852 1234 2891 pos-

351 2901 685 2950 sent‚,mulieres
706 2900 902 2952 precibus
920 2902 1234 2957 lachrymisque

349 2963 667 3004 defenderent:
697 2963 771 3003 ubi
806 2964 861 3004 ad
894 2971 1040 3005 castra
1060 2973 1236 3007 ventum

351 3033 437 3078 est,
460 3028 790 3080 nunciatumque
825 3027 1053 3068 Coriolano
1083 3029 1236 3070 adesse

352 3091 503 3143 ingens
531 3091 756 3131 mulierum
789 3103 956 3143 agmen,
977 3098 1026 3132 ut
1053 3093 1124 3145 qui
1152 3105 1234 3134 nec

352 3154 527 3206 publica
557 3154 788 3206 majestate
816 3153 859 3194 iu
891 3155 1058 3207 legatis,
1083 3168 1164 3196 nec
1190 3157 1235 3197 in

352 3216 650 3258 sacerdotibus
680 3223 804 3258 tanta
831 3215 966 3258 effusa
993 3218 1126 3258 oculis
1146 3219 1235 3259 ani-

351 3292 505 3333 moque
526 3280 730 3332 religione
746 3286 885 3321 motus
910 3286 991 3331 est,
1006 3282 1141 3322 multo
1160 3282 1234 3322 ob-

351 3344 551 3384 stinatior
583 3344 787 3385 adversus
817 3344 1052 3397 lachrymas
1085 3346 1237 3386 mulie-

353 3408 452 3448 bres
489 3414 614 3449 erat:
646 3407 802 3449 deinde
837 3407 1108 3451 familiarium
1145 3409 1235 3463 qui-

355 3472 469 3524 dam,
482 3473 554 3526 qui
569 3473 777 3525 insignem
797 3474 1000 3514 moestitia
1019 3474 1134 3514 inter
1152 3486 1235 3515 cae-

356 3541 470 3576 teras
490 3542 750 3588 cognoverat
769 3537 1010 3590 Veturiam,
1029 3538 1142 3579 inter
1159 3549 1234 3578 nu-

930 306 1108 345 NOTAE
1147 305 1479 345 VARIORUM
1525 307 1589 346 ΙΝ

1301 436 1392 464 rum
1439 429 1699 476 nepotesque
1737 428 1937 477 stantem,
1983 425 2079 466 Nisi
2106 438 2177 469 mc

1299 487 1574 538 frustrantur,
1601 487 1755 540 inquit,
1785 489 1912 541 oculi,
1929 495 2067 530 mater
2096 491 2178 533 tibi

1300 551 1542 603 conjuxque
1577 550 1747 600 adsunt,
1767 556 1813 590 et
1837 551 1979 592 liberi.
2033 553 2180 595 Corio-

1298 616 1419 656 lanus
1439 626 1577 667 prope
1605 620 1654 654 ut
1672 626 1816 654 amens
1835 619 2132 658 consternatus
2153 627 2179 658 8

1297 677 1400 718 sede
1438 690 1530 729 sua,
1565 689 1662 718 curn
1699 677 1838 718 ferret
1873 678 1999 719 matri
2038 678 2176 723 obviae

1297 740 1583 792 complexum,
1600 740 1750 779 mulier
1768 740 1812 780 in
1830 741 1935 781 iram
1956 753 2011 781 ex
2041 742 2179 793 preci·

1298 804 1377 844 bus
1401 804 1690 854 versa‚Scire,
1717 803 1872 857 inquit,
1901 805 2012 856 volo,
2039 805 2177 858 prius·

1298 881 1421 921 quam
1460 869 1728 920 complexum
1768 868 1990 921 accipiam,
2023 880 2077 910 an
2121 870 2176 912 ad

1296 932 1465 972 hostem
1485 944 1538 972 ne
1556 944 1610 971 an
1631 931 1684 971 ad
1704 931 1837 972 filium
1856 932 2060 983 venerim,
2077 943 2178 984 cap*

1298 995 1387 1035 tiva
1406 1006 1458 1034 ne
1478 1006 1532 1034 an
1552 1000 1688 1034 mater
1717 995 1759 1034 in
1788 994 1937 1035 castris
1966 996 2053 1035 tuis
2071 995 2175 1036 sim?

1297 1059 1338 1099 in
1353 1059 1434 1099 hoc
1457 1071 1524 1099 me
1540 1059 1668 1111 longa
1683 1059 1770 1099 vita
1786 1065 1831 1100 et
1847 1059 1999 1100 infelix
2029 1072 2178 1102 senec·

1298 1127 1344 1162 ta
1366 1122 1516 1174 traxit,
1528 1128 1575 1161 ut
1594 1123 1731 1175 primo
1751 1123 1936 1172 exulem,
1955 1123 2114 1163 deinde
2133 1131 2179 1164 te

1296 1184 1465 1224 hostem
1502 1184 1720 1224 viderem?
1766 1185 1943 1237 potuisti
1982 1186 2179 1238 populari

1295 1248 1405 1288 hanc
1435 1253 1608 1299 terram,
1632 1261 1728 1301 quae
1755 1254 1799 1289 te
1826 1249 1992 1301 genuit,
2011 1261 2107 1302 quae
2134 1255 2180 1290 te

1297 1310 1428 1350 aluit?
1456 1310 1537 1350 uisi
1567 1318 1609 1350 te
1641 1312 1922 1363 peperissem,
1942 1313 2076 1353 Roma
2094 1324 2182 1353 non

1296 1380 1631 1426 oppugnaretur.
1667 1375 1811 1414 Multa
1827 1374 2182 1428 insuperaddidit

1297 1436 1613 1488 complorando.
1668 1437 1851 1489 Quibus,
1878 1443 1925 1478 et
1954 1439 2118 1486 uxoris,
2134 1444 2182 1480 et

1299 1503 1571 1554 parvulorum
1608 1501 1781 1543 fletibus
1816 1508 1972 1555 motus,
1999 1510 2181 1546 matrem

1299 1567 1567 1618 complexus,
1591 1567 2042 1621 Expugnasti,inqnit,
2069 1569 2178 1609 iram

1298 1641 1464 1679 meam3
1494 1629 1692 1682 patriam,
1714 1631 1917 1682 precibus
1945 1632 2070 1684 hujus
2090 1643 2179 1672 mo-

1298 1699 1384 1746 tus,
1404 1693 1528 1745 cujus
1553 1698 1678 1733 utero
1708 1693 1876 1734 delatus
1905 1707 2014 1746 sum,
2032 1706 2180 1748 quam·

1297 1757 1359 1796 vis
1389 1757 1543 1797 merito
1571 1756 1674 1797 mihi
1699 1757 1896 1810 invisam,
1911 1758 2052 1808 dono3
2081 1770 2180 1799 con-

1296 1821 1504 1873 tinuoque
1524 1832 1672 1871 agrum
1699 1821 1936 1861 Romanum
1954 1821 2182 1863 hostilibus

1296 1884 1423 1925 armis
1442 1883 1657 1926 liberavit.
1710 1884 1764 1924 In
1783 1885 1905 1937 cujus
1933 1885 1994 1925 rei
2020 1897 2179 1925 memo·

1295 1949 1403 1988 riam
1421 1948 1607 1988 Senatus
1621 1948 1790 1988 censuit
1802 1948 2009 2000 templum
2028 1948 2182 1988 Fortu·

1293 2023 1360 2052 nae
1393 2010 1593 2051 mulie-bri
1630 2010 1914 2052 dedicandum
1948 2011 1992 2051 in
2027 2012 2183 2052 Latin·

1295 2074 1365 2114 via
1383 2074 1436 2115 ad
1458 2079 1655 2128 quartum
1681 2074 1887 2127 lapidem,
1901 2073 1976 2115 ubi
1993 2087 2063 2115 res
2081 2081 2182 2116 acta

1294 2137 1464 2188 fucrat;
1490 2139 1690 2191 quoniam
1720 2136 2026 2178 fon-tunauores
2060 2138 2104 2179 in
2134 2138 2184 2179 li·

1295 2201 1486 2243 beranda
1543 2201 1686 2253 patria
1733 2199 1906 2241 fuerant
1963 2201 2182 2253 mulieres,

1296 2277 1422 2318 quam
1454 2263 1548 2304 viri.
1604 2264 1735 2315 Nam,
1764 2269 1811 2304 ut
1847 2263 1984 2317 inquit
2019 2264 2184 2316 Livius,

1294 2342 1381 2371 non
1397 2329 1640 2369 inviderunt
1653 2328 1805 2369 laudes
1819 2341 1918 2370 suas
1930 2329 2184 2370 mulieribus

1299 2394 1379 2434 viri
1396 2393 1595 2447 Romani,
1613 2393 1722 2434 adeo
1755 2393 1845 2433 sine
1863 2394 2181 2436 obtrectatione

1297 2457 1449 2497 alienae
1468 2456 1617 2508 gloriae
1638 2456 1876 2498 vivebatur.
1934 2458 2075 2511 Hujus
2102 2458 2181 2511 igi·

1297 2526 1369 2561 tur
1410 2521 1515 2560 Deae
1549 2519 1850 2560 simulachrum
1887 2520 1953 2561 bis
1987 2523 2180 2562 locutum

1297 2584 1431 2624 fuisse
1455 2583 1630 2624 tradunt
1649 2590 1871 2625 auctores:
1901 2587 1914 2608 ‘
1934 2585 2036 2627 Rite
2055 2587 2180 2626 vidis-¹

1297 2647 1367 2698 tis,
1387 2653 1476 2687 tum
1495 2658 1591 2687 cum
1611 2647 1732 2687 vobis
1753 2648 1942 2700 propitia
1961 2648 2041 2690 fui.
2080 2649 2182 2697 Rite

1296 2710 1545 2761 dedicastis,
1559 2711 1660 2762 quia
1674 2711 1973 2753 simulachrum
1986 2713 2182 2755 illudde·

1297 2772 1496 2814 dicarunt
1515 2773 1744 2815 mulieres!
1777 2775 2040 2818 Plutarchus
2059 2777 2183 2829 dicit,

1298 2837 1412 2890 quod
1438 2837 1643 2884 mulieres
1658 2838 1818 2879 collata
1849 2841 2036 2892 pecunia
2053 2841 2182 2882 simu·

1296 2902 1487 2942 lachrum
1507 2902 1611 2942 illud
1631 2909 1933 2955 compararunt
1950 2911 1995 2946 et
2010 2905 2183 2947 dedica,-

1297 2961 1412 3006 runt.¹
1443 2966 1591 3006 Oliver.
1628 2967 1817 3008 Fortuna
1835 2969 2053 3021 muliebris]
2083 2968 2182 3010 Fuit

1297 3031 1408 3070 enim
1429 3036 1473 3070 et
1489 3029 1605 3070 aedes
1624 3031 1822 3072 Fortunae
1844 3032 1991 3073 virilis.
2026 3032 2182 3074 Vatiae

1298 3094 1409 3133 enim
1422 3091 1543 3134 fuere
1556 3093 1673 3134 aedes
1687 3094 1890 3136 Fortunae
1904 3102 2185 3148 consecrata»,

1298 3157 1435 3209 primo
1468 3158 1672 3198 Fortunae
1702 3158 1853 3208 virilis,
1882 3170 1996 3200 nnnc
2025 3161 2069 3200 s.
2089 3160 2184 3200 Ma·-

1298 3221 1373 3260 riae
1405 3220 1690 3273 AEgyptiacae,
1726 3220 1782 3261 ad
1819 3221 1954 3274 ripam
1987 3221 2188 3275 Tyberis,

1290 3283 1419 3335 juxta
1457 3289 1632 3335 pontem
1662 3283 1924 3335 Palatinum,
1954 3296 2009 3324 ex
2038 3284 2184 3337 lapide

1300 3347 1525 3401 quadrato,
1557 3359 1656 3387 cum
1689 3348 1876 3388 tectorio
1907 3347 1962 3388 ad
1991 3349 2182 3402 regulam

1300 3410 1574 3463 antiquorum
1591 3408 1724 3460 facto,
1742 3410 1950 3451 columnae
1973 3422 2028 3451 ex
2045 3411 2182 3452 latere

1300 3478 1480 3525 utroque
1516 3478 1698 3525 septem,
1735 3473 1829 3513 duae
1874 3475 1916 3513 in
1955 3474 2180 3516 frontibus.

1301 3537 1500 3578 Porticus
1521 3548 1653 3590 parva
1681 3537 1971 3579 columnarum
1991 3544 2185 3593 quatuor,
