2346 3996
597 269 860 310 VAnaRu
905 270 1147 309 MAX1M1
1194 271 1311 310 Lm.
1340 273 1447 313 v11.
1489 274 1623 312 cAP.
1651 260 1702 312 3.

238 395 304 431 tes
322 390 426 430 alias
440 389 725 442 participant.
759 388 888 428 Coler.

290 452 519 506 Equisonis]
548 452 636 492 Per
669 457 856 503 noctem,
884 456 933 492 ut
963 450 1050 502 alii,
1078 463 1121 492 e-

235 530 366 570 quum
379 516 517 570 pridie
531 516 810 556 constitutam
825 514 938 555 diem
951 516 1003 555 ad
1019 527 1120 554 euu-

235 580 333 623 dem
349 581 488 620 locum
517 579 659 630 duxit,
678 579 821 632 ibique
845 591 965 632 equae
987 578 1119 618 admi·

234 645 320 694 sit;
355 644 440 693 vel,
468 648 515 683 ut
546 642 654 683 dicit
678 643 886 693 Valerius,
922 643 965 682 in
997 654 1119 696 equae

232 708 467 760 genitalem
498 713 666 759 partem
685 706 902 747 dimissam
934 718 1121 756 manum,

233 783 333 812 cum
369 771 422 811 ad
458 783 557 811 eum
589 771 733 811 locum
774 778 953 811 ventum
985 776 1118 821 esset,

232 836 331 888 equi
354 835 531 876 naribus
553 835 763 883 admovit,
778 848 862 889 quo
885 835 1033 887 odore,
1052 835 1121 876 vel

230 901 458 952 voluptate
516 901 686 940 veneris
740 899 936 940 irritatus
984 911 1119 952 equus

229 961 446 1004 hinnitum
476 963 623 1003 statim
668 962 806 1010 dedit,
838 968 885 1003 et
919 963 1120 1015 segnibus

230 1026 325 1067 aliis
356 1025 460 1067 felix
489 1026 726 1079 auspicium
755 1026 927 1068 domino
957 1027 1120 1079 primus

231 1090 391 1131 emisit.
424 1090 532 1130 Olio.

275 1155 453 1195 Naribus
466 1154 575 1206 equi]
594 1153 736 1194 Aliter
748 1153 777 1196 J
781 1154 948 1194 ustinus
963 1166 1017 1194 ex
1029 1154 1118 1195 He-

229 1217 401 1259 rodoto.
442 1219 527 1259 Sed
548 1218 659 1258 idem
680 1230 734 1258 ex
754 1219 983 1259 Persarum
1004 1232 1119 1260 com-

227 1283 449 1323 mentariis
481 1284 664 1324 alterum
695 1285 932 1337 excerpsit,
961 1285 1123 1339 quibus.

229 1351 277 1387 et
294 1347 492 1389 Valerius
511 1347 718 1389 adhaeret.
749 1349 877 1391 Coler.

285 1413 351 1464 §8
382 1412 485 1467 Bias
516 1418 662 1465 autem,
690 1412 782 1466 Spa]
811 1413 940 1456 Quod
969 1414 1119 1457 Bianti

228 1475 428 1517 Valerius
444 1477 661 1529 attribuit,
677 1477 846 1518 Chiloni
861 1478 1119 1520 Plutarchus

230 1541 423 1582 ascribit.
481 1541 633 1582 Chilon
650 1541 779 1593 enim,
797 1548 848 1583 ut
863 1542 998 1583 tradit
1018 1546 1117 1584 Plu·
1134 1559 1139 1563 ·

228 1605 419 1657 tarchus,
438 1605 584 1646 dicere
611 1605 795 1657 solebat,
829 1605 962 1647 Ames
998 1614 1117 1648 eate-

227 1681 323 1721 nus,
352 1670 474 1723 quasi
514 1669 750 1723 aliquando
782 1670 840 1711 sis
872 1671 971 1712 odio
1002 1671 1116 1714 forte

225 1732 465 1776 habiturus.
522 1734 664 1775 Item:
702 1734 931 1776 Hactenus
957 1737 1115 1788 oderis,

226 1802 428 1851 tanquam
463 1796 649 1838 fortasse
677 1799 734 1838 sis
756 1805 990 1841 amaturus.
1047 1802 1114 1843 Ac

224 1859 261 1900 si
290 1860 482 1902 diceret:
513 1863 615 1904 Nou
650 1862 858 1904 debemus
892 1877 945 1905 eo
980 1878 1114 1920 usque

223 1924 406 1966 amicum
438 1938 602 1978 amare,
631 1932 679 1967 ut
699 1927 734 1968 si
752 1927 855 1980 quid
875 1928 1112 1983 iudignum,

224 1994 272 2030 et
292 1994 420 2042 turpe
449 1989 623 2042 fecerit,
652 1992 723 2031 vel
745 1992 940 2047 jusserit,
969 1995 1111 2036 odisse

223 2064 507 2106 nequeamus..
570 2056 628 2095 Et
665 2063 836 2108 contra,
876 2069 959 2099 nec
995 2064 1112 2100 tant-

225 2127 357 2168 opere
375 2116 537 2169 odisse,
573 2124 622 2159 ut
657 2132 755 2159 eum
790 2121 834 2160 in
874 2122 1111 2164 amicitiam

224 2184 430 2232 nostram,
459 2181 496 2222 si
527 2194 706 2223 necesse
735 2183 886 2237 fuerit,
915 2187 1112 2239 recipere

223 2253 310 2282 non
349 2245 578 2295 possimus.
646 2247 746 2287 Non
777 2248 930 2289 mirum
969 2251 1050 2291 hoc
1086 2264 1113 2292 a

225 2306 385 2349 Biante
406 2309 590 2362 dictum,
616 2323 714 2352 nam
741 2317 786 2353 et
802 2314 964 2366 Scipio,
995 2321 1111 2357 teste

221 2369 316 2413 Cic.
337 2372 411 2413 lib.
431 2373 491 2414 de
506 2373 730 2429 Amicitia,
757 2378 902 2419 dicere
928 2380 1112 2431 solebat,

220 2434 325 2475 nihil
343 2435 560 2478 difficilius
578 2450 687 2491 esse,
718 2454 844 2494 quam
877 2443 1111 2486 amicitiam

221 2510 358 2552 usque
388 2500 444 2540 ad
471 2506 712 2543 extremum
741 2505 842 2545 vitae
872 2505 984 2547 diem
1015 2521 1110 2560 per-

222 2573 413 2604 manere.
470 2565 670 2607 Laertius
689 2580 861 2622 quoque
877 2570 960 2611 hoc
980 2572 1110 2612 Bian-

221 2625 277 2665 tis
297 2624 475 2679 dictum,
502 2641 587 2670 nou
622 2631 811 2673 Chilonis
841 2632 975 2675 fuisse
996 2634 1110 2676 affir-

220 2694 324 2731 mat.
355 2691 506 2734 Oliver.

273 2753 298 2805 ξ
315 2756 342 2793 4
374 2754 666 2811 Lampsacenoe]
692 2759 977 2812 Lampsacum
1007 2763 1108 2803 urbs

216 2814 263 2855 in
301 2817 450 2858 littore
486 2820 764 2874 Hellesponti
811 2824 912 2875 sita,
949 2825 994 2866 in
1033 2839 1110 2868 ora

218 2878 429 2923 Asiatica.
468 2883 864 2939 Lampsacenae‚850.]
887 2889 975 2930 Hic
991 2890 1107 2943 quod

219 2941 421 2984 Valerius
457 2945 718 2990 Anaximeni
751 2951 966 3006 attribuit,
1002 2967 1106 2995 non-

215 3006 324 3047 nulli
370 3007 601 3051 Aristoteli
639 3013 830 3055 tradunt.
906 3018 1107 3072 Utroque

217 3070 331 3111 enim
352 3080 622 3126 praeceptore
638 3075 886 3119 Alexander
903 3086 970 3120 est
988 3094 1106 3124 usus,

220 3134 370 3175 Oliocr.
427 3136 724 3192 Lampsacenae]
764 3142 808 3182 Si
847 3155 925 3195 pro
960 3145 1108 3197 patria

214 3195 555 3241 intercessurum
609 3204 784 3255 putavit
839 3205 1106 3260 Alexander,

216 3270 303 3300 non
322 3268 442 3303 recte
460 3263 690 3306 Aristoteli
714 3267 758 3308 id
779 3270 1005 3322 attribuas,
1034 3274 1106 3312 cui

215 3325 358 3375 patria
385 3339 468 3367 non
502 3330 804 3386 Lampsacum,
830 3334 906 3374 sed
931 3335 1106 3388 Stagira

216 3386 314 3427 fuit.
347 3389 456 3431 Bad.

278 3451 445 3493 Vetusta
461 3455 682 3510 nobilitate]
711 3460 994 3513 Lampsacum
1014 3463 1103 3505 dic-

218 3519 309 3556 tum
341 3515 418 3557 ἀπὸ
444 3518 655 3572 Λαμψάκης
681 3523 887 3578 ἐπιχωρίας
904 3526 1011 3568 τινὸς
1037 3528 1102 3568 κό-

1931 260 2075 317 1263

1186 403 1267 441 ρης,
1297 396 1410 430 teste
1444 392 1679 444 Stephano.
1738 391 1837 432 vini
1860 392 2074 435 feracissi-

1187 465 1256 492 ma
1274 452 1356 493 fuit
1378 455 1469 495 haec
1489 457 1662 499 civitas.
1716 456 1844 496 Unde
1863 457 1977 497 haud
1997 458 2074 499 du·

1187 515 1254 555 bie
1269 529 1294 555 a
1312 518 1471 570 Priapo
1487 520 1663 560 condita
1678 520 1893 574 scribitur,
1909 522 2074 562 Bacchi

1186 585 1231 619 et
1251 581 1436 621 Veneris
1462 582 1563 623 filio.
1620 585 1692 624 De
1725 597 1809 637 qua
1841 596 1888 625 re
1925 586 2073 625 multis

1186 643 1448 685 Plutarchus
1481 647 1524 686 in
1554 647 1701 688 libello
1729 651 1799 690 De
1830 649 1945 690 Clar.
1973 650 2075 689 Mu·

1185 705 1280 746 lier.
1346 708 1431 748 Sed
1468 716 1513 750 et
1548 711 1865 753 Demosthenes
1899 712 2074 765 Πριάπου

1184 768 1328 820 κτίσμα
1346 773 1552 824 appellat.
1610 776 1785 816 Servius
1818 776 1871 816 ad
1906 777 2075 830 Georg.

1184 844 1253 873 ιν.
1283 836 1296 856 ⁴
1310 835 1494 886 Priapus
1512 835 1596 877 fuit
1617 837 1671 878 de
1691 839 1948 892 Lampsaco,
1967 841 2077 880 civi-

1185 902 1273 938 tate
1293 898 1586 952 Hellesponti,
1604 901 1658 941 de
1678 915 1764 955 qua
1782 906 1926 955 pulsus
1943 917 2071 958 prop-

1183 965 1252 1001 ter
1265 962 1399 1002 virilis
1414 963 1596 1003 membri
1611 966 2077 1020 magnitudinem,post

1182 1025 1227 1065 in
1260 1038 1482 1068 numerum
1512 1028 1708 1068 Deorum
1745 1036 1951 1082 receptus
1983 1045 2073 1073 me-

1182 1091 1268 1131 ruit
1282 1103 1442 1132 numen
1460 1104 1555 1133 esse
1576 1093 1825 1133 hortorum.'
1857 1096 1989 1137 Celer.

1237 1156 1305 1207 §6
1337 1156 1474 1196 Totius
1490 1156 1706 1209 concionis]
1735 1157 1788 1198 Id
1809 1164 1892 1211 est,
1921 1160 2072 1212 populi

1182 1220 1422 1261 convocati.

1237 1284 1305 1336 §7
1333 1284 1506 1325 Annibal
1521 1285 1717 1338 superior]
1746 1286 1887 1327 Autor
1912 1287 1966 1328 de
1994 1287 2071 1328 Vi-

1183 1346 1241 1386 ris
1271 1346 1436 1388 Illustr.
1458 1347 1661 1390 dissentit
1688 1363 1713 1390 a
1733 1351 1909 1391 Valerio
1930 1357 1975 1392 et
1995 1364 2071 1392 no-

1182 1410 1313 1461 mine,
1340 1418 1387 1452 et
1423 1415 1631 1466 tempore.
1691 1415 1790 1455 Non
1827 1415 1941 1455 enim
1979 1414 2073 1456 An-

1183 1474 1387 1527 nibalem,
1422 1476 1498 1516 sed
1539 1477 1845 1529 Himilconem,
1890 1490 1971 1519 nec
2003 1491 2072 1519 se·

1183 1538 1339 1590 cundo,
1370 1540 1445 1580 sed
1468 1541 1608 1593 primo
1631 1539 1797 1582 Punico
1827 1542 1940 1582 bello
1969 1554 2072 1583 con·

1182 1601 1333 1654 tigisse
1364 1602 1484 1644 dicit.
1558 1604 1670 1645 Haec
1710 1611 1813 1646 sunt
1846 1607 1940 1659 ejus
1975 1619 2070 1646 ver·

1182 1665 1260 1706 ba:
1289 1667 1301 1689 ‘
1325 1666 1404 1708 Cn.
1420 1668 1594 1708 Duilius
1612 1669 1751 1721 primo
1769 1671 1937 1711 Punico
1957 1670 2072 1711 bello

1179 1721 1268 1769 dux
1307 1737 1465 1772 contra
1502 1732 1879 1785 Carthaginienses
1900 1734 2070 1781 missus,

1179 1794 1252 1834 ubi
1291 1794 1399 1835 vidit
1437 1808 1510 1836 eos
1545 1796 1726 1838 multum
1775 1798 1883 1838 mari
1926 1811 2071 1851 posse,

1178 1858 1361 1900 classem
1395 1862 1533 1912 magis
1565 1861 1748 1901 validam
1776 1874 1904 1915 quam
1939 1862 2068 1903 deco-

1178 1934 1268 1963 ram
1295 1920 1546 1974 fabrefecit,
1574 1929 1620 1965 et
1638 1923 1788 1965 manus
1805 1924 1972 1967 ferreas
2006 1926 2074 1966 in·

1170 1985 1348 2039 jiciens,
1377 1988 1565 2028 hostium
1594 2001 1728 2029 naves
1749 1989 2070 2042 apprehendit;

1177 2055 1224 2091 et
1244 2052 1350 2092 victi
1380 2058 1427 2093 et
1457 2053 1577 2105 capti
1598 2058 1711 2093 sunt.
1770 2054 1962 2094 Himilco
1982 2054 2071 2094 dux

1178 2115 1595 2168 Carthaginiensium
1629 2116 1758 2169 fugit,
1787 2122 1834 2157 et
1861 2118 2068 2158 aSeuatu

1175 2181 1392 2232 qnaesivit,
1422 2181 1524 2234 quid
1541 2180 1785 2222 faciendum
1805 2188 2035 2223 censerent
2057 2196 2069 2222 :

1175 2244 1371 2284 omnibus
1408 2251 1458 2285 ut
1504 2253 1720 2297 pugnaret
1767 2246 2069 2297 clamantibus,

1175 2307 1294 2354 Feci,
1323 2309 1479 2361 inquit,
1507 2314 1553 2349 et
1592 2310 1732 2349 victus
1771 2322 1892 2351 sum:
1923 2315 1970 2350 et
2003 2310 2068 2350 sic

1175 2383 1344 2423 poenam
1402 2374 1541 2414 crucis
1579 2372 1758 2426 effugit3
1803 2386 1904 2414 nam
1947 2373 2067 2427 apud

1175 2435 1335 2476 Poenos
1350 2436 1438 2476 dux
1456 2449 1502 2476 re
1517 2439 1629 2477 male
1646 2444 1772 2490 gesta
1789 2437 2068 2490 puniebatur.

1174 2498 1324 2539 Duilio
1343 2510 1596 2541 concessum
1623 2508 1703 2554 est,
1730 2507 1778 2542 ut
1795 2503 2068 2554 praelucente

1173 2561 1313 2602 funali
1334 2569 1380 2603 et
1399 2564 1668 2616 praecincnte
1688 2566 1868 2606 tibicine
1888 2579 1914 2605 a
1942 2578 2066 2606 coena

1174 2627 1352 2678 publice
1384 2628 1579 2668 rediret.'
1635 2629 1843 2681 Superior]
1871 2630 2067 2671 Fuerunt

1172 2691 1411 2731 secuudum
1439 2692 1662 2733 Valerium
1696 2695 1894 2746 superior
1923 2699 1970 2735 et
2002 2696 2066 2735 in-

1171 2752 1323 2794 ferior.
1368 2754 1600 2808 Superior,
1627 2757 1699 2809 qui
1727 2759 1866 2810 primo
1898 2758 2066 2800 Punico

1171 2817 1285 2858 bello
1322 2819 1475 2858 Duilio
1513 2821 1690 2860 consule
1728 2821 1872 2861 navali
1910 2823 2064 2874 proelio

1171 2887 1403 2934 superatus
1425 2887 1505 2923 est.
1562 2882 1764 2931 Inferior,
1783 2885 1856 2938 qui
1871 2886 2065 2926 secundo

1171 2946 1467 2999 gravissimam
1490 2948 1693 2989 Romanis
1729 2956 1776 2989 et
1808 2949 1953 2990 Italiae
1978 2951 2063 2990 cla·

1170 3012 1267 3051 dem
1289 3022 1340 3051 ae
1359 3022 1487 3063 paene
1508 3012 1674 3053 ruinam
1700 3026 1841 3054 rerum
1873 3015 2062 3054 omnium

1169 3075 1345 3125 intulit;
1374 3074 1452 3115 sed
1465 3076 1647 3126 ⁴taudem
1679 3091 1703 3118 a
1723 3079 1925 3131 Scipione
1945 3077 2061 3118 Afri-

1168 3158 1277 3187 cano
1308 3147 1533 3198 superiore
1565 3153 1610 3187 et
1640 3147 1771 3186 Italia
1801 3146 1948 3197 pulsus
1976 3148 2064 3193 est,

1169 3219 1215 3253 et
1255 3212 1409 3253 Africa
1454 3214 1547 3254 acie
1606 3218 1851 3265 superatus.
1907 3210 2063 3249 Oliver.

1166 3276 1342 3317 Annibal
1359 3290 1384 3317 α
1409 3278 1551 3318 Duilio
1579 3278 1751 3329 consule]
1779 3276 1830 3315 Iu
1861 3275 2061 3326 Susiano,

1169 3340 1434 3394 Coloniensi,
1463 3348 1509 3382 et
1530 3341 1844 3381 Pulmanniano
1871 3338 2052 3390 optime,

1167 3404 1357 3457 Superior
1374 3405 1564 3456 Annibal,
1595 3412 1640 3444 ut
1672 3404 1945 3443 discernatur
1975 3403 2058 3444 sci-

1165 3469 1270 3510 licet
1288 3470 1342 3510 ab
1372 3470 1462 3520 illo,
1490 3469 1563 3521 qui
1584 3468 1795 3521 sequitur,
1817 3473 1862 3507 et
1891 3466 2051 3507 bellum

1166 3533 1401 3573 secuudum
1418 3532 1631 3573 Punicum
1653 3531 1803 3584 gessit,
1821 3529 2054 3572 Amilcaris
