2346 3996
569 331 831 370 VALEnu
874 331 1116 371 MAxiM1
1163 334 1283 373 Lis.
1314 334 1402 374 ix.
1445 335 1577 374 CAP.
1606 323 1694 375 12.

224 455 295 508 qui
336 453 347 475 ‘
369 453 412 492 in
447 456 653 492 aeternam
690 451 913 491 clausisset
949 451 1105 491 lumina

226 516 425 558 noctem:
455 515 605 554 Oliver.
661 515 718 554 At
736 514 952 566 Pindarus]
980 515 1105 554 Men-

226 581 394 622 dacium
413 585 495 625 est,
523 578 634 631 quod
657 579 712 618 de
735 578 925 619 Pindaro
957 578 1106 619 scribit

225 643 391 684 Solinus
423 642 591 683 lib.v11.
646 643 758 683 Nam
796 644 908 696 quod
947 643 1017 683 ille
1052 643 1106 683 de

226 706 418 747 Pindaro
437 710 598 757 narrat,
626 705 670 746 id
697 706 907 747 Simonidi
931 707 1104 748 accidit.

227 769 381 811 Cicero
398 769 452 808 de
469 768 595 810 Orat.
614 781 663 810 n.
694 770 1000 811 Quintilianus.
1018 771 1104 810 Va-

227 832 355 873 lerius
372 831 448 874 lib.
467 844 500 873 1.
521 845 618 884 cap.
638 837 676 873 8.
707 835 836 875 Coler.

281 897 353 947 §8
390 893 505 935 Sicut
541 896 802 948 Anacreonti]
848 896 936 937 Hic
981 898 1107 938 Teius

228 958 371 1011 patria
402 959 546 1011 Lyrici
579 960 779 999 carminis
813 960 958 1012 poeta,
985 962 1108 1013 cujus

227 1023 422 1063 meminit
467 1023 677 1063 Horatius
718 1023 912 1064 Odarum
951 1025 1025 1065 lib.
1062 1037 1107 1066 v.

228 1086 241 1108 ‘
265 1087 364 1127 Non
383 1086 509 1126 aliter
525 1086 666 1126 Samio
685 1087 834 1127 dicunt
854 1087 1006 1128 arsisse
1024 1089 1110 1128 Ba-

228 1151 366 1203 thyllo
402 1149 671 1194 Anacreonta
702 1151 868 1201 Teium,
896 1152 982 1194 Qui
1013 1164 1111 1205 per·

229 1225 343 1265 saepe
364 1224 470 1252 cava
495 1214 713 1253 testudine
742 1211 865 1254 flevit
894 1214 1110 1255 amorem!

231 1276 337 1316 Pari
367 1277 536 1318 ratione
556 1277 738 1318 Ovidius
769 1279 880 1319 libro
907 1280 1112 1320 Tristium

231 1340 422 1381 secundo
441 1354 452 1380 ε
483 1342 496 1363 ⁴
515 1341 630 1383 Quid
651 1342 730 1381 nisi
749 1354 844 1382 cum
874 1343 1010 1383 multo
1030 1343 1113 1383 Ve-

231 1416 379 1444 nerem
422 1411 699 1445 contemnere
738 1406 849 1455 vino,
893 1405 1114 1458 Praecepit

233 1467 352 1508 docti
369 1467 480 1508 Teia
498 1468 629 1509 Musa
647 1469 759 1508 senis
773 1469 800 1508 i'
830 1469 979 1510 Oliuer.

286 1530 486 1572 Humum
503 1532 611 1583 υἱέα,
641 1531 727 1583 85⁶]
755 1533 869 1575 Quia
884 1532 1114 1573 secundam

224 1595 318 1646 jam
337 1595 497 1646 agebat
514 1601 701 1636 aetatem.

290 1659 313 1709 ς
331 1661 359 1698 9
384 1659 560 1709 Jungum
579 1659 680 1706 illos,
699 1659 789 1711 ἅμα]
809 1659 926 1700 Duos
946 1659 1116 1712 subjun-

236 1722 317 1774 git,
342 1723 415 1776 qui
436 1724 632 1775 ejusdem
661 1725 868 1777 propositi
895 1729 941 1766 et
970 1726 1114 1766 exitus

233 1784 426 1837 fuerunt,
451 1786 658 1827 Milonem
689 1789 1031 1838 Crotoniensem,
1069 1796 1115 1830 et

234 1847 594 1900 Polydamantem
613 1851 833 1891 athletam.
868 1851 939 1890 De
950 1851 1117 1891 Milone

236 1911 404 1953 Gellius
440 1913 570 1961 Noct.
603 1913 695 1953 Att.
730 1913 804 1954 lib.
825 1924 908 1955 xv.
932 1925 1028 1965 cap.
1050 1918 1114 1954 16.

233 1975 248 1998 ⁴
266 1975 373 2016 Milo
391 1976 711 2027 Crotoniensis,'
730 1977 883 2029 inquit,
909 1976 922 1999 ‘
938 1976 1118 2017 Athleta

232 2041 428 2094 illustris,
454 2054 580 2094 quem
598 2042 642 2081 in
668 2041 883 2081 chronicis
912 2040 1118 2093 scriptum

235 2110 305 2145 eet
316 2104 578 2157 Olympiade
596 2104 734 2156 prima
745 2111 996 2145 coronatum
1011 2117 1120 2156 esse,

236 2167 401 2208 exitum
415 2166 568 2207 habuit
587 2167 685 2207 vitae
704 2167 1006 2208 miserandum.
1022 2180 1118 2208 curn

232 2231 324 2284 jam
351 2237 458 2272 natu
494 2231 665 2285 grandis
698 2237 835 2273 artem
870 2233 1119 2273 athleticam

239 2295 521 2349 deseruisset,
565 2297 735 2351 iterque
790 2296 956 2339 faceret
1008 2296 1120 2338 forte

241 2359 358 2399 solus
390 2360 440 2399 -in
485 2360 589 2401 locis
634 2361 776 2401 Italiae
821 2361 1122 2413 sylvestribus,

239 2434 445 2475 quercum
466 2424 576 2465 vidit
594 2425 788 2477 proxime
810 2425 938 2476 viam,
965 2426 1122 2478 patulis

239 2486 285 2526 in
305 2492 431 2538 parte
449 2487 592 2528 media
606 2489 733 2530 ramis
751 2489 954 2530 hiantem.
1010 2490 1122 2530 Tum

242 2550 434 2602 experiri
451 2551 603 2592 volens
620 2553 752 2594 credo
768 2555 900 2594 etiam
932 2558 1036 2594 tunc
1068 2565 1122 2593 an

245 2613 345 2653 ullae
362 2613 442 2654 sibi
463 2615 638 2669 reliquae
659 2616 772 2657 vires
798 2617 1017 2668 adessent,
1045 2618 1122 2656 im-

241 2676 380 2716 missis
397 2677 441 2717 in
461 2689 668 2719 cavernas
686 2680 849 2721 arboris
869 2681 1029 2733 digitis,
1046 2681 1122 2721 de·

242 2739 401 2780 ducere
420 2745 468 2781 et
484 2742 730 2783 rescindere
761 2755 964 2796 quercum
995 2756 1122 2784 cona·

243 2808 314 2844 tus
335 2810 426 2855 est;
454 2816 506 2845 ac
535 2805 717 2846 mediam
751 2806 923 2858 quidem
953 2812 1120 2859 partem

241 2865 432 2918 discidit,
445 2867 708 2922 divellitque.
760 2870 958 2912 Quercus
977 2875 1122 2911 autem

243 2930 290 2969 in
326 2929 433 2970 duas
469 2930 663 2973 deducta
694 2937 856 2984 partes,
901 2945 998 2974 cum
1034 2934 1122 2986 ille,

242 2993 369 3044 quasi
395 2992 608 3047 perfecto,
632 2995 747 3048 quod
777 3001 871 3036 erat
899 2997 1125 3049 connixus,

243 3063 394 3097 manus
428 3055 630 3103 laxasset,
673 3065 870 3099 cessante
905 3060 965 3110 vi,
994 3060 1128 3101 rediit

243 3119 288 3160 in
306 3126 516 3174 naturam,
538 3123 818 3177 manibusque
836 3125 926 3176 ejus
945 3125 1127 3166 retentis

245 3182 522 3238 inclusisque,
548 3187 701 3227 stricta
734 3187 875 3228 denuo
910 3193 956 3228 et
988 3188 1127 3229 cohae-

247 3256 361 3297 rens,
397 3247 721 3289 dilacerandum
768 3250 978 3290 hominem
1022 3249 1127 3291 feris

249 3309 468 3360 prebuit-³
533 3311 727 3352 Solinus:
760 3312 992 3352 ‘Milonem
1025 3325 1127 3365 quo-

248 3371 359 3423 que,'
400 3372 557 3425 inquit,
591 3375 605 3398 ⁴
628 3374 952 3416 Crotoniensem
990 3375 1128 3426 egisse

250 3434 406 3485 omnia,
423 3447 548 3488 snpra
566 3450 658 3490 quae
680 3438 802 3477 homo
815 3439 945 3480 valet.
984 3438 1127 3478 Etiam

252 3495 334 3536 hoc
351 3498 564 3550 proditur,
589 3501 702 3552 qnod
723 3501 812 3540 ictu
833 3501 958 3541 nudae
977 3513 1126 3541 manus

252 3563 422 3605 taurum
440 3559 546 3602 fecit
569 3562 796 3617 victimam,
823 3575 1004 3619 eumque
1029 3565 1127 3605 soli-

1899 326 2041 379 1369

1168 452 1280 503 dum,
1313 467 1396 506 quo
1415 459 1680 495 mactaverat
1700 453 1787 504 die,
1806 453 2044 506 absumpsit

1169 516 1280 555 solus
1298 529 1379 557 non
1401 518 1630 569 gravatim.
1684 518 1823 569 Super
1841 518 1920 557 hoc
1941 520 2045 558 nihil

1170 578 1358 626 dubium,
1386 593 1482 620 nam
1508 580 1670 622 factum
1690 582 1876 631 elogium
1910 586 2046 620 extat.

1170 641 1324 681 Victor
1346 643 1416 683 ille
1435 644 1622 684 omnium
1636 644 1918 685 certaminum
1951 657 2046 696 quae

1168 702 1305 743 obiit?
1361 705 1514 746 Cicero
1559 706 1602 746 in
1639 707 1805 747 Catone
1854 707 2048 758 Majore:

1170 767 1182 788 ‘
1200 767 1308 809 Quae
1325 767 1436 807 enim
1453 781 1533 808 vox
1555 774 1698 820 potest
1717 782 1811 810 esse
1830 777 2050 822 contemp-

1170 830 1270 879 tior,
1299 842 1423 882 quam
1455 832 1630 872 Milonis
1651 834 1948 874 Crotoniatae?
1977 835 2049 886 qui

1172 905 1268 933 cum
1284 905 1417 934 senex
1437 901 1565 946 esset,
1579 903 1621 935 et
1637 896 1725 947 jam
1742 897 1924 936 athletas
1945 909 1990 936 se
2006 898 2049 936 in

1171 957 1384 997 curriculo
1405 966 1660 999 exercentes
1683 960 1866 1007 videret,
1900 972 2053 1011 aspex-

1173 1022 1257 1061 isse
1293 1021 1480 1061 lacertos
1517 1034 1612 1061 suos
1653 1023 1827 1073 dicitur,
1856 1024 2055 1075 illachry-

1174 1097 1382 1138 mansque
1411 1084 1596 1125 dixisse:
1627 1085 1687 1126 At
1706 1087 1748 1126 hi
1768 1087 1939 1138 quidem
1962 1088 2053 1138 jam

1175 1148 1475 1190 mortuisunt.'
1530 1150 1659 1190 Hunc
1681 1151 1886 1190 Milonem
1921 1157 2054 1191 tantae

1176 1211 1440 1253 fortitudinis
1474 1213 1604 1254 fuisse
1642 1214 1749 1255 dicit
1798 1215 1907 1254 Plin.
1954 1216 2059 1255 Nat.

1177 1277 1295 1317 Hist.
1328 1278 1404 1318 lib.
1425 1289 1509 1318 vu.
1552 1284 1601 1318 ut
1638 1291 1733 1319 cum
1770 1278 2053 1328 constitisset,

1173 1352 1298 1381 nemo
1318 1353 1415 1381 eum
1435 1341 1620 1393 vestigio
1654 1341 1841 1382 educere
1881 1346 2053 1392 posset3

1177 1405 1331 1444 malum
1362 1406 1526 1445 tenenti
1554 1412 1679 1445 nemo
1715 1404 1893 1456 digitum
1928 1406 2059 1444 corri-

1179 1481 1297 1521 gere.
1352 1470 1511 1510 Strabo
1532 1482 1632 1510 vero
1652 1470 1726 1510 lib.
1744 1481 1808 1510 v1.
1827 1470 1931 1510 dicit
1945 1470 2057 1509 hunc

1177 1534 1440 1586 Pythagorae
1456 1533 1712 1586 discipulum
1729 1533 1878 1582 fuisse,
1896 1539 1941 1572 et
1963 1544 2059 1572 eum

1179 1597 1291 1638 forte
1322 1598 1519 1638 columna
1538 1597 1760 1650 quisquam
1795 1597 1837 1635 in
1866 1596 2061 1635 Philoso-

1180 1662 1357 1712 phorum
1377 1659 1655 1701 contubernio
1681 1660 1911 1709 laboraret,
1935 1659 2061 1698 Milo-

1179 1735 1278 1763 nem
1324 1722 1579 1763 subeuntem
1629 1722 1768 1762 salvos
1822 1720 2062 1761 reddidisse

1180 1786 1415 1835 universos,
1460 1785 1703 1837 deindeque
1750 1784 1935 1835 seipsum
1990 1795 2062 1822 ex-

1179 1849 1382 1897 traxisse,
1437 1859 1520 1900 quo
1575 1847 1861 1886 membrorum
1908 1846 2063 1886 robore

1180 1912 1354 1960 fretum,
1376 1911 1478 1951 vitae
1498 1910 1816 1951 subversionem
1836 1907 2066 1949 offendisse

1183 1987 1237 2016 eo
1257 1987 1416 2027 genere
1435 1975 1602 2026 mortis,
1614 1986 1697 2027 quo
1715 1985 1844 2026 supra
1859 1977 2065 2012 monstra-

1185 2048 1276 2081 tum
1301 2046 1384 2081 est.
1418 2040 1526 2081 0150.

1243 2104 1387 2145 Cunet's
1401 2102 1573 2155 adactis]
1593 2101 1740 2143 Infixis
1757 2101 1919 2142 cuneis.
1953 2101 2066 2142 Nam

1187 2180 1282 2207 cum
1304 2173 1497 2219 agrestes
1525 2178 1730 2218 quercum
1762 2163 1962 2205 scindere
1996 2174 2066 2203 vo-

1187 2229 1385 2281 luissent,
1414 2240 1573 2269 cuneos
1608 2228 1860 2279 adegerant,
1896 2233 1945 2265 ut
1992 2237 2065 2265 eos

1188 2293 1231 2332 in
1255 2304 1416 2345 quercu
1450 2292 1755 2344 relinquerent.
1811 2292 1890 2330 Est
1920 2295 2066 2330 autem

1189 2367 1349 2395 cuneus
1367 2355 1696 2395 instrumentum
1718 2355 1919 2406 ligneum,
1951 2354 2067 2406 quod

1187 2418 1348 2459 desinit
1364 2418 1408 2458 in
1425 2417 1696 2458 latitudinem
1716 2422 1900 2468 acutam,
1926 2418 1969 2457 in
1998 2430 2067 2457 su-

1188 2481 1360 2534 periore
1396 2488 1520 2534 parte
1551 2493 1743 2521 crassum
1775 2485 1822 2520 et
1852 2481 2067 2530 obtusum,

1188 2556 1276 2600 quo
1301 2546 1558 2587 scinduntur
1587 2546 1774 2586 arbores.
1831 2545 2066 2597 Virgilius:

1186 2611 1199 2633 ‘
1217 2611 1274 2651 Et
1295 2611 1440 2651 cuneis
1454 2610 1714 2651 scindebant
1726 2609 1858 2650 fissile
1875 2607 2068 2661 lignum.'

1188 2674 1359 2715 Gellius
1378 2686 1481 2714 vero
1499 2674 1607 2714 dicit
1626 2674 1818 2714 arborem
1837 2671 1968 2712 fuisse
1994 2683 2071 2722 pa·

1188 2739 1291 2779 tulis
1310 2739 1437 2779 ramis
1452 2739 1658 2788 hiantem,
1685 2749 1767 2777 non
1788 2736 1936 2777 cuneis
1969 2735 2070 2774 scis-

1189 2814 1294 2843 sam.
1322 2803 1446 2842 Idem.

1242 2866 1293 2906 In
1310 2879 1420 2906 suam
1438 2869 1621 2905 naturam
1645 2862 1845 2914 revocata]
1874 2863 1982 2903 Cum
2003 2873 2067 2900 re-

1188 2928 1339 2969 diisset
1366 2930 1410 2970 in
1422 2929 1626 2980 seipsam,
1658 2928 1804 2979 sicque
1831 2938 1876 2966 se
1894 2926 2069 2965 clausis-

1187 2997 1271 3041 set,
1300 3004 1350 3032 ac
1369 2992 1403 3032 si
1422 2991 1559 3032 solida
1579 2990 1812 3030 extitisset.
1843 2989 1964 3028 Idem.

1247 3056 1324 3096 Tot
1340 3055 1534 3107 gymnicis
1559 3053 1722 3106 palmis]
1749 3054 1833 3093 Tot
1864 3050 2069 3099 victoriis,

1191 3130 1297 3171 quas
1322 3118 1363 3158 in
1393 3117 1614 3170 gymnasio
1642 3116 1849 3158 certando
1878 3118 2070 3165 reporta-

1191 3187 1342 3231 verat;
1370 3180 1483 3232 nam',
1510 3185 1559 3220 ut
1578 3179 1778 3229 diximus,
1802 3177 1965 3217 athleta
1982 3173 2068 3214 for-

1195 3244 1380 3287 tissimus
1399 3243 1559 3295 fuerat,
1589 3244 1658 3296 qui
1686 3244 1730 3282 in
1756 3240 1951 3281 omnibus
1971 3249 2068 3290 ago-

1192 3308 1319 3349 nibus
1338 3309 1478 3349 victor
1495 3312 1707 3347 evaserat.
1734 3306 1858 3344 Idem.

1246 3373 1271 3424 §
1289 3374 1342 3411 10
1370 3371 1516 3411 Imbris
1534 3369 1670 3420 causa]
1700 3367 1754 3407 In
1777 3367 1948 3405 Veneta
1979 3363 2067 3403 edi-

1191 3436 1309 3477 tione
1323 3448 1408 3476 non
1422 3435 1534 3475 male
1551 3433 1725 3484 legitur,
1739 3429 1940 3470 imbribus.
1985 3428 2065 3467 Im-

1191 3499 1273 3540 bris
1289 3499 1426 3550 causa]
1456 3498 1528 3537 Ita
1562 3495 1702 3545 vulgo.
1757 3492 1927 3543 Lipsius
1947 3489 2070 3530 omit-

1193 3562 1261 3615 tit,
1287 3573 1417 3612 causa,
1446 3558 1557 3613 quod
1593 3554 1804 3609 quomodo
1837 3553 1974 3607 possit
2004 3551 2066 3593 fa-
