2288 3990
374 295 514 348 1056

378 439 491 468 mum
537 425 776 478 respublica
821 424 959 474 foret3
1011 430 1241 477 propterea

374 491 486 544 quod
535 490 725 542 plerique
771 488 1018 528 nobilissimi
1045 489 1242 540 juvenes,

372 564 549 607 quorum
570 553 766 605 princeps
797 557 913 591 esset
935 551 1088 591 Lucius
1108 552 1239 592 Caeci-

370 618 452 657 lius
481 617 702 664 Metellus,
721 626 849 653 naves
870 618 916 653 et
935 625 1052 654 mare
1073 620 1240 666 specta-

372 684 541 730 rent,ut
555 678 730 717 deserta
745 676 886 727 patria
902 676 956 716 ad
971 689 1102 716 novas
1117 678 1239 717 sedes

372 740 624 795 quaerendas
642 741 782 780 irent:
812 750 894 793 quo
919 740 1068 780 nuntio
1088 740 1237 780 attoni-

371 811 440 844 tus
475 809 647 854 stupore
677 806 722 841 et
752 802 958 842 miraculo
992 802 1054 841 rei
1079 802 1238 854 Scipio,

369 866 482 906 omni
512 864 823 905 consultatione
853 862 1041 914 dimissa,
1062 863 1116 903 ad
1147 865 1239 914 hos,

370 929 474 968 talia
504 927 683 968 consilia
720 928 950 978 agitantes,
987 926 1239 967 citatissimo

369 1004 476 1045 equo
496 990 709 1043 pervenit,
741 996 786 1029 et
811 989 960 1029 stricto
986 1001 1112 1040 super
1139 1001 1239 1028 con-

369 1055 618 1095 sultantium
642 1054 787 1105 capita
820 1052 975 1104 gladio,
998 1051 1163 1103 juravit
1191 1063 1238 1090 se

366 1118 710 1167 interfecturum,
745 1116 985 1168 quicunque
1017 1114 1239 1155 discedere

369 1186 591 1222 tentasset.
647 1180 741 1218 Hos
762 1177 934 1228 deinde,
955 1179 1154 1217 restituta
1172 1189 1238 1216 re-

368 1243 488 1294 publ.
508 1255 602 1282 cum
631 1241 674 1280 in
702 1240 922 1281 civitatem
942 1239 1186 1288 rediissent,
1214 1250 1240 1278 a

367 1305 624 1345 Censoribus
653 1302 959 1343 condemnatos
982 1301 1113 1341 fuisse
1132 1301 1239 1340 dicit

367 1367 582 1406 Valerius.
615 1365 764 1404 Oliver.

421 1428 580 1479 Philus]
611 1429 726 1467 Male
753 1427 795 1466 in
833 1426 1019 1467 editione
1059 1427 1238 1473 Veneta,

367 1491 591 1542 Philippus.
648 1490 714 1529 De
753 1491 802 1529 L.
835 1489 963 1531 Furio
997 1490 1123 1530 Philo
1158 1491 1238 1531 hoc

364 1554 458 1604 ipso
493 1553 582 1606 agit
618 1553 769 1592 Cicero
798 1553 840 1591 in
875 1553 1025 1592 Bruto.
1079 1553 1131 1592 In
1163 1552 1239 1594 lib.

366 1618 490 1656 Dan:
514 1623 559 1656 et
590 1615 702 1668 apud
736 1616 1017 1667 Augustinum
1055 1616 1109 1656 de
1143 1617 1236 1657 Civ.

366 1680 452 1719 Dei
483 1678 555 1719 lib.
585 1690 639 1718 ιι.
672 1678 880 1730 hodieque
909 1678 1080 1730 legitur,
1110 1679 1237 1718 Pilus.

366 1742 506 1782 Coler.

421 1806 571 1856 Eosque
585 1804 702 1854 gravi
730 1809 822 1844 nota
849 1803 1083 1856 affecerunt]
1122 1805 1238 1845 Han-

364 1869 478 1909 nibal
495 1869 715 1920 plerosque
734 1879 788 1907 ex
809 1867 1005 1907 Romanis
1024 1867 1067 1906 in
1085 1869 1239 1908 castris

366 1932 559 1983 captivos
592 1931 786 1980 habebat,
816 1937 862 1970 et
891 1930 1067 1969 Romani
1084 1932 1239 1972 multos

366 2006 421 2033 ex
455 1993 890 2045 Carthaginiensibus.
965 1994 1070 2033 Cum
1106 1995 1239 2046 igitur

366 2056 601 2096 Hannibali
620 2069 714 2096 cum
732 2056 914 2106 captivis
925 2056 1125 2096 Romanis
1139 2069 1237 2097 con-

366 2121 568 2170 venisset,
586 2125 634 2158 ut
653 2120 827 2158 Romam
847 2117 1239 2170 proficiscerentur,

365 2189 412 2222 et
431 2183 786 2234 permutationem
805 2183 1067 2234 captivorum
1097 2184 1140 2222 in
1167 2184 1240 2224 Se-

364 2250 470 2284 natu
500 2246 797 2297 impetrarent,
816 2245 943 2297 idque
964 2247 999 2285 si
1026 2245 1240 2293 facerent,

365 2309 512 2348 Romae
552 2314 838 2358 remanerent,
866 2308 902 2347 si
930 2320 1014 2347 non
1052 2315 1242 2360 possent,

364 2369 419 2408 ad
440 2381 485 2409 se
505 2369 548 2408 in
562 2376 708 2409 castra
727 2368 945 2417 redirent3
973 2381 1068 2409 cum
1101 2382 1240 2410 sacra·

364 2438 508 2472 mento
529 2432 673 2472 adacti
700 2432 756 2472 ad
786 2433 895 2471 hanc
921 2444 1027 2483 rem,
1047 2444 1070 2471 e
1090 2432 1241 2472 castris

364 2497 491 2547 paulo
512 2496 838 2550 processissent,
870 2496 1065 2548 plerique
1087 2507 1141 2535 ex
1160 2496 1240 2546 his,

365 2560 704 2599 cavillationibus
722 2560 827 2599 nihil
846 2559 1081 2611 profuturis
1098 2560 1180 2609 usi,
1197 2565 1243 2598 ut

367 2634 413 2662 sc
433 2628 701 2662 sacramento
718 2623 971 2673 liberarent,
986 2634 1241 2673 regressum,

366 2690 568 2736 tanquam
588 2697 757 2724 suarum
789 2696 927 2724 rerum
961 2684 1099 2740 obliti,
1118 2684 1242 2723 simu-

365 2746 521 2796 lantes,
551 2747 595 2786 in
615 2754 753 2786 castra
773 2751 1057 2797 reverterunt,
1087 2746 1243 2787 deinde

366 2810 546 2850 Romam
591 2820 637 2848 se
673 2809 961 2858 contulerunt,
991 2813 1040 2847 ut
1081 2808 1243 2847 etiamsi

367 2871 721 2924 permutationem
753 2872 1017 2923 captivorum
1051 2882 1133 2910 non
1164 2870 1245 2909 im-

366 2938 610 2986 petrassent
619 2933 898 2985 jurejurando
915 2932 1101 2973 absoluti
1127 2933 1243 2972 vide-

366 3002 529 3048 rentur,
568 3002 614 3036 et
659 2996 720 3036 sic
765 2997 914 3037 Romae
960 3000 1243 3035 remanerent.

367 3059 493 3100 Quod
515 3071 610 3099 cum
640 3059 823 3098 Senatus
853 3057 1104 3110 accepisset,
1130 3058 1244 3099 vinc-

368 3125 436 3160 tos
455 3120 691 3161 Hannibali
719 3120 948 3160 mittendos
974 3120 1153 3170 curavit,
1172 3120 1243 3160 de-

369 3183 472 3223 inde
487 3185 615 3224 etiam
636 3184 828 3230 censoria
847 3189 949 3224 nota
968 3183 1147 3235 punivit.
1191 3184 1243 3223 In

365 3247 448 3286 hac
463 3246 642 3286 historia
655 3246 853 3287 Valerius
867 3246 1058 3286 nonnihil
1078 3259 1103 3285 a
1121 3246 1244 3286 Livio

368 3308 587 3359 dissentit,
601 3321 685 3349 non
700 3309 811 3348 enim
825 3309 877 3348 ad
890 3309 1243 3361 permutationem

371 3371 653 3423 captivorum,
699 3371 776 3411 sed
819 3372 874 3411 ad
920 3372 1133 3423 propriam
1180 3383 1244 3410 re-

371 3432 659 3483 demptionem
673 3434 987 3485 impetrandam
1002 3434 1167 3473 venisse
1187 3434 1245 3472 le-

373 3501 495 3546 gatos
513 3495 616 3537 dicit
630 3497 798 3539 Livius:
829 3509 927 3537 nam
943 3495 1025 3538 illis
1040 3497 1245 3538 redimen-

938 308 1114 347 No'rAE
1154 307 1482 348 VARIORUM
1526 309 1590 347 lN

1303 426 1347 466 di
1383 438 1428 465 se
1463 430 1718 478 potestatem
1751 425 1913 466 fecerat
1941 425 2174 478 Hannibal,-

1303 489 1523 540 proposito
1541 489 1584 528 in
1604 501 1747 528 eorum
1766 490 1908 543 capita
1927 489 2078 542 pretio,
2091 500 2177 541 pro

1304 551 1548 591 conditione
1579 543 1798 605 cujusque,
1829 563 1969 592 neca
2004 551 2174 604 legatis,

1303 615 1374 667 qui
1392 626 1470 665 pro
1488 615 1567 655 hac
1586 626 1634 654 re
1653 615 1705 654 ad
1724 616 1926 655 Senatum
1945 614 2173 655 mitteban-

1302 682 1386 727 tur,
1407 676 1461 716 de
1493 677 1635 716 reditu
1668 678 1799 718 vades
1836 678 1941 718 alios
1961 677 2189 730 poposcit,

1300 750 1444 779 eorum
1465 735 1640 780 sc.'fide
1671 745 1912 792 contentus,
1926 752 2000 780 seu
2029 751 2172 782 sacra-

1300 807 1459 853 mento,
1477 803 1547 854 qui
1567 802 1720 842 deinde
1740 803 1802 843 usi
1819 815 1884 855 ea,
1902 815 2028 856 quam
2047 813 2174 853 snpra

1301 863 1497 915 diximus,
1514 862 1656 904 fallaci
1674 864 1959 916 cavillatione,
1977 877 2003 904 a
2028 875 2173 904 censo-

1301 927 1418 967 ribus
1437 927 1621 978 graviori
1641 934 1743 968 nota
1762 927 1902 979 puniti
1919 932 2033 967 sunt.
2084 926 2173 966 Sed

1300 990 1435 1031 Aulus
1485 991 1648 1032 Gellius
1697 990 1816 1042 quasi
1859 1002 1955 1031 cum
2000 988 2174 1029 Valerio

1301 1053 1461 1094 sentire
1483 1054 1654 1094 videtur
1671 1054 1746 1093 lib.
1770 1065 1856 1094 vn.
1874 1065 1912 1093 c.
1932 1056 1998 1093 18.
2045 1051 2174 1093 ‘Jus-

1293 1115 1556 1168 jurandum,'
1593 1116 1744 1169 inquit,
1779 1116 1792 1138 ‘
1813 1114 1928 1167 apud
1960 1116 2172 1157 Romanos

1298 1179 1500 1219 inviolate
1532 1184 1762 1230 sancteque
1798 1178 2004 1228 habitum,
2032 1187 2172 1215 serva-

1299 1246 1490 1293 tumque.
1544 1241 1597 1280 Id
1626 1246 1672 1280 et
1707 1240 1892 1280 moribus
1923 1239 2174 1291 legibusque

1299 1305 1442 1344 multis
1460 1305 1718 1356 ostenditur,
1737 1311 1784 1345 et
1811 1305 1909 1355 hoc,
1927 1302 2039 1356 quod
2058 1302 2173 1343 dice-

1299 1379 1407 1418 mus,
1437 1368 1475 1407 ei
1505 1367 1566 1407 rei
1597 1379 1681 1407 nou
1717 1372 1846 1407 tenue
1877 1369 2173 1417 argumentum

1299 1441 1394 1468 esse
1412 1435 1574 1480 potest.
1629 1429 1791 1468 Proelio
1820 1427 2036 1468 Cannensi
2055 1427 2173 1467 Han-

1300 1491 1417 1531 nibal
1437 1492 1851 1544 Carthaginiensium
1867 1491 2105 1541 Imperator
2118 1499 2176 1527 ex

1301 1554 1482 1605 captivis
1514 1554 1671 1595 nostris
1707 1554 1866 1597 electos
1902 1552 2054 1592 decem
2089 1551 2174 1596 Ro÷

1299 1629 1411 1656 mam
1432 1616 1562 1667 misit,
1582 1616 1887 1667 mandavitque
1906 1613 1984 1663 eis,
2003 1618 2175 1665 pactus·

1300 1693 1385 1733 que
1404 1686 1483 1730 est,
1501 1687 1549 1720 ut
1569 1680 1603 1719 si
1623 1680 1783 1732 populo
1798 1679 1992 1719 Romano
2010 1675 2177 1716 videre-

1302 1750 1387 1794 tur,
1408 1744 1664 1794 permutatio
1694 1742 1820 1782 fieret
1835 1739 2176 1793 captivorum,›et

1301 1819 1379 1858 pro
1398 1807 1466 1858 iis,
1481 1819 1586 1858 quos
1601 1805 1726 1846 alteri
1745 1805 1888 1856 plures
1909 1801 2176 1853 acciperent,

1301 1870 1396 1910 dari
1429 1870 1595 1923 argenti
1628 1868 1768 1920 pondo
1804 1867 1954 1907 libram
1973 1865 2017 1905 S.
2063 1864 2175 1915 Hos,

1301 1932 1545 1984 priusquam
1566 1930 1953 1983 proficiscerentur,
1963 1926 2177 1979 jusjuran-

1301 1995 1398 2034 dum
1417 1994 1579 2046 adegit,
1599 1994 1811 2033 redituros
1842 2004 1937 2032 esse
1967 1992 2012 2031 in
2033 1995 2176 2030 castra

1300 2058 1492 2109 Poenica‚
1513 2058 1549 2096 si
1569 2056 1748 2097 Romani
1761 2055 1956 2107 captivos
1975 2065 2060 2093 non
2081 2063 2178 2104 per-

1300 2125 1528 2161 mutarent.
1585 2120 1778 2160 Veniunt
1809 2116 1967 2158 deinde
1997 2117 2173 2156 Romam

1300 2183 1450 2223 decem
1471 2183 1660 2235 captivi;
1687 2181 1930 2222 mandatum
1950 2178 2072 2219 Poeni
2090 2178 2176 2218 Im-

1301 2246 1513 2296 peratoris
1541 2246 1586 2285 in
1611 2245 1774 2284 Senatu
1803 2245 2048 2294 exponunt3
2079 2250 2174 2291 per·

1301 2310 1481 2348 mutatio
1499 2307 1675 2348 Senatui
1694 2318 1776 2345 non
1807 2304 1996 2357 placita:
2025 2313 2180 2354 paren-

1303 2377 1386 2421 teS,
1415 2371 1602 2423 cognati,
1639 2368 1872 2421 affinesque
1910 2366 2178 2418 captivorum

1304 2435 1504 2486 amplexi,
1525 2446 1597 2474 eos
1632 2431 1892 2484 postliminio
1926 2429 1970 2468 in
1997 2427 2179 2480 patriam

1304 2499 1480 2538 rediisse
1509 2497 1728 2547 dicebant,
1760 2499 2003 2544 statumque
2033 2501 2177 2531 eorum

1303 2560 1556 2600 incolumem
1588 2559 1886 2607 integrumque
1914 2565 2024 2604 esse,
2054 2563 2104 2591 ac
2122 2563 2179 2591 ne

1305 2623 1358 2662 ad
1394 2623 1534 2662 hostes
1572 2621 1714 2660 redire
1759 2619 1937 2667 vellent,
1981 2615 2178 2655 orabant.

1304 2685 1415 2724 Tum
1434 2689 1533 2724 octo
1553 2695 1610 2722 ex
1627 2683 1688 2721 eis
1704 2678 2007 2733 postliminium
2014 2677 2178 2729 justum

1304 2759 1388 2786 non
1407 2758 1502 2786 esse
1521 2746 1603 2787 sibi
1634 2743 1964 2796 responderunt,
1980 2740 2177 2793 quoniam

1305 2809 1472 2860 dejurio
1507 2807 1706 2851 devincti.
1731 2805 1899 2846 forent:
1948 2802 2178 2855 statimque

1304 2873 1368 2913 uti
1391 2873 1528 2924 jurati
1545 2877 1682 2922 erant,
1699 2870 1753 2910 ad
1780 2867 2064 2910 Hannibalem
2081 2878 2179 2919 pro-

1303 2935 1409 2977 fecti
1425 2942 1539 2976 sunt.
1565 2936 1666 2974 Duo
1684 2933 1837 2986 reliqui
1852 2930 2002 2972 Romae
2016 2941 2179 2970 manse-

1305 3004 1421 3050 runt,
1449 2999 1696 3050 solutosque
1728 3007 1822 3036 esse
1841 3005 1935 3035 sese
1955 3005 2006 3034 ac
2023 2993 2177 3034 libera-

1305 3067 1371 3100 tos
1390 3060 1594 3112 religione
1620 3059 1841 3109 dicebant,
1865 3057 2063 3110 quoniam
2080 3064 2178 3095 eum

1306 3123 1466 3175 egressi
1486 3128 1629 3163 castra
1645 3121 1826 3161 hostium
1851 3118 2048 3167 fuissent,
2065 3128 2180 3156 com-

1306 3185 1501 3225 mentitio
1519 3184 1694 3224 consilio
1706 3181 1904 3234 regressi,
1922 3179 2074 3220 eodem
2094 3177 2179 3228 die,

1306 3253 1509 3299 tanquam
1554 3247 1589 3286 si
1633 3245 1688 3285 ob
1733 3244 1918 3296 aliquam
1960 3239 2179 3281 fortuitam

1307 3321 1498 3349 caussam
1517 3309 1662 3358 issent,
1677 3311 1806 3358 atque
1825 3305 1888 3344 ita
1898 3301 2180 3355 jurejurando

1307 3370 1542 3420 satisfacto,
1571 3381 1736 3409 rursum
1756 3365 1932 3418 injurati
1961 3365 2179 3405 abiissent.

1307 3433 1419 3472 Haec
1458 3443 1603 3472 eorum
1647 3430 1917 3472 fraudulenta
1967 3427 2180 3468 calliditas

1307 3499 1394 3534 tam
1431 3506 1524 3535 esse
1571 3493 1707 3545 turpis
1743 3492 1984 3533 existimata
2018 3494 2100 3542 est,
2130 3494 2179 3529 ut
