2320 4004
418 286 562 341 1216

471 420 739 473 Stupmndum
764 420 954 474 familias]
993 424 1120 464 Unde
1151 425 1291 466 Hora-

416 486 500 527 tius
533 486 577 526 in
608 487 745 539 primo
777 487 1052 529 Sermonum:
1092 490 1205 530 ‘Hic
1243 504 1288 531 se

413 549 683 602 praecipitcm
705 555 824 590 tecto
843 550 979 603 dedit,
1011 552 1082 592 ille
1111 552 1288 606 flagellis

413 612 483 653 Ad
498 619 676 654 mortem
694 626 846 664 caesus,
860 612 1026 666 fugiens
1043 616 1110 656 hic
1124 617 1289 657 decidit

411 689 554 717 acrem
591 676 851 717 Praedouum
882 677 924 717 in
955 679 1138 730 turbam,
1165 679 1288 720 dedit

410 740 478 781 bic
498 753 576 792 pro
596 753 778 792 corpore
810 753 1016 793 nummos,
1040 743 1169 784 Hunc
1188 757 1287 796 per-

409 804 656 844 minxerunt
692 804 878 856 caloues,
914 806 1145 858 quinetiam
1181 807 1286 847 illud

408 866 600 918 Accidit,
634 873 685 907 ut
715 868 887 920 quidam
920 874 1054 909 testes
1087 870 1286 910 caudam-

409 941 494 982 que
530 931 717 972 salacem
754 931 1008 973 Demeteret
1027 932 1167 975 ferro!
1202 934 1285 973 Βα-

412 993 518 1034 dius.

462 1061 645 1102 Familiae
678 1064 960 1116 stuprandum]
1015 1063 1159 1103 Possit
1194 1064 1285 1104 haec

407 1137 533 1177 poena
552 1138 702 1178 parum
715 1127 838 1179 justa
858 1134 902 1167 et
925 1128 1117 1179 legitima
1138 1128 1286 1168 videri.

407 1189 492 1228 Sed
513 1189 574 1230 ita
591 1195 660 1230 est
678 1196 727 1230 ut
756 1191 1019 1242 Papinianus
1040 1190 1128 1231 ait:
1167 1191 1179 1214 ‘
1198 1191 1284 1233 Qui

406 1252 607 1293 occidere
644 1258 789 1305 potest
834 1254 1091 1299 adulterum,
1148 1254 1283 1293 multo

405 1317 537 1367 magis
571 1317 832 1357 contumelia
868 1317 1030 1368 poterit
1054 1318 1155 1369 jure
1183 1315 1284 1356 adfi-

405 1380 536 1420 cere.'
592 1381 664 1420 Ita
678 1381 948 1421 castrationis
968 1393 1095 1433 poena
1111 1392 1282 1434 quoque

406 1443 502 1482 talis
525 1442 620 1484 fuit.
653 1444 779 1484 Coler.

458 1505 629 1556 Fraudi]
658 1508 829 1546 Damno
851 1512 925 1546 aut
943 1506 1213 1547 detrimento.

457 1569 573 1608 Ex'r.
620 1570 642 1621 ς
672 1574 693 1609 1
723 1569 933 1620 Erechteo]
972 1569 1043 1610 Ad
1072 1569 1195 1609 littus
1225 1570 1280 1610 E-

404 1633 639 1673 rechteum.
687 1632 902 1672 Oliverius
919 1632 1042 1685 legit,
1070 1633 1284 1685 Erythreo,

403 1697 431 1736 i.
452 1707 489 1735 e.
508 1696 636 1735 maris
664 1695 795 1747 rubri,
824 1708 908 1748 quo
941 1707 996 1736 an
1027 1696 1189 1748 appelli
1207 1708 1282 1748 po-

404 1759 506 1809 tuit,
523 1759 807 1810 videritipse.
837 1759 944 1800 Bad.

455 1822 650 1861 Proxima
666 1823 781 1861 undis
798 1823 933 1862 humus
944 1823 1154 1874 sepulturas
1173 1835 1281 1863 man·

401 1887 551 1936 datum,
585 1887 635 1924 ad
662 1887 732 1925 hoc
757 1889 907 1937 tempus
926 1888 1072 1926 tumulo
1089 1886 1280 1938 contigit]

401 1949 472 1989 Ita
490 1950 632 2000 vulgo.
680 1951 786 1989 Mss.
814 1950 913 1990 libri
939 1951 1028 1991 sic:
1066 1951 1281 1990 Proximus

400 2012 515 2052 undis
533 2013 663 2063 humo,
678 2014 745 2063 ὅγε.
774 2015 944 2054 tumulus
960 2014 1148 2065 contegit.
1167 2015 1280 2055 Rec-

401 2082 458 2116 te.
505 2077 672 2116 Tumuli
712 2089 890 2130 namque
919 2078 1030 2119 fiunt
1063 2078 1279 2118 memoriae

400 2152 547 2191 causa,
565 2141 689 2191 cujus
717 2146 762 2181 et
792 2141 969 2192 gloriam
995 2143 1169 2183 Graecia
1187 2142 1278 2181 lau-

401 2203 528 2244 dibus
549 2203 636 2243 suis
656 2205 905 2246 celebravit.
939 2205 1062 2256 Pigh.

453 2268 476 2318 ς
504 2269 530 2305 2
565 2265 855 2318 Vehementius]
902 2268 1000 2308 Hoc
1019 2268 1181 2307 dictum
1204 2279 1277 2307 ex-

398 2330 602 2382 emplum,
619 2331 717 2383 quia
743 2332 963 2384 sequentis
983 2332 1169 2385 exempli
1189 2344 1277 2371 mu-

397 2393 478 2432 lier
496 2393 604 2432 mori
624 2394 778 2435 noluit.

454 2457 767 2509 Consideratz'us]
812 2458 923 2499 Quia
943 2458 1191 2511 expectavit
1210 2470 1280 2499 oc·

397 2520 613 2560 casionem
634 2521 854 2562 vindictae.

456 2585 708 2638 Oriogontis]
750 2587 1005 2626 Frontinus:
1041 2585 1277 2638 ‘Oriagon-

399 2648 487 2699 tis,'
515 2649 669 2700 inquit,
686 2650 698 2671 ‘
717 2649 829 2700 regis
847 2661 956 2688 uxor
976 2661 1000 2687 a
1013 2649 1277 2688 Centurione

399 2717 595 2762 stuprum
615 2723 756 2762 passa,
777 2710 1039 2750 memorabili
1053 2709 1170 2750 facto
1188 2722 1278 2750 cus-

399 2775 561 2815 todiam
599 2774 750 2824 evasit,
788 2775 1087 2826 revulsumque
1131 2774 1275 2814 militis

398 2843 531 2889 caput
544 2837 598 2877 ad
620 2837 814 2877 maritum
836 2850 957 2877 suum
977 2837 1162 2878 detulit?
1193 2836 1278 2876 Au·

399 2907 468 2942 tor
487 2901 542 2941 de
561 2901 679 2940 Viris
697 2901 860 2940 Illustr.
879 2901 892 2922 ‘
911 2901 1033 2940 Inter
1053 2900 1279 2952 captivas,’

398 2965 553 3018 inquit,
590 2965 726 3004 ‘uxor
754 2965 868 3016 regis
899 2964 1147 3014 Oriagontis
1177 2976 1278 3004 cen·

398 3029 558 3070 turioni
585 3028 752 3069 cuidam
781 3028 825 3068 in
854 3027 1052 3067 custodia
1075 3027 1177 3067 data
1194 3033 1277 3078 est,

399 3105 427 3134 a
445 3104 530 3146 quo
549 3092 591 3133 vi
610 3097 822 3144 stuprata,
851 3092 905 3131 de
938 3091 1093 3143 injuria
1122 3091 1277 3139 tacuit,

398 3161 446 3196 et
464 3161 577 3208 post,
594 3156 827 3207 impetrata
847 3153 1161 3205 redemptione,
1191 3166 1276 3192 ma-

398 3221 484 3260 rito
504 3220 747 3260 adulterum
772 3216 1116 3258 interficiendum
1145 3217 1278 3257 tradi-

401 3283 493 3324 dit!
527 3284 675 3323 Oliver.

454 3347 507 3388 In
525 3359 637 3398 quem
653 3345 820 3386 consulis
827 3345 943 3394 jussu
959 3343 1151 3395 centurio]
1168 3343 1277 3384 Ver-

399 3412 458 3452 ba
489 3411 656 3452 consulis
673 3410 788 3460 J'ussu
805 3409 957 3449 falsum
978 3407 1146 3460 aliquod
1167 3408 1277 3458 glos-

402 3487 521 3514 sema
556 3479 636 3524 est,
681 3471 984 3523 manuscriptis
1022 3470 1132 3510 enim
1172 3470 1277 3510 meis

402 3538 538 3591 libris,
559 3538 747 3591 demptis
779 3535 1074 3580 Wincheliano
1092 3540 1136 3576 et
1155 3534 1278 3576 Colo·

1001 303 1177 342 NO'I'AE
1217 302 1549 344 VARIORUM
1591 304 1659 362 IN

1351 425 1507 473 mensi,
1553 424 1797 466 excluditur
1842 424 2055 478 omnibus,
2099 432 2228 480 atquc

1353 489 1481 536 etiam
1519 489 1706 529 historiae
1742 490 1930 530 Livianae
1965 491 2228 544 aliorumque

1353 552 1525 604 scriptis
1540 553 1805 593 adversatur.
1834 553 1960 603 Pigk.
2203 557 2205 559 ’

1408 615 1705 664 Consulisjussu
1722 616 1917 668 centurio]
1966 617 2124 668 Injussu
2139 615 2228 659 for-

1352 683 1465 718 tasse
1480 678 1630 717 melius
1649 690 1704 717 ex
1724 679 1860 719 Livio.
1900 679 2066 721 Gor-rad.

1406 740 1675 791 Necessarios]
1733 741 1958 783 Proximos
2009 743 2225 795 ,sanguine

1350 805 1554 844 mulieris.

1404 869 1427 919 ξ
1456 872 1479 908 3
1513 867 1791 918 Teutonorum]
1844 867 2005 909 Cimbri
2041 869 2227 910 Teutoni

1349 936 1395 972 et
1414 931 1527 971 Galli
1547 932 1752 982 Senones,
1773 930 1825 971 ab
1845 931 2051 971 extremis
2069 932 2225 972 Galliae

1348 993 1533 1047 profugi,
1562 1007 1658 1035 cum
1690 1002 1838 1035 terras
1855 1007 1999 1035 eorum
2027 994 2227 1036 inundas-

1348 1063 1416 1098 set
1436 1057 1651 1108 Oceanus,
1683 1070 1815 1097 novas
1846 1058 1969 1098 sedes
1997 1063 2090 1097 toto
2122 1057 2227 1098 orbe

1346 1122 1612 1175 quaerebant.
1642 1123 1817 1162 Exclusi
1836 1126 1882 1161 et
1901 1121 2045 1162 Gallia
2059 1126 2106 1161 et
2122 1121 2225 1162 His-

1346 1189 1491 1241 pania,
1526 1200 1622 1229 cum
1658 1188 1701 1227 in
1739 1188 1910 1227 Italiam
1932 1186 2231 1239 remigrarent,

1346 1258 1506 1292 terram
1526 1252 1581 1292 ad
1605 1252 1880 1292 habitandum
1901 1264 1927 1291 a
1954 1252 2117 1292 Senatu
2147 1262 2225 1303 po-

1346 1317 1531 1369 puloque
1551 1317 1741 1356 Romano
1756 1316 1990 1368 petierunt.
2035 1315 2132 1358 Qua
2151 1326 2224 1354 ne-

1346 1384 1461 1430 gata,
1507 1378 1621 1431 quod
1672 1378 1956 1430 nequiverunt
2008 1376 2226 1429 precibus,

1346 1442 1472 1482 armis
1492 1447 1643 1495 petere
1662 1442 1954 1492 constituunt;
1979 1441 2054 1500 sed
2074 1452 2223 1482 eorum

1344 1508 1524 1559 primum
1550 1507 1758 1559 impetum
1787 1506 1984 1558 Syllanus
2011 1505 2225 1546 sustinere

1344 1583 1428 1612 non
1450 1572 1606 1624 potuit,
1634 1583 1714 1612 nec
1747 1570 1983 1611 secundum
2018 1570 2226 1621 Manlius,

1342 1649 1423 1677 nec
1462 1637 1637 1677 tertium
1671 1635 1848 1688 Caepio:
1895 1646 2041 1674 omues
2084 1633 2225 1685 fugati

1343 1699 1547 1752 exutique
1567 1698 1719 1738 castris
1744 1703 1858 1748 sunt,
1876 1702 2103 1750 actumque
2121 1692 2224 1737 fuis·

1344 1768 1412 1803 set
1431 1762 1482 1801 de
1519 1762 1696 1814 imperio
1731 1761 1938 1811 Romano,
1961 1759 2039 1799 nisi
2059 1759 2224 1799 Marius

1343 1826 1415 1866 illo
1435 1826 1594 1866 saeculo
1614 1824 1883 1877 contigisset,
1905 1823 2074 1876 quinon
2093 1834 2222 1863 ansus

1344 1889 1562 1941 congredi,
1598 1888 1743 1930 statim
1781 1888 1956 1927 militem
2001 1887 2141 1927 tenuit
2176 1886 2223 1926 in

1343 1955 1513 2005 castris,
1532 1954 1666 1993 donec
1686 1952 1850 1992 invicta
1869 1952 2007 1992 rabies
2023 1959 2068 1991 et
2086 1951 2222 2003 impe·-

1342 2022 1426 2069 tus,
1444 2029 1570 2071 quem
1591 2029 1670 2069 pro
1688 2016 1848 2055 virtute
1862 2014 2031 2055 barbari
2047 2014 2223 2066 habent,

1342 2085 1686 2131 consenesceret,
1719 2092 1802 2132 quo
1834 2078 1950 2118 sacto
1980 2079 2074 2118 illos
2092 2077 2223 2118 facile

1343 2145 1573 2196 superavit·
1627 2143 1740 2184 Nam
1776 2154 1871 2182 cum
1905 2140 2126 2193 tripertito
2153 2153 2226 2192 ag·

1341 2209 1456 2249 mine
1473 2209 1537 2247 illi
1555 2219 1633 2260 per
1652 2206 1786 2258 Alpes
1805 2205 2036 2256 ferrentur,
2055 2204 2222 2244 Marius

1342 2273 1448 2312 mira
1467 2271 1693 2312 celeritate
1712 2269 1931 2321 occupatis
1957 2267 2222 2320 compendiis

1342 2336 1555 2388 praevenit
1581 2335 1766 2386 hostem,
1794 2334 2042 2386 prioresque
2063 2333 2225 2373 Teuto-

1340 2412 1417 2439 nas
1439 2410 1664 2452 aggressus
1693 2403 1777 2448 est,
1807 2408 1906 2436 cnm
1929 2394 2083 2448 quibus
2100 2400 2223 2435 tauto

1342 2462 1498 2503 ardore
1532 2466 1772 2514 pugnatum
1805 2465 1886 2510 est,
1913 2465 1963 2498 ut
1992 2470 2047 2497 ea
2079 2457 2222 2498 caedes

1341 2524 1527 2565 bostium
1561 2523 1693 2574 magis
1730 2521 1879 2572 fuerit,
1909 2533 2035 2574 qnam
2065 2531 2224 2572 pugna,

1340 2592 1387 2627 et
1418 2587 1557 2627 victor
1594 2587 1809 2626 Romanus
1845 2596 1900 2625 ex
1934 2588 2113 2624 cruento
2143 2581 2223 2623 flu-

1340 2650 1454 2690 mine
1483 2662 1567 2690 non
1605 2650 1702 2701 plus
1740 2660 1860 2699 aquae
1902 2646 2063 2686 biberit
2094 2656 2221 2698 quam

1341 2713 1574 2765 sanguinis.
1630 2710 1821 2751 Sublatis
1848 2708 2040 2749 funditus
2059 2709 2220 2747 Teuto-

1341 2777 1464 2828 nicis,
1477 2775 1521 2814 in
1536 2774 1730 2815 Cimbros
1751 2772 2032 2822 convertitur,
2049 2770 2123 2810 sed
2139 2782 2226 2811 non

1338 2839 1477 2880 minor
1494 2851 1590 2878 cum
1619 2837 1826 2878 uxoribus
1860 2836 2028 2875 illorum
2058 2845 2220 2886 pugna,

1339 2916 1468 2957 quam
1500 2914 1595 2943 cum
1634 2902 1739 2954 ipsis
1774 2900 1872 2951 fuit,
1907 2911 2005 2939 cum
2036 2898 2220 2951 objectis

1339 2965 1527 3018 undique
1575 2964 1777 3016 plaustris
1823 2968 1954 3016 atque
2001 2961 2221 3014 carpentis

1339 3030 1427 3069 alte
1440 3029 1625 3079 desuper
1643 3027 1764 3080 quasi
1781 3027 1834 3067 de
1850 3025 2037 3066 turribus
2055 3024 2219 3065 lanceis

1340 3092 1563 3143 contisque
1595 3095 1850 3144 pugnarent.
1908 3086 2100 3128 Proinde
2124 3087 2219 3138 plus

1341 3155 1534 3206 speciosa
1552 3165 1665 3194 mors
1685 3164 1829 3192 earum
1849 3150 1948 3200 fuit,
1967 3160 2094 3202 quam
2113 3160 2221 3200 pug-

1341 3229 1408 3256 na.
1466 3217 1578 3256 Nam
1607 3228 1703 3256 cnm
1733 3215 1863 3254 missa
1882 3213 1936 3253 ad
1956 3211 2140 3252 Marium
2161 3213 2220 3252 le·

1342 3280 1517 3331 gatione
1550 3278 1795 3318 libertatem
1839 3287 1890 3316 ac
1933 3273 2219 3315 sacerdotium

1341 3354 1425 3381 non
1446 3342 1761 3392 impetrassent,
1782 3350 1879 3378 nam
1898 3349 1944 3378 se
1959 3341 2006 3377 ut
2017 3336 2225 3390 Vestales

1340 3405 1527 3457 virgines
1558 3403 1808 3455 pudicitiam
1835 3407 2049 3454 perpetuo
2075 3412 2220 3441 serva-

1339 3475 1458 3510 turas
1485 3467 1819 3520 profitebantur,
1851 3463 2066 3505 suffocatis
2084 3463 2220 3505 elisis-

1339 3543 1423 3587 que
1442 3531 1599 3585 passim
1617 3528 1856 3571 infantibus
1889 3529 1995 3580 suis,
2024 3532 2101 3569 aut
2128 3538 2218 3568 mu-
