2332 4036
561 271 819 312 vAnnssn
863 268 1106 308 MAX1M1
1151 269 1271 308 Lm.
1314 269 1353 305 ι.
1393 252 1610 306 exal.

176 393 268 436 tos.’
325 394 413 434 mn
457 388 669 441 hodieque
701 390 948 438 serpentem
981 385 1054 425 de-

171 463 293 498 notat
321 453 538 503 Hebraeis,
568 451 652 491 nisi
685 451 828 502 potius
857 449 901 488 in
922 448 1056 488 Ham·

170 521 306 561 monis
325 518 486 559 familia
499 517 580 557 Put
594 519 662 556 est
676 494 835 566 Affollo
851 512 1053 565 Pythius.

171 584 221 624 L.
234 582 485 635 Ampelius:
515 578 763 631 ‘Apollines
798 581 900 616 sunt
932 576 1053 628 quin-

173 659 270 700 que,
297 649 380 687 &c.
433 645 620 688 Quintus
638 641 856 682 Ammonis
873 641 985 681 filius
1009 641 1053 680 in

171 709 314 761 Libya
332 707 489 749 natus!
519 707 639 759 Thys.

223 774 418 827 Delphos]
453 772 568 814 Vide
600 782 729 824 supra
761 770 816 811 ad
853 770 1053 823 Exempl.

173 841 239 879 18.

226 903 248 954 §
267 906 290 941 5
321 900 498 951 Milesia,
514 898 605 952 δῖα]
633 899 731 939 Hoc
745 898 987 949 exemplum
1008 901 1054 937 et

171 966 307 1005 multa
325 964 549 1017 sequentia
575 963 618 1002 in
649 961 796 1013 paucis
831 960 1052 1001 volumini-

170 1030 249 1071 bus
269 1029 603 1081 comperiuntur.
630 1026 798 1067 Badius.

224 1092 385 1143 Mileto]
428 1092 605 1132 Miletos
642 1102 718 1129 seu
744 1087 924 1128 Miletus
951 1087 1052 1128 urbs

168 1162 237 1196 est
260 1155 492 1195 clarissima
508 1154 551 1193 in
571 1153 728 1193 finibus
747 1151 883 1192 Ioniae
904 1157 949 1191 et
973 1152 1052 1192 Ca-

169 1218 248 1259 riae
268 1217 417 1259 lanitio
429 1217 671 1258 nobilitata.
718 1215 846 1255 Unde
860 1215 1052 1255 AElianus

169 1288 215 1322 et
234 1282 354 1322 Mela
373 1281 416 1320 in
451 1280 573 1321 Ionia
605 1292 696 1320 eam
729 1283 911 1331 ponunt.
966 1277 1054 1318 Sed

170 1356 291 1385 error
320 1344 422 1384 inde
453 1349 596 1395 natus,
616 1342 730 1394 quod
752 1340 877 1381 modo
899 1341 1065 1392 Caria‘,

170 1407 298 1448 modo
315 1407 450 1447 Ioniae
482 1405 582 1446 urbs
614 1405 795 1450 dicatur,
823 1403 924 1456 quia
956 1416 1053 1443 cum

170 1469 300 1510 Iones
329 1470 461 1510 Cares
489 1469 577 1508 suis
595 1468 750 1508 finibus
770 1468 1054 1520 expulissent,

172 1533 312 1573 Cariae
343 1533 470 1572 urbes
501 1532 662 1575 Ionicae
684 1532 917 1583 appellatae
939 1537 1051 1571 sunt.

168 1598 274 1649 Ejsm
292 1597 488 1638 conditor
507 1596 668 1636 dicitur
690 1595 826 1635 fuisse
855 1595 1055 1646 Miletus,

166 1660 374 1700 Euxantii
393 1659 844 1712 Mycenisssfilius,‚vel,
873 1665 921 1699 ut
949 1659 1054 1700 Ovi·

167 1725 262 1764 dius
275 1723 505 1775 fabulatur,
533 1724 659 1774 Solis,
676 1727 722 1763 et
743 1724 952 1775 Deiones,
981 1723 1053 1775 qui

168 1786 362 1827 Minoem
381 1785 563 1839 fugiens,
585 1798 630 1826 se
651 1786 694 1825 in
715 1787 887 1826 Samum
905 1793 1054 1826 contu-

166 1850 234 1900 lit,
255 1851 324 1890 ubi
347 1850 492 1890 urbem
509 1850 726 1899 Miletum,
745 1862 843 1890 mox
859 1850 1053 1901 ejusdem

167 1914 350 1953 nominis
383 1914 426 1953 in
459 1914 587 1954 Ca'ria
624 1913 835 1965 condidit,
874 1927 968 1966 quae
1010 1920 1054 1953 et

169 1977 406 2017 Anactoria
427 1977 659 2029 appellata.
724 1978 873 2017 Testes
901 1978 1055 2018 Eusta-

170 2040 283 2080 thius
305 2047 351 2080 et
369 2040 588 2092 interpres
612 2039 844 2093 Apollonii.
898 2041 1054 2081 Strabo

168 2109 310 2143 tannen
337 2103 412 2145 lib.
427 2115 513 2146 xn.
530 2117 555 2144 a
574 2104 823 2156 Sarpedone
835 2105 1054 2145 conditam

169 2167 360 2209 tradidit.
414 2168 516 2209 Fuit
549 2168 618 2209 hic
647 2169 987 2209 Branchidarum
1008 2176 1054 2209 et

166 2238 320 2285 postea
336 2232 551 2285 Apollinis
571 2233 788 2286 Didymaei
818 2235 1051 2286 oraculum,

165 2298 529 2350 Coloniaruinqiie
560 2298 711 2338 eadem
741 2297 824 2338 fuit
849 2297 1053 2339 foecunda

168 2365 322 2400 mater.
355 2360 532 2412 Thysius.

222 2423 403 2464 Flamma
422 2424 589 2475 objecta]
621 2424 740 2465 Nihil
761 2424 876 2464 enim
909 2424 1052 2465 effica-

167 2486 259 2538 cius
295 2486 403 2527 facit
439 2488 494 2527 ad
532 2489 885 2535 excaecationem,
924 2502 1052 2542 quam

167 2550 323 2590 nimius
354 2549 497 2602 fulgor
528 2563 582 2591 ex
602 2551 842 2603 objectione
860 2550 1051 2593 flamma-

167 2625 258 2653 rum
280 2613 323 2652 in
347 2613 513 2654 tabulas
532 2626 686 2655 aeneas.
716 2615 890 2656 Badius.

221 2678 289 2728 §6
319 2677 451 2717 Persoe
478 2677 586 2718 mille
612 2679 771 2719 navium
789 2680 966 2731 numero]
999 2679 1051 2720 In

167 2740 418 2793 quibusdam
471 2743 785 2793 exemplaribus
830 2743 923 2783 liaec
966 2738 1051 2783 duo

168 2806 365 2858 exempla
385 2805 441 2846 dc
462 2806 608 2846 Persis
628 2814 758 2859 atque
777 2806 1051 2859 Atheniensi-

167 2868 248 2908 bus
294 2881 378 2909 non
425 2871 714 2922 reperiuntur,
762 2873 806 2910 in
841 2872 1050 2911 nonnullis

167 2944 335 2985 quoque
368 2934 543 2974 tertium
565 2934 620 2974 de
648 2934 936 2976 Diomedonte
965 2948 1049 2975 non

164 2994 360 3036 habetur.
391 2997 577 3047 Pighius.
977 3012 980 3015 ’

220 3059 372 3110 Persoe,
385 3059 472 3111 ξω]
488 3058 628 3100 Affert
644 3061 888 3112 exemplum
906 3061 1049 3113 potius

168 3130 352 3164 servatae
386 3136 513 3175 quam
556 3125 766 3177 neglectae
813 3127 1049 3178 religionis.

169 3187 282 3227 Nam
324 3186 378 3226 de
418 3189 617 3239 neglecta
659 3189 864 3241 religione
907 3192 1049 3232 verius

167 3257 282 3291 esset
299 3252 558 3303 exemplum,
572 3253 684 3305 quod
703 3252 758 3292 de
774 3253 926 3294 iisdem
945 3255 1050 3295 Per·

169 3316 226 3355 sis
245 3316 402 3356 recitat
421 3316 657 3356 Sabellicus
687 3317 880 3358 Ennead.
900 3318 973 3359 lib.
994 3332 1048 3360 11.

167 3379 346 3430 quicum
363 3380 621 3431 Delphicum
640 3382 848 3432 templum
866 3384 1050 3434 spoliare

168 3447 419 3492 tentassent,
448 3441 695 3484 fulminibus
730 3450 775 3485 et
805 3445 922 3486 foeda
941 3453 1049 3488 tem-

167 3511 354 3565 pestate,
387 3513 433 3548 et
479 3508 657 3549 duorum
703 3512 977 3563 scopulorum
1026 3526 1050 3553 e

1898 251 2005 304 935

1122 384 1327 425 Parnassi
1347 383 1512 424 vertice
1533 380 1677 421 subito
1691 390 1811 430 casu,
1831 379 1885 419 ad
1905 391 2006 432 qua-

1121 453 1219 487 tuor
1237 447 1371 488 millia
1386 444 1530 486 obruti
1549 448 1663 484 sunt.
1691 443 1862 483 Badius.

1174 516 1196 567 ξ
1216 518 1240 554 8
1274 515 1389 554 Mille
1406 512 1562 552 navium
1580 511 1757 562 numero]
1786 511 1868 550 Tot
1894 510 2009 549 enim

1119 578 1258 619 Xerxi
1302 577 1438 617 fuisse
1471 576 1692 626 AEschylus
1732 580 1799 614 est
1842 574 2010 624 author,

1118 655 1213 683 cum
1234 648 1409 681 centum
1430 639 1650 692 octoginta
1670 636 1842 678 Atticas
1875 649 2008 677 naves

1118 710 1266 746 contra
1282 704 1377 743 illas
1397 703 1566 743 stetisse
1586 701 1723 743 dicat.
1752 700 1878 740 Idem.

1170 767 1338 818 Delum]
1372 766 1426 806 Id
1465 771 1545 816 est,
1577 764 1631 804 ad
1669 776 1762 804 earn
1800 763 2006 813 insulam,

1117 846 1211 885 quae
1232 830 1375 884 patria
1394 828 1610 880 Apollinis
1645 834 1688 868 et
1718 828 1872 868 Dianae
1903 827 2008 866 dici—

1119 902 1203 946 tnr,
1231 902 1275 934 et
1309 894 1382 933 ubi
1414 892 1578 943 insigne
1608 890 1763 931 habuit
1797 891 2008 943 templum

1116 957 1303 999 oraculis
1322 958 1501 997 clarum.
1531 955 1656 996 Idem.
1810 983 1812 985 v

1170 1023 1192 1073 ᾧ
1222 1025 1246 1061 7
1303 1019 1545 1071 Diagoram]
1598 1019 1884 1071 Philosophus
1935 1019 2005 1059 hic

1115 1087 1244 1137 vulgo
1277 1082 1400 1133 ἄθεος,
1427 1083 1469 1122 id
1501 1087 1584 1134 est,
1612 1084 1698 1122 sine
1726 1083 1829 1132 Deo,
1862 1083 2008 1122 dictus

1117 1157 1199 1198 est,
1231 1162 1282 1190 eo
1299 1148 1413 1201 quod
1431 1149 1546 1188 Deos
1561 1149 1750 1200 negavit,
1772 1153 1818 1188 et
1838 1160 2008 1187 omnem

1117 1216 1310 1255 Deorum
1340 1224 1493 1264 opem:
1526 1211 1614 1264 qui,
1645 1217 1691 1251 ut
1713 1212 1801 1252 Cic.
1823 1211 1878 1251 de
1901 1211 2007 1251 Nat.

1116 1280 1247 1318 Deor.
1278 1277 1353 1318 lib.
1374 1287 1446 1316 111.
1476 1275 1596 1327 dicit,
1633 1288 1730 1315 cum
1763 1275 2008 1314 Samothra-

1117 1344 1227 1383 ciam
1250 1340 1458 1386 venisset,
1478 1346 1609 1390 atque
1635 1339 1675 1379 ei
1708 1339 1880 1392 quidam
1908 1339 2010 1378 ami-

1118 1418 1194 1446 cus
1224 1404 1422 1453 dixisset,
1451 1403 1515 1442 Tu
1543 1403 1616 1455 qui
1640 1403 1757 1442 Deos
1778 1409 1904 1454 putas
1932 1403 2011 1443 hu-

1117 1481 1243 1508 mana
1266 1467 1501 1518 negligere,
1531 1478 1673 1506 nonne
1702 1467 2009 1507 animadvertis

1117 1545 1168 1572 ex
1193 1537 1258 1571 tot
1279 1531 1437 1570 tabulis
1454 1530 1597 1581 pictis,
1624 1530 1736 1582 quod
1756 1531 1878 1570 multi
1897 1531 2007 1571 votis

1117 1596 1198 1634 vim
1241 1594 1518 1645 tempestatis
1553 1592 1801 1646 effugerint,
1827 1595 1871 1634 in
1903 1608 1999 1648 por-

1117 1664 1295 1711 tumque
1333 1658 1440 1697 salvi
1479 1658 1790 1709 pervenerint?
1829 1658 1900 1699 Ita
1930 1660 2000 1712 sit,

1117 1724 1269 1776 inquit.
1306 1722 1377 1762 Illi
1399 1723 1510 1762 enim
1533 1735 1748 1776 nunquam
1766 1724 1873 1775 picti
1890 1730 2006 1775 sunt,

1117 1789 1189 1841 qui
1220 1785 1442 1838 naufragia
1475 1786 1688 1838 fecerunt,
1730 1787 1773 1826 in
1813 1788 2007 1840 marique

1118 1852 1353 1903 perierunt.
1428 1851 1567 1892 Quasi
1605 1851 1783 1902 diceret,
1824 1863 1897 1891 eos
1934 1851 2008 1904 qui

1117 1915 1222 1955 salvi
1239 1920 1481 1960 evaserant,
1497 1915 1627 1954 etiam
1641 1927 1843 1955 evasuros
1856 1914 2008 1965 fuisse,

1118 1980 1291 2019 tametsi
1321 1979 1438 2019 nulla
1456 1986 1781 2031 nuncupassent
1802 1986 1930 2029 vota3
1962 1986 2008 2019 at

1118 2044 1188 2095 qui
1206 2044 1439 2095 perierant,
1453 2043 1559 2083 licet
1576 2055 1676 2083 vero
1694 2043 1833 2082 simile
1849 2043 2007 2083 sitnon

1117 2108 1279 2148 minora
1297 2119 1581 2158 nuncupasse,
1601 2119 1685 2146 non
1705 2107 1843 2146 minus
1861 2111 2007 2146 tamen
2039 2149 2044 2157 Δ

1116 2171 1310 2222 periisse.
1369 2171 1497 2210 Unde
1519 2183 1573 2210 ex
1592 2171 1654 2210 bis
1675 2171 1744 2223 qui
1766 2171 2006 2222 perierant,

1116 2236 1258 2287 potius
1305 2235 1602 2287 concluderet,
1642 2241 1717 2276 aut
1762 2237 1885 2276 Deos
1922 2248 2008 2275 non

1115 2311 1231 2350 esse,
1260 2305 1335 2339 aut
1355 2311 1481 2351 opem
1504 2301 1660 2340 nullam
1680 2300 1814 2340 ferre.

1169 2363 1395 2413 Diagoram
1406 2363 1696 2415 philosophum]
1720 2364 1893 2413 Cicero,
1908 2364 2004 2404 Sui-

1116 2427 1207 2474 das,
1239 2427 1444 2468 AElianus.
1504 2427 1635 2468 Hunc
1665 2434 1711 2468 et
1737 2429 1843 2468 alios
1863 2427 2000 2478 θεομά-

1113 2505 1256 2542 στιγας
1303 2491 1518 2542 defendit,
1575 2493 1775 2534 Justinus
1828 2494 2001 2546 Martyr

1112 2556 1300 2608 Apolog.
1323 2567 1375 2596 11.
1395 2562 1440 2596 et
1460 2557 1661 2596 Clemens
1685 2557 2004 2598 Alexandrinus

1113 2621 1382 2673 Protreptic.
1411 2621 1624 2662 Minutins
1651 2623 1788 2663 Felix.
1822 2623 1951 2663 Coler.

1165 2684 1385 2736 Socratem]
1416 2685 1636 2737 Socrates,
1662 2691 1772 2726 teste
1795 2686 2004 2727 Cicerone

1112 2748 1156 2788 in
1188 2749 1367 2800 prologo
1383 2748 1522 2801 quinti
1543 2750 1714 2790 Tuscul.
1749 2750 1825 2791 lib.
1856 2750 2004 2790 Philo-

1111 2812 1304 2864 sophiam
1321 2814 1522 2853 evocavit
1542 2826 1565 2853 e
1586 2815 1714 2865 coslo,
1741 2821 1787 2855 et
1811 2815 1855 2854 in
1886 2816 2004 2855 urbi-

1112 2875 1189 2916 bus
1209 2877 1453 2924 collocavit,
1486 2877 1718 2930 domosque
1744 2878 2001 2930 introduxit,

1112 2945 1157 2980 et
1172 2939 1306 2991 coepit
1324 2939 1380 2979 de
1401 2941 1489 2979 vita
1510 2947 1554 2980 et
1572 2941 1778 2991 moribus,
1793 2943 2005 2995 rebusque

1111 3002 1234 3043 bonis
1254 3009 1299 3044 et
1320 3004 1440 3044 malis
1456 3017 1679 3057 quaerere3
1708 3006 2003 3058 quamobrem,

1113 3074 1162 3107 ut
1191 3068 1366 3118 scripsit
1398 3069 1582 3117 Solinus,
1613 3081 1696 3109 non
1730 3070 1865 3109 solum
1902 3082 2002 3110 con-

1113 3145 1242 3173 sensu
1256 3134 1489 3186 hominum,
1509 3146 1658 3173 verum
1676 3135 1805 3174 etiam
1827 3136 2002 3174 oraculo

1113 3195 1327 3248 Apollinis
1357 3196 1443 3237 fuit
1469 3197 2001 3249 sapientissimusjudica-

1114 3267 1211 3300 tus:
1234 3252 1448 3301 immerito
1469 3260 1554 3300 fuit
1574 3261 1627 3300 ab
1646 3261 1804 3311 Anyto,
1828 3260 2001 3300 bomine

1114 3324 1249 3365 divite
1270 3331 1315 3365 et
1334 3324 1536 3375 factioso,
1555 3331 1598 3363 et
1615 3338 1639 3364 a
1652 3324 1808 3363 Melito
1825 3336 2003 3365 accusa-

1114 3394 1199 3440 tuS,
1239 3395 1284 3428 et
1325 3401 1402 3440 per
1435 3388 1765 3438 Aristophanem
1814 3388 1999 3429 Poetam

1114 3451 1390 3491 Comicumin
1413 3450 1650 3499 Comoedia,
1680 3463 1784 3502 quas
1807 3452 1999 3492 Nebulas

1114 3514 1350 3566 inscripsit,
1379 3512 1485 3554 falso
1506 3513 1769 3566 criminatus,
1790 3515 1903 3568 quod
1926 3528 1998 3555 ne-
