2346 3996
582 277 840 318 vALERu
883 276 1124 316 MAxnui
1170 279 1288 317 [ΑΒ.
1326 279 1408 317 vi.
1449 280 1582 318 cAP.
1608 266 1661 319 9.

209 401 472 441 averterunt.
502 395 669 438 Quibus
689 396 817 437 rebus
831 394 992 436 factum
1006 400 1088 445 est,

210 470 260 504 ut
278 460 606 510 Lacedaemonii,
626 461 711 500 vim
737 466 905 500 tantum
926 459 1086 511 ingenii

207 532 468 576 metuentes,
487 526 538 564 de
558 524 858 565 interficiendo
880 525 970 565 viro
989 536 1088 564 con-

207 592 415 630 sulerent.
473 588 556 628 llle
593 588 645 627 ad
666 588 957 629 Tissafernem
977 588 1088 638 regis

206 651 457 706 praefectum
476 663 522 691 se
541 652 742 702 contulit,
761 652 830 704 cuj
839 665 885 692 us
919 652 962 691 in
990 651 1090 691 ami-

204 716 351 759 citiam
370 715 566 756 intimam
586 715 707 756 brevi
723 721 917 768 tempore
937 728 1088 768 perve-

204 781 284 822 nit.
331 780 440 820 Cum
459 779 673 819 Pisandro
694 786 882 831 praetore
904 779 1087 832 primum

203 855 283 896 per
301 843 512 896 colloquia
544 843 598 883 de
633 843 776 883 reditu
812 856 888 884 suo
908 843 1088 884 mentio·

200 920 299 949 nem
309 906 429 958 fecit,
441 908 599 948 deinde
616 908 882 962 Thrasybulo
894 907 1087 948 faciente

205 972 259 1012 ab
279 972 472 1012 exercitu
508 972 731 1024 recipitur,
759 977 1004 1023 praetorque
1037 969 1087 1010 fit

203 1035 316 1087 apud
335 1035 519 1075 Samum.
565 1035 673 1074 Post
692 1033 959 1086 suffragante
978 1035 1086 1074 The-

199 1110 373 1139 ramene
392 1098 616 1150 plebiscito
630 1098 892 1148 restituitur,
909 1099 1086 1152 parique

200 1160 358 1200 absens
375 1161 555 1212 imperio
573 1160 810 1213 praeficitur
832 1174 929 1202 cum
949 1162 988 1201 T
990 1162 1086 1201 hra-

200 1224 353 1277 sybulo
372 1230 417 1265 et
447 1226 732 1276 Theramene,
774 1226 846 1278 qui
879 1226 1084 1266 Lacedae·

201 1285 366 1329 monios
405 1289 532 1340 paulo
567 1294 665 1328 ante
704 1289 892 1329 victores
930 1301 1083 1341 pacem

197 1357 350 1405 petere
370 1352 626 1404 coegerunt:
658 1353 888 1393 redeuntes
919 1354 1084 1406 magnis

198 1417 328 1457 rebus
349 1417 480 1469 gestis
500 1430 526 1457 a
544 1429 648 1469 pop.
669 1417 950 1469 excipiuntur
970 1429 1086 1468 mag-

192 1493 253 1521 na
265 1480 443 1531 laetitia3
464 1481 597 1521 sedin
614 1480 888 1521 Alcibiadem
909 1493 1084 1521 conver-

196 1550 347 1585 tuntur
384 1557 548 1595 omnes,
582 1557 676 1585 eum
712 1546 951 1597 intuentur,
990 1547 1082 1588 lau-

196 1609 316 1662 dant,
331 1610 619 1660 admirantur3
640 1610 763 1650 bonis
785 1610 996 1650 restitutis
1017 1623 1082 1650 re-

195 1673 331 1715 secari
343 1673 556 1726 jubentur
573 1674 686 1726 pilae,
706 1674 749 1713 in
770 1673 923 1726 quibus
953 1675 1081 1714 devo-

197 1737 258 1778 tio
295 1738 499 1790 inscripta
527 1736 682 1789 fuerat,
721 1743 764 1778 et
795 1751 848 1779 ea
879 1739 923 1778 in
961 1751 1080 1779 mare

194 1801 496 1854 praecipitatur
513 1802 617 1851 {sed
638 1802 730 1842 haec
744 1801 983 1843 Alcibiadis
1005 1805 1079 1843 lae-

195 1865 292 1906 titia
310 1865 450 1906 minus
485 1865 692 1906 diuturna
712 1865 821 1906 fnit:
852 1879 951 1906 narn
982 1879 1079 1908 cum

194 1928 464 1981 Thrasybulo
496 1937 543 1970 et
571 1929 822 1982 Adimanto,
853 1944 959 1983 quos
993 1932 1079 1972 col-

194 1992 313 2045 legas
334 1996 512 2033 sortitus
541 1999 648 2042 erat,
683 1994 821 2034 classe
859 1995 901 2034 in
936 1994 1078 2035 Asiam

192 2055 430 2108 profectus,
450 2056 562 2109 quod
585 2057 702 2109 apud
739 2059 904 2109 Cymen
940 2058 1077 2098 minus

194 2133 252 2161 ex
278 2122 493 2162 sententia
513 2134 602 2161 rem
625 2126 832 2173 gesserat,
863 2122 907 2161 in
927 2122 1078 2162 invidi-

195 2197 262 2225 am
282 2185 455 2225 recidit.
510 2183 690 2224 Absenti
724 2197 826 2237 ergo
854 2186 1078 2236 magistra-

194 2253 264 2288 tus
296 2247 539 2297 abrogatur.
597 2248 679 2287 Ille
715 2249 906 2289 castellis
940 2249 1076 2290 tribus

193 2310 464 2354 communitis
504 2310 736 2351 Thraciam
781 2312 996 2363 introivit,
1033 2319 1079 2354 et

184 2373 279 2425 jam
299 2372 460 2425 praeda,
473 2373 564 2425 jam
583 2374 783 2414 amicitiis
798 2387 946 2427 regum
963 2389 1072 2428 mag·

190 2449 271 2476 nus
293 2436 408 2488 apud
425 2449 498 2476 eos
519 2435 679 2487 factus,
698 2438 881 2478 Philocli
901 2441 1078 2491 praetori

190 2499 515 2541 Atheniensium
535 2501 780 2552 pollicetur,
797 2504 906 2552 se,si
930 2504 1074 2555 vellet,

191 2567 442 2603 coacturum
473 2563 739 2616 Lysandrum
762 2564 983 2615 dimicare,
1003 2567 1076 2619 qui

141 2624 147 2633 “
190 2626 349 2667 bellum
367 2627 564 2667 consulto
586 2628 801 2669 trahebat.
846 2630 1076 2683 Philocles,

188 2690 334 2741 gloriae
354 2703 440 2730 suae
459 2691 602 2743 potius
623 2703 749 2744 quam
768 2693 896 2732 saluti
920 2695 1074 2745 patriae

188 2755 434 2806 consulens,
479 2756 698 2807 postulata
734 2756 880 2796 facere
921 2758 1073 2798 noluit.

187 2817 429 2858 Discedens
455 2819 586 2869 igitur
604 2818 872 2871 Alcibiades,
896 2823 1076 2873 monuit,

191 2891 246 2921 ne
255 2881 385 2932 juxta
402 2882 566 2922 hostem
587 2889 731 2922 castra
749 2885 923 2924 nautica
946 2885 1073 2925 habe-

189 2950 272 2995 ret,
285 2956 340 2983 ne
359 2944 630 2986 immodestia
649 2947 830 2986 militum
849 2948 1072 2999 Lysandro

187 3007 406 3061 pugnandi
425 3009 596 3049 occasio
614 3009 809 3050 daretur.
851 3012 978 3052 Quod
999 3012 1071 3052 ille

186 3070 419 3122 negligens,
439 3072 567 3123 paulo
589 3077 686 3123 post
714 3073 949 3114 exercitum
970 3076 1070 3115 ami-

189 3133 258 3174 sit.
299 3135 442 3174 Victis
462 3134 799 3175 Atheniensibus
822 3135 1070 3178 Alcibiades

186 3207 231 3237 se
249 3209 379 3249 supra
407 3198 715 3249 Propontidem
753 3199 923 3250 penitus
952 3200 1070 3240 abdi-

186 3259 252 3300 dit
266 3259 307 3299 in
320 3260 558 3301 Thraciam.
577 3261 781 3312 Thraces,
794 3262 962 3302 insidiis
978 3262 1066 3304 fac-

187 3323 261 3372 tis,
280 3323 396 3363 illum
417 3324 589 3377 quidem
611 3337 767 3378 capere
796 3338 881 3367 non
914 3334 1066 3379 potue-

186 3390 310 3434 ruut;
329 3398 379 3426 ea
399 3399 497 3427 vero
517 3401 611 3440 quae
633 3395 959 3442 apportaverat,
973 3392 1066 3432 abs-

187 3448 392 3488 tulerunt.
447 3449 528 3489 lne
561 3451 615 3491 ad
649 3452 981 3493 Pharnabazum
1022 3455 1065 3494 in

187 3508 334 3556 Asiam
355 3512 537 3566 transiit,
555 3514 626 3568 qui
648 3516 686 3555 ei
706 3516 918 3568 Grynium
943 3517 1065 3561 dedit

1899 268 2040 322 1247

1154 396 1198 435 in
1218 397 1410 449 PhrygIa
1426 403 1628 448 castrum,
1655 409 1709 438 ex
1730 409 1814 451 quo
1833 398 2042 451 quinqua·

1153 461 1275 510 ginta
1295 463 1460 502 talenta
1474 462 1700 513 vectigalis
1715 461 1918 514 capiebat
1934 476 1946 511 ;
1969 463 2040 514 qui

1152 537 1235 563 non
1256 526 1426 577 patiens
1460 527 1598 566 victas
1632 525 1826 566 Athenas
1857 525 2038 576 servire,

1153 600 1248 630 cnm
1285 589 1517 628 amicitiam
1539 589 1654 642 regis
1674 593 1922 641 appeteret,
1942 600 2038 639 gra-

1153 650 1255 690 tiam
1277 663 1373 691 cum
1396 652 1469 692 illo
1492 665 1538 694 se
1560 654 1766 693 initurum
1789 651 1981 701 videbat,
2003 651 2039 690 si

1152 712 1399 765 aperuisset
1420 716 1579 766 Cyrum
1598 714 1782 755 fratrem
1817 715 1858 754 ei
1878 713 2039 754 bellum

1152 787 1324 828 parare,
1383 778 1724 819 Lacedaemoniis
1766 778 2041 833 juvantibus.

1152 840 1277 881 Quod
1310 853 1407 880 cum
1427 841 1576 882 facere
1605 843 1845 893 moliretur,
1877 841 2037 882 Critias

1152 904 1384 956 caeterique
1405 903 1734 945 Atheniensium
1761 905 1932 956 tyranni
1954 905 2036 956 Ly-

1150 967 1306 1006 sandro
1326 967 1551 1019 miserunt,
1579 968 1611 1007 si
1649 980 1746 1008 suas
1768 980 1835 1008 res
1856 968 2038 1007 Athenis

1150 1031 1413 1072 constitutas
1452 1043 1626 1071 manere
1661 1031 1807 1081 vellet,
1848 1030 2037 1070 Alcibia—

1150 1095 1249 1135 dem
1288 1096 1480 1136 tolleret.
1549 1095 1675 1138 Quod
1710 1095 1839 1135 etiam
1876 1094 2037 1135 factum

1150 1165 1232 1210 est,
1260 1166 1310 1200 ut
1338 1159 1524 1200 diximus
1556 1160 1600 1199 in
1634 1171 1729 1211 cap.
1751 1158 1804 1198 de
1836 1158 2036 1198 Somniis.

1152 1225 1252 1264 Fuit
1271 1230 1415 1264 autem
1437 1223 1702 1275 Alcibiades,
1733 1229 1845 1262 teste
1878 1222 2039 1273 Probo,

1149 1287 1336 1330 omnium
1358 1288 1500 1328 aetatis
1519 1300 1606 1328 suae
1626 1287 1763 1327 multo
1783 1286 2039 1327 formosissi-

1149 1365 1256 1403 mus,
1285 1353 1338 1393 ad
1373 1365 1520 1393 omnes
1552 1365 1620 1393 res
1659 1357 1805 1405 aptus,
1841 1352 2034 1392 consiliis

1149 1417 1316 1469 plenus,
1350 1422 1466 1456 terra
1481 1417 1675 1470 marique
1695 1428 1882 1456 summus
1900 1416 2035 1467 impe·

1148 1484 1280 1520 rator.
1339 1480 1474 1532 Cujus
1508 1486 1629 1520 tanta
1663 1485 1759 1520 erat
1785 1479 1869 1519 oris
1899 1485 2032 1532 atque
2071 1515 2079 1521 .

1147 1543 1355 1583 orationis
1392 1543 1723 1592 commendatio,
1758 1547 1806 1582 ut
1831 1554 1958 1583 nemo
1987 1542 2032 1582 ei

1104 1604 1134 1624 ⁴⁶
1146 1605 1332 1646 dicendo
1347 1614 1492 1659 posset
1510 1607 1725 1648 resistere.
1751 1606 1891 1647 Dives
1908 1620 1920 1657 ;
1938 1618 2035 1646 cum

1146 1674 1313 1721 tempus
1339 1678 1556 1722 posceret,
1579 1670 1835 1721 laboriosus,
1851 1671 2035 1723 patiens,

1143 1732 1348 1783 liberalis,
1367 1733 1631 1786 splendidus,
1645 1745 1728 1772 non
1751 1733 1890 1773 minus
1911 1734 1952 1773 in
1973 1734 2035 1773 vi·

1145 1799 1204 1847 ta,
1227 1808 1351 1848 quam
1372 1797 1416 1836 in
1438 1797 1555 1837 victu
1574 1811 1585 1846 ;
1607 1795 1804 1848 affabilis,
1836 1796 2035 1848 blandus,

1147 1860 1412 1911 temporibus
1474 1860 1750 1900 callidissime
1810 1860 2002 1900 serviens
2025 1877 2034 1898 ι

1142 1922 1276 1974 idem,
1311 1924 1435 1963 simul
1457 1929 1587 1977 atque
1608 1936 1654 1964 se
1675 1923 1944 1976 remittebat,
1971 1925 2035 1964 ita

1143 1987 1404 2038 luxuriosus,
1419 1987 1662 2035 dissolutus,
1683 1987 1953 2039 libidinosus,
1970 1988 2033 2027 in-

1144 2055 1389 2102 temperans
1408 2052 1719 2103 reperiebatur,
1737 2058 1782 2091 ut
1803 2064 1948 2092 omnes
1964 2053 2035 2093 ad·

1143 2114 1411 2156 mirarentur
1432 2117 1473 2156 in
1494 2129 1579 2157 uno
1597 2118 1768 2157 homine
1788 2122 1949 2158 tantam
1970 2130 2033 2157 es-

1143 2192 1190 2220 se
1229 2181 1626 2222 dissimilitudinem
1657 2188 1787 2233 atque
1819 2181 2032 2222 diversam

1142 2248 1360 2285 naturam.
1418 2245 1506 2285 Hic
1527 2258 1623 2285 cum
1642 2245 1828 2284 Athenis
1847 2245 2034 2285 clarissi-

1142 2319 1212 2346 ma
1229 2300 1409 2348 civitate
1431 2314 1557 2349 natus
1576 2314 1708 2358 esset,
1724 2320 1874 2348 omnes
1891 2309 2030 2360 splen-

1143 2371 1248 2410 dore
1268 2383 1319 2410 ac
1335 2371 1551 2422 dignitate
1568 2372 1670 2411 vitae
1689 2383 1918 2423 superasse
1938 2383 2032 2411 cer-

1144 2439 1236 2476 tum
1250 2441 1330 2476 est.
1373 2436 1612 2488 Postquam
1634 2436 1734 2476 inde
1756 2437 1905 2487 pulsus
1921 2437 2031 2476 The·

1142 2498 1219 2537 bas
1239 2499 1377 2551 venit,
1403 2499 1512 2540 adeo
1534 2500 1690 2540 studiis
1710 2513 1859 2540 eorum
1894 2501 2028 2541 inser·

1141 2563 1251 2603 visse
1269 2564 1497 2614 dicunt,ut
1518 2577 1644 2604 nemo
1664 2577 1761 2605 eum
1784 2565 1922 2606 animo
1934 2578 2029 2606 eor-

1140 2628 1344 2680 porisque
1366 2628 1524 2668 viribus
1543 2629 1856 2682 aequipararet:
1880 2642 2028 2671 omues

1148 2691 1259 2730 enim
1282 2692 1441 2732 Boeotii
1461 2693 1594 2744 magis
1606 2692 1799 2733 firmitati
1821 2695 2029 2746 corporis,

1141 2769 1268 2807 quam
1316 2756 1480 2808 ingenii
1529 2757 1712 2797 acumini
1758 2757 2027 2799 deserviunt.

1140 2819 1337 2875 Eundem
1373 2820 1487 2872 apud
1523 2821 1893 2872 Lacedaemonios,
1923 2835 2029 2875 quo·

1140 2896 1233 2924 rum
1262 2886 1450 2926 moribus
1480 2898 1644 2926 summa
1673 2887 1812 2927 virtus
1843 2888 1884 2926 in
1914 2889 2024 2939 pati-

1138 2949 1257 2988 entia
1279 2949 1540 3000 ponebatur,
1563 2957 1610 2990 ut
1633 2949 1784 2990 Cicero
1805 2950 1846 2990 in
1865 2951 2023 2991 Tuscu-

1136 3013 1245 3052 lanis
1265 3012 1474 3060 ostendit,
1503 3014 1565 3054 sic
1598 3014 1774 3054 duritiei
1791 3015 1832 3054 ei
1853 3014 2023 3054 dedisse

1135 3075 1300 3127 ferunt,
1331 3082 1377 3116 ut
1417 3078 1685 3129 parcimonia
1719 3079 1859 3118 victus
1892 3084 2022 3130 atque

1137 3139 1279 3179 cultus
1313 3152 1459 3180 omnes
1493 3141 1845 3181 Lacedaemonios
1877 3141 2020 3180 vince·

1135 3209 1216 3243 ret.
1275 3203 1428 3243 Fuisse
1460 3210 1632 3244 constat
1666 3204 1857 3243 Thracas
1888 3202 2018 3241 homi-

1133 3277 1209 3305 nes
1255 3266 1516 3318 vinolentos,
1553 3267 1767 3317 rebusque
1805 3264 2016 3304 Vener-eis

1132 3329 1330 3379 deditos3
1360 3330 1436 3369 hos
1456 3341 1642 3381 quoque,
1671 3340 1766 3366 cum
1788 3327 1898 3378 apud
1920 3327 2014 3366 illos

1131 3399 1261 3439 esset,
1281 3392 1324 3432 in
1344 3392 1408 3432 his
1436 3391 1565 3431 rebus
1586 3389 1870 3430 antecessisse
1900 3387 2013 3427 affir-

1130 3461 1265 3495 mant.
1331 3455 1510 3494 Venisse
1548 3453 1704 3493 deinde
1741 3451 1795 3491 ad
1835 3452 2008 3500 Persas,

1132 3521 1244 3570 apud
1263 3531 1368 3572 quos
1387 3530 1549 3561 summa
1572 3519 1661 3557 laus
1682 3520 1811 3566 esset,
1832 3514 2006 3563 fortiter
