2320 4004
590 327 853 368 vAme
896 325 1139 363 MAxnul
1188 299 1306 363 mn.
1345 325 1399 366 v.
1439 326 1575 365 cAP.
1601 313 1656 363 4.

210 454 451 495 Accusatus
470 454 536 492 est
547 461 651 502 ergo
670 446 943 501 proditionis,
956 445 1085 500 quod,

212 531 309 558 cum
325 519 480 558 Parum
497 525 744 566 expugnare
762 515 925 564 posset,
939 524 964 549 a
985 522 1086 560 rege

211 576 455 632 corruptus,
475 576 649 618 infectis
671 576 798 616 rebus
819 573 1090 615 decessisset.

210 646 275 685 Eo
303 650 498 695 tempore
535 653 653 693 aeger
700 647 794 680 erat
824 638 1089 689 vulneribus,

210 721 306 762 quae
338 707 381 747 in
411 704 698 759 oppugnando
731 703 893 757 oppido
911 714 1090 754 accepe-

211 777 293 813 rat.
348 771 506 824 Itaque
553 770 755 823 quoniam
798 769 891 820 ipse
939 779 1016 820 per
1045 778 1091 806 se

212 835 361 876 dicere
379 846 464 874 non
483 839 646 886 posset,
677 832 810 873 verba
828 830 938 872 fecit
955 829 1094 871 frater

214 899 308 952 ejus
356 899 627 949 Stesagoras.
708 897 853 936 Causa
906 895 1096 947 cognita,

215 963 363 1015 capite
394 962 627 1013 absolutus,
649 960 832 1012 pecunia
865 959 1096 999 mulctatus

220 1032 317 1076 est3
346 1037 483 1078 eaque
502 1025 554 1064 lis
582 1023 894 1077 quinquaginta
921 1022 1096 1062 talentis

219 1090 431 1132 aestimata
461 1095 544 1140 est,
593 1093 776 1141 quantus
818 1089 862 1128 in
914 1088 1098 1127 classem

218 1159 413 1207 sumptus
440 1152 582 1194 factus
608 1157 717 1192 erat.
774 1151 900 1192 Hanc
922 1150 1098 1203 pecuni-

218 1230 285 1258 am
318 1217 433 1270 quod
467 1217 510 1256 in
547 1215 784 1269 praesentia
817 1215 986 1255 solvere
1015 1224 1099 1253 non

217 1287 381 1335 posset,
405 1281 448 1321 in
478 1281 648 1321 vincula
678 1279 852 1333 publica
877 1278 1101 1331 conjectus

219 1349 303 1396 est,
341 1343 498 1397 ibique*
539 1343 651 1384 diem
695 1343 804 1384 obiit
842 1355 1103 1395 supremum.

218 1409 414 1450 Justinus
442 1414 587 1449 tamen
608 1408 713 1450 dicit
740 1409 857 1448 illum
879 1408 1102 1461 peculatus

220 1469 352 1514 fuisse
404 1473 666 1515 damnatum.
738 1473 906 1523 Cimon,
946 1474 1104 1526 inquit,

222 1536 468 1577 Miltiadem
498 1541 683 1589 patrem,
705 1536 760 1576 ob
793 1537 955 1576 crimen
973 1549 1103 1588 pecu—

222 1600 335 1640 latus
362 1599 406 1639 in
435 1612 653 1640 carcerem
674 1601 932 1653 conjectum,
961 1601 1107 1654 ibique

222 1662 490 1716 defunctum,
519 1664 739 1704 translatis
767 1665 808 1703 in
838 1677 883 1704 se
910 1665 1104 1716 vinculis,

222 1726 278 1766 ad
297 1728 563 1779 sepulturam
587 1728 783 1769 redemit.
817 1728 924 1768 Oliv.

234 1812 237 1813 ν
279 1792 302 1843 §
322 1794 346 1831 3
377 1792 472 1831 Post
490 1796 653 1844 mortem
669 1793 859 1845 vestram]
887 1794 1002 1835 Quia
1020 1805 1106 1834 non

225 1859 320 1894 erat
340 1855 597 1907 verosimile,
619 1862 798 1907 peracta
816 1858 937 1897 caede
963 1864 1108 1908 tyran·

225 1919 288 1968 ni,
303 1919 405 1972 quin
425 1931 449 1959 a
469 1920 749 1973 stipatoribus
779 1931 825 1963 et
850 1923 1107 1964 satellitibus

226 1983 316 2035 ejus
336 1983 649 2025 occiderentur.
679 1985 785 2027 Bad.

232 2057 237 2062 “
280 2049 318 2088 Α
339 2048 535 2089 Paciaecis
547 2049 676 2102 pacti]
696 2051 855 2102 Vulgo,
873 2051 1010 2105 afiliis
1029 2052 1112 2093 Pa-

228 2112 350 2152 tietis.
406 2112 494 2153 Hic
525 2112 665 2154 denuo
696 2115 883 2166 glossula
910 2116 1109 2168 irrepsit3

229 2188 326 2215 nam
347 2176 389 2216 in
411 2181 569 2218 vetust.
595 2177 717 2218 libris
735 2179 835 2219 sic:
867 2181 903 2219 A
933 2180 1114 2220 Pac-iacis

225 2239 347 2291 pacti.
374 2240 509 2281 Juvat
526 2244 571 2281 et
586 2241 877 2282 interlinearis
892 2243 1112 2285 annotatio

229 2301 330 2342 libri
359 2302 629 2355 Campensis,
662 2304 860 2357 Paciacz's,
894 2307 936 2345 id
967 2310 1040 2357 est,
1066 2319 1112 2347 ea

227 2367 444 2418 parentela.
482 2366 544 2406 At
563 2366 858 2409 Atrebatense
879 2372 1115 2423 exemplar,

232 2429 347 2481 quod
365 2430 407 2468 in
423 2430 608 2482 propriis
623 2431 864 2472 nominibus
879 2435 1114 2475 correctius

232 2505 328 2533 esse
346 2494 532 2546 reperio,
552 2494 698 2547 babet,
714 2510 740 2536 a
758 2497 966 2539 Paciaecis.
1023 2498 1114 2539 Ali-

233 2556 329 2609 quis
362 2558 533 2610 sciolus,
562 2565 612 2600 ut
635 2560 774 2600 minus
808 2561 992 2603 obscura
1021 2563 1114 2604 haec

232 2626 392 2673 essent,
419 2633 503 2662 non
523 2623 660 2662 solum
678 2635 833 2664 nomen
853 2637 1001 2665 verum
1021 2638 1114 2667 cor-

233 2684 366 2736 rupit,
393 2684 471 2725 sed
501 2690 547 2726 et
574 2685 867 2728 intermiscuit
886 2700 983 2728 suas
1004 2690 1115 2742 glos-

234 2747 366 2800 sulas,
394 2747 602 2800 scribens,
629 2752 666 2791 A
685 2750 792 2803 filiis
812 2751 985 2793 Patiens
1009 2754 1117 2805 pacti

233 2811 345 2852 estis.
402 2813 482 2853 Est
507 2818 651 2853 autem
674 2813 966 2856 Paciaecorum
994 2816 1117 2859 fami·

232 2874 290 2915 lia
305 2875 536 2916 etiamnum
551 2876 814 2918 nobilissima
829 2879 942 2931 apud
958 2881 1118 2933 Hispa-

235 2950 327 2990 nos,
353 2951 481 2992 quam
517 2945 563 2980 et
597 2940 697 2980 olim
727 2942 778 2982 C.
801 2942 983 2982 Caesaris
1011 2950 1117 2985 tem-

235 3014 342 3055 pore
361 3002 491 3043 fuisse
515 3004 741 3055 illustrem,
773 3006 967 3057 Epistola
995 3008 1118 3050 Cice·

237 3065 353 3106 ronis
374 3065 428 3106 ad
449 3067 631 3119 Leptam
662 3066 861 3109 familiar.
881 3081 945 3110 v1.
973 3070 1117 3125 docet,

237 3129 282 3169 in
317 3141 403 3182 qua
436 3129 626 3170 Paciaeci
659 3131 877 3183 cujusdam
911 3135 1121 3188 meminit,

239 3193 312 3246 qui
350 3193 465 3234 bello
500 3194 618 3235 civili
650 3195 938 3248 Pompeianas
972 3205 1118 3251 partes

239 3261 414 3296 secutus
432 3256 618 3299 videtur.
671 3258 684 3282 ‘
702 3259 774 3298 De
787 3259 1027 3315 Hispanis,’
1055 3265 1119 3304 in-

239 3317 347 3371 quit,
367 3321 381 3342 ‘
401 3320 500 3360 novi
519 3321 647 3371 nihi13
670 3334 868 3375 magnum
882 3331 1022 3367 tamen
1042 3339 1117 3369 ex·

242 3382 418 3422 ercitum
451 3383 706 3436 Pompeium
738 3386 900 3428 habere
935 3396 1118 3434 constat.

242 3443 354 3486 Nam
374 3445 522 3486 caesar
539 3447 631 3498 ipse
662 3449 715 3488 ad
742 3462 819 3490 nos
839 3452 958 3493 misit
976 3466 1120 3496 exem-

246 3506 364 3556 plum
383 3507 571 3549 Paciaeci
591 3510 824 3564 literatum,
842 3513 884 3553 in
906 3528 988 3568 quo
1008 3523 1120 3571 erat,

244 3570 308 3613 illi
346 3570 543 3613 undecim
590 3586 683 3617 esse
731 3578 953 3630 legiones!
1024 3583 1120 3625 Quo

1891 311 2037 367 1193

1151 445 1279 485 etiam
1316 446 1413 486 loco
1449 443 1750 498 corrigendum
1793 443 1875 485 hoc
1910 445 2037 488 modo

1150 521 1305 548 nomen
1325 509 1429 549 illud
1448 521 1542 549 esse
1562 509 1777 550 existimo.
1808 509 1992 558 Pighius.

1206 574 1274 625 §4
1307 573 1461 613 Cleobis
1490 579 1529 615 et
1561 573 1707 625 Biton]
1737 574 1927 614 Matrem
1966 574 2040 614 ha-

1154 631 1285 676 buere
1302 636 1484 677 sunonis
1506 637 1787 678 sacerdotem.
1843 638 1942 676 Mos
1967 649 2041 677 au-

1154 706 1242 740 tem
1259 705 1367 745 erat,
1387 707 1436 740 ut
1453 707 1576 740 extra
1592 701 1739 741 urbem
1754 700 1806 740 ad
1824 700 1916 752 ejus
1934 706 2042 741 tem-

1154 765 1286 816 plum,
1302 763 1415 816 quod
1433 764 1611 816 triginta
1628 765 1792 815 stadiis,
1804 771 1853 804 ut
1868 764 2042 817 quidam

1155 827 1427 880 dicunt‚inde
1441 827 1645 881 distabat,
1659 830 1858 870 sacerdos
1872 841 1955 870 non
1970 841 2045 881 pe-

1157 892 1282 933 dibus
1310 893 1408 943 iret,
1427 892 1502 933 sed
1524 905 1652 933 curru
1680 894 1937 934 veheretur:
1966 893 2044 933 sed

1157 968 1254 998 cum
1283 955 1521 1008 absumptis
1542 958 1660 1008 gravi
1694 957 1940 1009 pestilentia
1974 957 2044 1009 ju·

1158 1022 1315 1062 mentis
1340 1022 1437 1062 vehi
1457 1034 1540 1062 non
1562 1029 1725 1074 posset,
1742 1023 1786 1062 hi
1805 1023 1882 1062 filii
1896 1022 2045 1063 matris

1160 1088 1326 1139 pietate
1339 1086 1556 1138 commoti,
1574 1087 1727 1126 collum
1744 1086 1969 1138 subjecere
1980 1086 2051 1138 ju-

1161 1163 1232 1204 go,
1267 1155 1313 1191 et
1342 1156 1523 1191 matrem
1552 1143 1723 1190 cervice
1755 1150 1807 1189 ad
1837 1150 2048 1201 templum

1162 1220 1414 1264 traxerunt3
1433 1213 1505 1254 illa
1525 1213 1695 1265 deinde,
1711 1214 1901 1265 peractis
1922 1213 2052 1253 sacri-

1163 1277 1289 1329 ficiis,
1321 1279 1452 1331 petiit
1472 1292 1495 1318 a
1516 1279 1704 1331 Junone,
1737 1284 1783 1319 ut
1809 1277 1906 1318 filiis
1928 1278 2052 1318 daret

1166 1342 1281 1395 quod
1301 1342 1509 1395 optimum
1537 1349 1673 1395 esset,
1702 1342 2051 1396 quandoquidem

1166 1411 1291 1447 tanta
1304 1407 1368 1446 usi
1381 1414 1527 1447 essent
1537 1406 1804 1463 humanitate
1814 1412 1859 1446 et
1870 1405 2054 1457 pietate.

1166 1471 1238 1511 Illi
1276 1483 1380 1523 ergo
1417 1478 1593 1526 postero
1641 1471 1712 1511 die
1750 1471 1912 1511 inventi
1951 1475 2053 1511 sunt

1167 1537 1342 1588 mortui,
1362 1542 1408 1576 et
1427 1536 1638 1577 creditum
1671 1542 1737 1575 est
1768 1542 1950 1576 mortem
1977 1547 2052 1588 op-

1169 1600 1317 1640 timum
1339 1600 1495 1640 bonum
1516 1613 1624 1640 esse.
1659 1601 1809 1640 Olirer.

1221 1663 1505 1716 Amphinomus
1537 1668 1576 1704 et
1608 1663 1789 1716 Anapus]
1817 1664 1927 1704 Vide
1947 1676 2056 1717 prae-

1170 1732 1238 1767 ter
1256 1728 1525 1779 Strabonem,
1551 1734 1595 1768 et
1621 1729 1894 1778 Pausaniam,
1925 1729 2057 1769 AElia-

1170 1803 1270 1831 num
1291 1791 1334 1830 in
1356 1792 1500 1843 variis,
1520 1793 1594 1845 qui
1615 1799 1756 1849 tamen
1777 1790 1995 1842 Φιλόνημον
2011 1798 2058 1833 et

1171 1855 1350 1897 Καλλίαν
1370 1864 1512 1907 vocat,
1533 1859 1700 1899 citante
1717 1858 1847 1898 etiam
1865 1858 2057 1900 Stobaeo.

1172 1922 1339 1962 Solinus
1374 1934 1471 1974 cap.
1509 1927 1549 1963 5.
1598 1922 1751 1963 scribit
1791 1922 2059 1962 Catanenses

1173 1986 1375 2027 adserere
1389 1986 1633 2039 Anaphium
1653 1993 1698 2026 et
1714 1985 2031 2039 Amphinonum
2046 2000 2059 2027 ι

1171 2050 1464 2102 Syracusanos
1479 2051 1749 2092 Emanthiam
1765 2057 1810 2092 et
1821 2051 2059 2094 Critonem.

1174 2113 1266 2165 Ego
1296 2114 1413 2153 illam
1442 2114 1561 2154 litem
1583 2115 1851 2155 ambitiosam
1873 2114 2061 2167 pendere

1174 2177 1283 2218 sino.
1338 2177 1392 2217 In
1424 2178 1533 2219 edit.
1564 2179 1722 2220 Venet.
1759 2179 1918 2230 legitur
1949 2179 2061 2220 Ana-

1171 2241 1300 2292 phias.
1332 2241 1417 2281 Sed
1433 2241 1674 2293 Anaphium
1689 2243 1946 2284 Claudianus
1959 2256 2062 2297 quo-

1177 2315 1261 2356 que
1279 2305 1498 2345 celebrat:
1519 2307 1532 2327 ‘
1547 2306 1635 2344 Cur
1647 2318 1729 2344 non
1747 2305 2061 2358 Anaphinomo‚

1177 2379 1256 2408 cur
1272 2380 1356 2408 non
1379 2368 1456 2409 tibi
1475 2366 1602 2408 fortis
1622 2367 1792 2421 Anaphi
1807 2368 1836 2409 ?’
1870 2370 1999 2412 Coler.

1232 2432 1310 2483 Hi,
1329 2434 1429 2484 quod
1445 2436 1613 2485 patrem,
1631 2432 1720 2485 ξω]
1751 2432 2062 2485 Amphinomus

1177 2500 1224 2535 et
1243 2495 1436 2548 Anapus,
1465 2507 1561 2535 cum
1592 2495 1636 2535 in
1664 2495 1813 2536 Sicilia
1838 2495 2065 2537 vehemen-

1179 2559 1334 2600 tiorem
1369 2559 1581 2600 flammam
1618 2561 1746 2602 AEtna
1790 2573 1912 2602 mons
1948 2561 2063 2603 forte

1177 2622 1353 2664 fortuna
1372 2621 1591 2676 edidisset,
1620 2630 1670 2666 ut
1694 2624 1838 2666 vicina
1857 2627 1953 2666 loca
1972 2638 2066 2667 cor-

1177 2687 1426 2740 riperentur
1460 2689 1585 2741 igne;
1613 2696 1658 2730 et
1691 2702 1789 2731 cum
1820 2691 1944 2730 aliter
1964 2702 2065 2731 eva-

1179 2750 1284 2791 dere
1313 2764 1397 2793 non
1427 2757 1617 2805 possent,
1647 2753 1726 2793 nisi
1756 2765 1835 2805 per
1864 2753 2064 2794 incendia

1179 2815 1430 2868 transirent,
1459 2822 1586 2857 erant
1616 2816 1789 2870 quidem
1808 2816 1863 2857 de
1883 2823 2064 2870 parente

1180 2878 1372 2931 solliciti,
1401 2891 1525 2932 quem
1547 2882 1748 2929 comitem
1770 2893 1915 2921 secum
1934 2882 2063 2922 habe-

1179 2940 1313 2982 bant:
1337 2942 1510 2983 tandem
1527 2943 1646 2983 illum
1661 2943 1848 2985 humeris
1862 2958 2065 2999 suscepe-

1182 3012 1297 3058 runt,
1310 3012 1355 3046 et
1376 3018 1454 3059 per
1473 3007 1635 3047 medios
1650 3007 1768 3060 ignes
1778 3010 2063 3062 trajecerunt.

1179 3071 1252 3110 De
1286 3071 1440 3124 quibus
1471 3072 1641 3112 Solinus
1669 3073 1732 3114 ita
1762 3073 1919 3116 refert:
1957 3076 1969 3098 ‘
1992 3075 2062 3114 In-

1182 3140 1251 3175 ter
1282 3135 1478 3175 Catinam
1510 3141 1556 3175 et
1575 3136 1809 3188 Syracusas
1843 3143 2064 3178 certamen

1181 3203 1249 3239 est
1276 3197 1332 3238 de
1362 3198 1590 3238 illustrium
1626 3198 1808 3238 fratrum
1842 3199 2064 3251 memoria,

1181 3274 1362 3314 quorum
1390 3262 1563 3303 nomina
1590 3262 1671 3302 sibi
1700 3263 1883 3302 diversae
1917 3269 2064 3314 partes

1179 3324 1404 3377 adoptant.
1452 3326 1489 3365 si
1522 3325 1776 3367 Catinenses
1827 3325 2063 3380 audiamus,

1179 3388 1360 3442 Anapus
1379 3388 1464 3430 fuit
1481 3397 1525 3431 et
1538 3390 1845 3441 Amphinomus
1862 3403 1874 3439 ;
1895 3391 1929 3430 si
1947 3391 2063 3444 quod

1180 3455 1344 3494 malunt
1361 3454 1607 3506 Syracusae,
1640 3453 1909 3494 Emanthiam
1943 3459 2065 3506 puta.

1180 3517 1319 3558 bimus
1334 3523 1380 3558 et
1392 3517 1628 3557 Critonem.
1659 3516 1900 3557 Catinensis
1917 3523 2062 3560 tamen

1182 3580 1301 3633 regio
1338 3591 1509 3620 causam
1547 3578 1667 3620 dedit
1688 3578 1819 3633 facto,
1855 3581 1899 3621 in
1934 3594 2060 3635 quam
