2346 3996
822 279 1089 321 vunnu
1118 267 1400 334 [Mamm.
1886 270 2030 326 1397

199 404 214 417 ‘
265 432 332 442 —-
366 399 543 453 Valerii
579 399 786 450 Maximi
825 399 1068 449 dictorum
1102 399 1444 467 factorumque
1485 399 1874 450 memorabilium
1913 402 2026 451 libri

198 500 392 542 novem,
413 498 448 532 a
470 481 587 531 Seb.
616 478 840 530 Corrado
859 479 1106 529 emendati
1129 487 1179 529 et
1201 480 1441 531 illustrati.
1479 482 1708 540 VenetiiS,
1734 481 1867 546 apud
1894 482 2029 531 Hier.

200 565 422 614 Scotum.
448 560 689 613 s.-Bib1.
715 561 999 612 Roeveriana
1023 561 1156 611 Part.
1180 575 1244 612 11.
1265 578 1379 627 pag.
1405 562 1520 614 246.
1545 580 1595 612 n.
1624 569 1771 619 1743.

271 642 402 694 1556
436 642 616 692 Valerii
647 642 853 692 Maximi
883 642 1125 692 dictorum
1150 642 1487 708 factorumque
1521 643 1900 693 memorabilium
1937 643 2035 691 Ex-

198 723 381 790 empla.
432 723 676 789 Lugduni,
712 724 846 789 apud
877 724 995 774 Seb.
1021 723 1316 790 Gryphium.
1345 726 1593 774 8.·-Bibl.
1630 723 1875 774 Emtinck.
1903 725 2034 773 Part.

204 818 297 855 111.
322 821 438 870 pag.
469 812 584 854 102.
609 821 660 855 n.
693 812 838 865 1927.
1789 850 1792 852 ,

269 913 338 923 --
371 885 592 936 Basileae.
619 887 725 936 Fol.
761 903 873 935 cum
901 883 1232 952 Scriptoribns
1270 884 1392 944 aliis,
1430 884 1514 949 qui
1549 884 1774 950 exempla
1801 884 2035 934 virtutum

202 974 253 1017 et
286 967 515 1016 vitiorum
539 967 753 1016 edidere.
823 970 950 1017 Sunt
983 974 1146 1017 autem
1181 967 1262 1015 hi:
1301 975 1344 1014 1.
1373 965 1563 1015 Nicolai
1599 964 1794 1029 Hauapi
1828 965 2040 1014 Patriar-

205 1049 318 1100 c‘hae
363 1048 601 1098 Hierosol.
635 1048 867 1112 exempla
901 1049 1134 1098 virtutum
1178 1055 1229 1097 et
1265 1047 1495 1096 vitiorum
1528 1063 1589 1095 ex
1626 1053 1833 1109 utroque
1866 1046 2042 1094 Testa-

202 1135 387 1178 mento.
434 1137 485 1179 2.
500 1128 719 1178 Valerius
739 1130 1002 1179 Maximus,
1058 1138 1107 1181 3.
1123 1130 1295 1180 AEliani
1314 1112 1695 1177 variae‘Historiae
1712 1127 1907 1185 Graece,
1926 1142 2040 1174 cum

206 1209 377 1258 Herm.
396 1209 577 1259 Vulteii
613 1210 852 1261 versione.
899 1219 948 1261 4.
984 1213 1058 1261 M.
1097 1217 1216 1261 Ant.
1249 1209 1417 1260 Coccii
1449 1207 1679 1259 Sabellici
1710 1206 2042 1272 exemplorum

204 1289 317 1338 libri
331 1289 520 1340 decem.
559 1298 608 1341 5.
626 1288 770 1356 Bapt.
791 1292 1160 1358 Campofulgosi
1175 1292 1420 1341 dictorum
1444 1290 1788 1353 factorumque
1805 1303 2044 1336 memora-

207 1370 376 1419 bilium
394 1370 506 1419 libri
529 1386 723 1421 novem.
773 1371 821 1421 6.
848 1372 1098 1423 Parthenii
1117 1373 1317 1422 Erotica
1335 1374 1530 1431 Graece,
1558 1386 1672 1419 cum
1694 1368 1803 1418 Jani
1823 1358 2044 1417 Cornarii

209 1450 445 1501 versione.
498 1458 545 1508 7.
571 1451 814 1501 Gnidonis
838 1453 902 1502 de
942 1454 1095 1502 Fonte
1122 1454 1267 1518 Nayo
1290 1450 1605 1501 Bituricensis
1639 1450 1764 1498 liber
1798 1448 2044 1497 variorum

208 1530 566 1595 exemplorum,
593 1532 800 1597 scriptus
826 1549 908 1582 an.
939 1532 1086 1583 1516.
1148 1540 1194 1582 8.
1222 1535 1294 1583 M.
1319 1532 1518 1582 Marulli
1533 1529 1836 1595 Spalatensis
1861 1529 1923 1579 de
1946 1527 2047 1577 vita

208 1611 435 1676 religiose
457 1626 548 1676 per
570 1613 791 1678 exempla
813 1613 1118 1664 instituenda
1142 1614 1254 1662 libri
1280 1630 1383 1664 sex.
1432 1621 1483 1672 9.
1512 1610 1798 1662 Heraclides
1830 1610 1892 1660 de
1914 1608 2046 1676 poli-

209 1691 308 1751 tiis,
333 1693 426 1741 Gr.
450 1698 502 1740 et
523 1692 635 1742 Lat.
661 1710 719 1741 ex
743 1693 823 1742 Jo.
850 1693 1037 1744 Stobaei
1061 1693 1332 1759 Florilegio.
1374 1700 1450 1743 10.
1473 1694 1501 1742 J
1507 1692 1591 1742 ulii
1618 1691 1836 1743 Frontini
1859 1692 2045 1740 Strate-

210 1769 486 1837 gematicon
509 1770 620 1828 libri
646 1783 722 1820 xv,

282 1857 409 1902 1558
446 1850 623 1900 Valerii
658 1851 862 1900 Maximi
896 1851 1138 1901 dictorum
1168 1852 1513 1918 factorumque
1538 1851 1925 1901 memorabilium
1961 1867 2048 1900 ex-

210 1931 386 1997 empla.
434 1932 681 1996 Lugduni,
706 1931 839 1997 apud
876 1933 1225 1983 Theobaldum
1249 1934 1521 1999 Paganum.
1553 1932 1958 1984 12.—·Crevenna
1978 1931 2045 1981 T.

210 2025 267 2062 v,
291 2028 404 2077 pag.
435 2012 547 2069 176.

278 2119 350 2130 —
383 2092 563 2143 Valerii
588 2093 797 2142 Maximi
825 2095 1079 2144 moralium
1106 2097 1460 2161 Exemplorum
1492 2095 1607 2145 libri
1641 2110 1835 2153 novem,
1859 2108 2047 2143 summa

215 2171 466 2237 diligentia
487 2173 724 2238 castigati,
748 2189 807 2222 ac
832 2173 1125 2223 fidelissimis
1149 2175 1585 2224 eruditissimorum
1613 2176 1824 2224 virorum
1845 2172 2050 2222 Oliverii

216 2253 416 2317 Arzign.
454 2253 720 2318 lodocique
758 2252 898 2302 Badii
923 2254 1138 2303 Ascensii
1168 2254 1528 2302 commentariis
1564 2253 1790 2304 enarrati.
1853 2253 2048 2308 Quibus

217 2333 390 2384 addita
412 2342 524 2383 sunt
547 2341 759 2399 quatuor
779 2341 829 2382 et
854 2333 1022 2399 viginti
1047 2335 1287 2399 exempla,
1312 2351 1469 2400 nuper
1506 2335 1618 2384 Aldi
1653 2333 1857 2383 Manutii
1881 2332 2052 2382 indus-

218 2414 314 2465 tria
337 2413 550 2474 inventa,
565 2413 791 2478 ejusdem
809 2414 1034 2463 Ascensii
1058 2413 1418 2467 commentariis
1433 2423 1680 2464 exornata.
1718 2415 1846 2464 Cum
1863 2411 2054 2479 duplici

218 2496 407 2553 Indice,
434 2495 587 2544 altero
613 2495 812 2560 quidem
839 2496 1076 2560 capitum,
1098 2497 1254 2545 altero
1280 2513 1394 2546 vcro
1419 2502 1586 2546 eorum
1623 2512 1735 2560 quae
1766 2502 1872 2544 toto
1900 2510 2052 2559 opere

220 2584 395 2626 notatu
418 2575 567 2642 digna
601 2577 704 2626 visa
741 2583 870 2625 sunt.
917 2578 1087 2626 Insunt
1111 2588 1353 2642 praeterea
1374 2577 1642 2642 Theophili
1669 2577 1756 2626 viri
1778 2574 2053 2625 eruditissi-

219 2657 290 2706 mi
310 2657 548 2722 perutiles
572 2657 979 2718 LucubrationeS,
1004 2675 1116 2724 quae
1143 2660 1233 2708 tibi
1267 2677 1365 2709 non
1395 2659 1625 2708 mediocri
1655 2665 1798 2707 erunt
1820 2656 1882 2720 (si
1904 2656 2052 2720 hujus

216 2737 435 2789 auctoris
459 2738 662 2788 virtutes
685 2738 869 2803 optime
893 2755 1036 2789 nosse
1060 2740 1292 2802 volueris)
1315 2739 1616 2803 adjumento,
1637 2737 1883 2801 adjunctis
1905 2737 2053 2785 etiam

222 2819 567 2870 autoritatibus
591 2819 734 2877 Livii,
760 2821 788 2869 J
795 2821 958 2881 ustini,
987 2822 1249 2882 Plutarchi,
1277 2821 1522 2886 Dionysii,
1547 2829 1597 2870 et
1634 2819 1898 2868 multorum
1934 2816 2056 2866 alio-

220 2917 330 2950 rum
354 2900 612 2949 illustrium
649 2901 1160 2966 historiographorum,
1194 2920 1306 2968 quae
1343 2903 1392 2951 in
1429 2902 1533 2950 aliis
1565 2900 1780 2949 deerant.
1839 2897 2055 2947 Venetiis

223 2994 291 3030 Μ.
328 2993 383 3030 D.
428 2993 593 3030 Lvut.
633 2981 765 3046 apud
808 2983 887 3031 Jo.
927 2985 1140 3033 Mariam
1165 2984 1442 3034 Bonellum.
1484 2982 1889 3046 Fol.--Freytag.
1917 2980 2051 3042 App.

219 3062 375 3111 Liter.
398 3062 546 3112 Tom.
574 3076 612 3111 1.
637 3078 752 3127 pag.
779 3068 894 3114 502.

295 3141 426 3192 1560
461 3140 639 3190 Valerii
661 3142 866 3191 Maximi
889 3143 1129 3192 dictorum
1161 3131 1501 3210 factorumque
1538 3139 1920 3193 memorabilium
1957 3139 2053 3187 Ex-

221 3223 404 3289 empla.
429 3223 639 3274 Parisiis.
670 3224 948 3274 12.—Bib1.
977 3225 1218 3274 Emtinck.
1246 3219 1375 3276 Part.
1405 3240 1495 3276 111.
1521 3241 1634 3290 pag.
1659 3230 1774 3272 501.
1799 3237 1848 3269 n.
1872 3224 1991 3277 915.

295 3331 363 3340 —
397 3303 643 3368 Lugduni.
673 3312 722 3355 8.

304 3382 431 3434 1564
465 3385 696 3436 venetiis.
725 3395 772 3438 8.
798 3404 855 3437 ex
881 3404 981 3438 rec.
1007 3396 1056 3438 et
1079 3404 1190 3439 cum
1217 3388 1343 3438 notis
1370 3387 1487 3438 Seb.
1516 3381 1735 3434 Corradi.
