2288 3990
396 298 505 351 942

397 433 454 471 sis
491 430 610 471 libris
647 437 913 484 separantur,
955 445 1082 484 quum
1131 432 1272 473 tamen

397 507 561 545 caussa,
581 501 786 546 tempore,
814 501 858 534 et
878 507 979 535 casu
998 496 1083 536 sint
1108 497 1268 537 eadem.

396 558 582 608 Pighius.

450 627 471 677 ᾧ
491 628 516 664 4
539 626 639 664 Cum
659 624 861 675 Metellus]
880 624 980 664 Scil.
1002 626 1176 676 Lucius,
1195 625 1269 665 ho-

393 700 461 726 mo
497 687 695 738 patritius
726 693 770 726 et
809 686 1005 738 pontifex
1044 688 1266 727 maximus.

393 751 562 789 Badius.

447 811 690 862 Palladium]
738 811 790 850 Id
840 816 922 862 est,
968 813 1264 853 simulachrum

391 876 582 915 Palladis
603 887 656 914 ex
689 875 771 914 llio
809 874 1067 925 traductum,
1095 881 1262 926 raptum

390 937 503 976 inter
521 938 634 988 ipsos
663 937 800 988 ignes,
828 937 1015 976 servavit
1037 938 1262 989 incolume,

390 1001 434 1039 id
474 1007 556 1050 est,
608 1001 810 1039 illaesum:
871 1000 964 1051 ipse
1003 1005 1147 1040 tamen
1194 1014 1261 1040 or·

390 1063 489 1102 bam
536 1062 762 1103 luminibus
805 1063 892 1114 egit
926 1069 1162 1112 senectam,
1192 1077 1262 1103 au-

388 1126 513 1165 thore
532 1126 675 1166 Plinio
694 1126 770 1166 lib.
790 1138 873 1165 vn.
927 1127 994 1165 De
1027 1139 1110 1178 quo
1131 1127 1263 1168 Juve-

388 1189 497 1229 nalis
544 1189 636 1229 Sat.
672 1201 744 1229 111.
771 1188 883 1229 ‘Vel
918 1188 1030 1241 quod
1069 1189 1264 1229 Servavit

388 1252 597 1303 trepidam
644 1250 843 1302 flagranti
882 1264 936 1292 ex
978 1252 1070 1291 aede
1103 1252 1263 1291 Miner-

389 1315 515 1356 vam.'
570 1316 811 1366 Palladium]
838 1317 946 1355 Erat
980 1316 1060 1354 hoc
1093 1316 1263 1354 simula-

387 1391 502 1418 crum
519 1379 724 1429 Palladis,
746 1377 858 1430 quod
869 1379 1022 1417 AEneas
1039 1382 1135 1428 post
1152 1377 1265 1415 exci-

386 1441 500 1480 dium
519 1442 658 1493 Trojae
680 1453 705 1480 a
725 1441 934 1480 Diomede
954 1446 1179 1490 acceptum
1200 1451 1264 1478 as-

385 1509 583 1556 portasse
620 1506 664 1544 in
697 1505 866 1544 Italiam
897 1504 1070 1543 dicitur.
1125 1503 1263 1544 Quem

383 1567 481 1607 ideo
499 1569 511 1590 ‘
528 1567 843 1619 penatigerum’
865 1572 990 1607 vocat
1004 1566 1132 1606 Ovid.
1154 1567 1263 1606 Met.

385 1641 460 1670 xv.
495 1634 588 1670 450.
645 1631 848 1672 Quamvis
879 1630 999 1680 alios,
1032 1629 1146 1669 bello
1184 1629 1264 1668 Mi-

383 1693 614 1733 thridatico
634 1706 659 1733 a
686 1693 873 1733 Fimbria
905 1697 1139 1743 repertum,
1164 1703 1262 1731 auc-

385 1761 503 1796 tores
521 1768 616 1796 esse
633 1757 806 1796 Servius
828 1756 886 1795 ait
913 1756 965 1795 ad
983 1755 1076 1796 AEn.
1094 1766 1148 1795 11.
1169 1759 1261 1797 166.

382 1819 577 1860 Aliorum
608 1820 794 1872 denique
829 1820 910 1859 alia
945 1825 1011 1859 est
1043 1831 1094 1859 ea
1125 1820 1177 1859 de
1212 1833 1258 1860 re

382 1883 612 1924 sententia.
645 1884 757 1923 Vide
776 1883 955 1936 Dionys.
974 1896 1025 1924 11.
1044 1887 1112 1924 27.
1145 1884 1259 1925 Hinc

382 1946 455 1986 ille
501 1960 709 1998 nummus,
750 1948 945 1987 Pontano
989 1953 1116 1999 teste,
1162 1961 1256 1988 cnm

380 2011 527 2051 Vestae
548 2012 724 2062 templo,
751 2011 792 2050 in
813 2023 895 2063 quo
915 2010 1154 2050 Palladium
1175 2012 1257 2051 Ro-

381 2086 463 2114 mae
483 2074 749 2114 servabatur.
779 2074 830 2112 In
848 2073 995 2113 eodem
1008 2086 1176 2113 nummo
1193 2075 1258 2113 ΖΕ-

381 2148 482 2176 neas
501 2135 675 2187 fingitur
699 2136 911 2176 Anchisen
933 2143 1097 2188 patrem
1119 2138 1258 2176 hume-

381 2201 439 2242 ris
459 2207 651 2255 portans,
679 2207 725 2241 et
745 2213 871 2240 manu
906 2200 1086 2239 dextera
1106 2205 1256 2240 tenens

379 2266 460 2305 hoc
480 2264 737 2315 Palladium,
765 2264 937 2303 sinistra
955 2263 1087 2303 filium
1103 2264 1256 2304 Iulum.

379 2324 478 2369 Hoc
498 2340 599 2368 vero
617 2328 876 2378 Palladium,
906 2328 1017 2380 quod
1034 2328 1255 2373 ¹occultum

381 2392 558 2431 Romani
602 2391 844 2443 neminique
883 2391 1113 2430 videndum
1145 2391 1255 2431 cole-

378 2454 499 2506 bant,
527 2454 832 2506 Heliogabalus
852 2454 894 2493 in
915 2453 1158 2493 cubiculum
1188 2466 1255 2492 su-

379 2531 449 2558 um
470 2520 704 2559 transtulit.
738 2518 975 2557 Herodian.
994 2530 1034 2556 v.
1056 2523 1093 2557 5.
1116 2529 1257 2568 quam·

380 2581 444 2622 vis
474 2581 691 2632 Lamprid.
725 2581 766 2620 in
801 2581 891 2620 vita
919 2579 1050 2631 ipsius
1084 2591 1177 2630 cap.
1215 2582 1254 2618 6.

377 2657 463 2684 non
484 2657 628 2684 veram
649 2642 875 2695 imaginem
905 2640 1146 2691 abstulisse,
1179 2640 1255 2679 sed

379 2720 434 2748 ex
452 2699 661 2760 pluribus,
676 2719 772 2759 quae
793 2706 844 2745 ad
862 2705 1130 2744 simulacrum
1150 2703 1255 2742 illud

379 2769 534 2810 effictae
549 2775 688 2819 erant,
705 2769 903 2820 aliquam,
915 2771 1095 2806 asserat.
1150 2766 1256 2805 Pos-

380 2839 446 2874 set
467 2839 609 2873 autem
638 2832 838 2872 Romanis
866 2831 947 2870 hoc
976 2831 1074 2870 loco
1107 2830 1256 2882 objici,

377 2896 488 2951 quod
509 2910 534 2936 a
552 2895 763 2936 Strabone
781 2894 856 2934 lib.
878 2905 940 2933 vl.
959 2894 1226 2933 Heracleotis
1243 2906 1253 2932 ε

379 2963 392 2983 ‘
411 2960 470 3000 At
503 2959 638 3000 multo
675 2958 806 2997 etiam
834 2957 1077 3008 protervius
1109 2963 1175 2996 est
1201 2957 1255 2996 ab

377 3023 460 3063 Ilio
491 3023 621 3062 allata
653 3019 853 3070 fabulari,
882 3032 975 3072 quae
1011 3019 1255 3070 Scriptores

377 3091 557 3139 ponunt.
612 3086 723 3125 Nam
759 3089 804 3124 et
834 3082 1077 3128 Heracleae,
1107 3087 1151 3120 et
1178 3083 1255 3121 La-

378 3147 496 3199 vinii,
522 3153 567 3186 et
585 3145 792 3195 Luceriae,
821 3149 866 3183 et
891 3143 1065 3184 Siritide
1094 3144 1255 3182 Miner-

381 3224 433 3251 va
450 3211 634 3250 habetur
649 3209 797 3259 Iliaca,
824 3206 941 3260 quasi
969 3207 1021 3246 ab
1041 3206 1122 3245 Ilio
1155 3206 1255 3245 alla-

381 3273 455 3313 ta.'
486 3271 789 3313 Freinshemius.

434 3337 456 3386 ᾗ
476 3341 498 3375 5
526 3338 666 3376 Marco
687 3335 880 3390 Ciceroni,
895 3332 980 3386 ξω]
1006 3333 1114 3372 Cum
1133 3331 1254 3373 Cice—

379 3411 427 3439 ro
447 3410 580 3449 opera
599 3396 776 3438 Antonii
806 3394 1018 3436 triumviri
1047 3393 1256 3446 proscrip-

380 3467 449 3501 tus
469 3462 510 3500 in
532 3461 742 3511 Cajetana
773 3459 871 3499 villa
898 3457 1114 3507 deliteret‚
1141 3455 1254 3495 missi

382 3529 482 3564 sunt
510 3524 582 3576 qui
611 3535 708 3563 eum
745 3521 1007 3572 occiderent,
1036 3524 1252 3572 caputque

978 316 1154 354 No'l‘AE
1197 315 1527 357 VARIORUM
1574 320 1638 358 IN

1336 436 1508 475 Romam
1529 436 1708 489 ferrent,
1738 436 1860 490 quarn
1883 450 1969 478 rem
1995 438 2055 478 illi
2078 439 2209 481 mani-²

1332 496 1443 536 festo
1465 499 1637 549 augurio
1655 513 1805 540 corvus
1827 504 2191 552 praemonstravit.

1389 562 1596 612 cajetam]
1639 563 1783 614 Prope
1820 565 2014 615 Cajetam
2058 559 2210 604 urbem‘

1333 623 1592 675 Campaniae,
1614 638 1708 676 quae
1730 627 1796 664 vel
1817 638 1839 664 a
1861 627 2030 666 nutrice
2045 627 2211 676 AEneae‚'

1331 687 1397 724 vel
1420 698 1443 724 a
1462 687 1727 738 civitatibus,
1757 701 1860 740 quas
1883 690 2091 739 Lacones,
2107 691 2209 741 jux·

1331 755 1374 787 ta
1394 749 1643 788 Strabonem
1674 751 1748 790 lib.
1770 763 1813 790 v.
1848 750 2008 791 καῖάδας
2038 758 2209 804 vocant,

1328 811 1391 850 ita
1410 813 1540 851 dicta.
1561 825 1656 852 nam
1676 820 1719 853 et
1737 815 1930 854 Lacones
1947 826 2040 853 eam
2057 811 2207 855 urbeni

1328 875 1567 915 condidisse
1586 875 1796 916 feruntur.
1852 878 1923 916 De
1941 889 2044 917 casu
2063 883 2206 918 autern

1328 937 1546 977 Ciceronis
1584 939 1644 978 ita
1682 939 1966 978 Plutarchus:
2007 940 2019 961 ‘
2041 940 2208 980 Habuit

1327 1001 1490 1050 praedia
1509 1002 1565 1040 ibi
1587 1008 1632 1041 et
1652 1001 1793 1041 villam
1829 1003 1980 1042 aestivo
2014 1008 2207 1054 tempore

1325 1073 1548 1113 amoenam,
1588 1076 1715 1115 quum
1758 1064 1995 1115 gratissime
2041 1061 2207 1115 'spirant

1325 1129 1497 1169 Etesiae.
1553 1131 1716 1181 Estque
1732 1142 1782 1169 eo
1803 1131 1845 1169 in
1865 1131 1959 1169 loco
1978 1123 2091 1168 haud
2111 1141 2208 1180 pro-

1326 1193 1393 1231 cul
1413 1205 1438 1231 a
1455 1192 1560 1231 mari
1580 1193 1779 1233 sacellum
1799 1192 2030 1244 Apollinis.
2086 1191 2205 1232 Hinc

1324 1254 1539 1294 sublatum
1584 1267 1732 1306 agmen
1781 1263 2005 1295 corvorum
2051 1265 2204 1306 magno

1326 1317 1486 1357 crocitu
1509 1318 1559 1356 ad
1582 1318 1802 1357 Ciceronis
1822 1329 1989 1368 navem,
2019 1318 2118 1358 dum
2140 1329 2205 1358 re-

1324 1380 1403 1419 mis
1438 1386 1566 1419 terrae
1607 1381 1856 1431 appellitur,
1898 1381 2085 1421 volavit:
2133 1380 2206 1433 qui

1325 1443 1612 1482 consederunt
1658 1444 1857 1495 utrinque
1908 1443 1951 1482 in
2005 1447 2203 1483 antennae

1325 1507 1522 1546 cornibus
1539 1519 1550 1555 ;
1581 1507 1734 1557 partim
1751 1506 2028 1556 crocitantes,
2047 1507 2203 1558 partim

1324 1570 1470 1621 capita
1500 1568 1665 1609 funium
1699 1570 1940 1609 tundentes.
1996 1569 2049 1609 Id
2071 1571 2204 1609 omni-

1304 1627 1401 1673 *bus
1421 1634 1560 1672 dirum
1583 1632 1717 1672 visum
1747 1638 1815 1673 est
1842 1637 2075 1673 ostentum.
2133 1633 2210 1672 Cia

1324 1708 1426 1736 cero
1443 1696 1501 1735 ibi
1522 1707 1715 1747 egressus
1734 1695 1788 1734 de
1806 1695 1903 1735 navi
1930 1700 2013 1745 est,
2041 1695 2204 1735 villam-

1324 1772 1406 1813 que
1426 1757 1654 1811 ingressus,
1683 1759 1735 1798 ad
1758 1759 1948 1811 quietem
1967 1757 2209 1810 composuit

1323 1836 1381 1864 se.
1436 1824 1521 1863 Hic
1558 1823 1676 1863 corvi
1716 1821 1965 1875 frequentes
2012 1823 2203 1862 conside-

1323 1892 1421 1926 runt
1441 1886 1483 1925 in
1513 1884 1719 1935 fenestra,
1747 1897 1798 1925 ac
1827 1885 1940 1925 diros
1973 1884 2207 1925 ediderunt

1323 1950 1544 2002 strepitus.
1597 1951 1716 1989 Unus
1733 1948 1774 1987 in
1794 1948 2016 2000 grabatum
2033 1947 2209 1988 demisit⁴

1323 2025 1382 2063 se,
1411 2017 1653 2064 togamque,
1681 2023 1763 2064 qua
1782 2015 1957 2063 opertus
1972 2015 2067 2051 erat
2083 2011 2204 2051 Cice-

1322 2088 1385 2127 ro,
1413 2082 1552 2115 rostro
1570 2074 1775 2126 paulatim
1803 2087 1828 2114 a
1859 2073 1967 2114 faeie
1998 2074 2201 2117 detraxit.

1322 2138 1449 2180 Quod
1470 2138 1581 2176 servi
1601 2137 1954 2189 contemplantes,
1971 2147 2022 2176 ac
2038 2136 2202 2188 seipsos

1321 2201 1610 2251 increpantes,
1637 2199 1671 2238 si
1696 2203 1951 2250 paterentur
1968 2197 2200 2238 Dominum

1324 2264 1366 2303 iu
1400 2267 1632 2313 conspectu
1668 2261 1889 2308 trucidari,
1922 2273 2050 2313 quum
2072 2273 2198 2313 opem

1322 2327 1359 2366 ei
1379 2326 1532 2366 bestiae
1552 2325 1731 2376 ferrent,
1749 2325 1925 2377 ejusque
1942 2336 2086 2365 curam
2105 2336 2200 2375 age-

1322 2395 1419 2429 rent
1439 2387 1618 2438 adflicti,
1648 2388 1730 2440 ipsi
1765 2393 1907 2427 autem
1941 2400 2023 2428 non
2058 2393 2209 2439 prote-2

1322 2457 1489 2503 gerent,
1519 2452 1674 2502 partim
1715 2451 1931 2502 precibus,
1967 2451 2120 2502 partim
2158 2451 2199 2490 vi
2267 2503 2277 2511 υ

1319 2515 1530 2554 sublatum
1568 2516 1611 2553 in
1656 2515 1814 2553 lectica
1859 2514 2106 2560 detulerunt
2144 2514 2198 2553 ad

1320 2587 1449 2616 mare.
1504 2577 1680 2615 Interea
1722 2580 2063 2626 supervenerunt
2103 2588 2199 2627 per-

1320 2649 1511 2678 cussores
1538 2638 1782 2678 Herennius
1803 2639 2025 2688 Centurio,
2052 2644 2097 2678 et
2117 2640 2203 2678 Po·

1320 2701 1448 2752 pilius
1493 2701 1732 2740 Tribunus:
1799 2713 1930 2753 quem·
1978 2701 2198 2752 parricidii

1320 2766 1530 2818 quondam
1570 2778 1688 2806 reum
1726 2765 1982 2806 defenderat
2013 2766 2197 2806 Cicero.'

1319 2829 1430 2869 Vide
1468 2834 1513 2869 et
1546 2828 1731 2881 Appian.
1766 2830 1875 2869 Bell.
1908 2830 2005 2870 Cir.
2041 2829 2114 2869 lib.
2154 2841 2196 2870 v,

1321 2893 1430 2932 Haec
1452 2893 1553 2932 villa
1585 2899 1631 2932 et
1662 2892 1978 2932 ‘Formianum'
2010 2893 2196 2944 appella·

1321 2959 1390 2993 tur
1411 2954 1620 2993 Ciceroni.
1677 2955 1946 2994 Prominenti
1968 2960 2109 2994 autem
2127 2958 2129 2962 “
2144 2966 2197 2992 ex

1319 3017 1491 3066 lectica,
1528 3017 1823 3070 praebentique
1852 3018 2066 3058 immotam
2105 3029 2196 3057 cer-

1320 3080 1471 3130 vicem,
1499 3085 1631 3131 caput
1660 3079 1700 3119 ei
1736 3080 1960 3131 praecisum
1993 3086 2071 3132 est,
2099 3092 2194 3120 cum

1320 3150 1431 3184 esset
1453 3155 1655 3182 annorum
1674 3146 1741 3183 64.
1773 3143 1890 3195 Thy-⁹.

1375 3206 1604 3256 Horologit‘]
1632 3206 1840 3245 Inventor
1864 3205 2087 3258 Horologii
2106 3207 2196 3246 cre-

1321 3269 1438 3308 ditur
1478 3268 1675 3308 Vitruvio
1721 3269 1907 3308 Berosus
1953 3268 2197 3318 Chaldaeus,

1321 3338 1419 3384 post
1456 3343 1551 3371 enm
1584 3330 1857 3371 Aristarchus
1891 3331 2074 3381 Samius,
2109 3330 2193 3370 En-

1320 3395 1472 3444 doxus,
1487 3393 1753 3445 Apollonius,
1773 3394 1948 3445 Scopas,
1967 3393 2052 3432 alii.
2093 3393 2193 3431 Um-

1319 3455 1484 3496 brarum
1508 3455 1731 3506 rationem,
1764 3467 1888 3508 quam
1911 3455 2057 3496 Graeci
2076 3455 2193 3495 Gno-

1319 3519 1512 3560 monicen
1531 3523 1698 3569 vocant,
1727 3518 1893 3559 invenit
1907 3516 2201 3558 Anaximenes—
