2358 4036
355 269 462 321 914

356 402 467 452 dam,
485 400 553 441 vel
571 400 606 439 si
626 397 739 439 aliud
758 407 863 449 opus
890 398 1029 442 esset5
1049 402 1223 443 respon·

354 467 512 508 debant
527 462 764 505 Phoebades
780 462 848 502 vel
863 466 1000 508 tauro,
1016 458 1083 497 vel
1098 468 1223 509 agno,

352 532 423 570 vel
452 530 531 569 hoc
562 528 663 578 ritu,
691 527 754 567 vel
785 525 872 573 illo,
909 523 976 561 vel
1010 519 1125 566 Jovi,
1155 520 1223 558 vel

353 592 506 640 Marti,
540 591 608 630 vel
642 590 725 639 his,
754 587 822 627 vel
857 585 939 624 illis
969 582 1223 623 sacrificium

355 668 450 696 esse
469 654 724 695 faciendum.
771 645 1063 690 ‘Phoebades'
1091 646 1223 697 Apol-

356 720 452 761 linis
499 723 617 757 vates
663 716 888 762 dicuntur3
925 716 1045 750 erant
1083 716 1222 749 autem

352 785 538 836 virgines
575 781 635 821 sic
669 792 693 819 a
725 777 888 817 Phoebo
925 776 1220 818 denominatae,

350 859 444 901 quae
459 846 660 896 templum
675 841 883 893 Apollinis
894 840 1112 891 ingressae,
1125 851 1220 877 cum

353 911 407 952 ad
434 909 563 961 ipsius
596 906 742 959 adyta,
772 905 852 944 boc
873 908 951 952 est,
982 901 1220 954 penetralia

347 973 577 1017 venissent,
605 968 818 1021 Apollinis
856 967 1011 1018 spiritu
1048 963 1218 1016 affiatae,

347 1035 491 1077 futura
509 1032 812 1086 praedicebant.
839 1030 962 1069 Idem.

398 1100 531 1140 Libris
546 1095 696 1146 vatum]
723 1093 949 1144 Praecipue
967 1090 1200 1144 Sibyllinis.

400 1163 568 1203 Etrusca
603 1157 827 1211 disciplina]
857 1154 1098 1197 Secundum
1128 1166 1217 1194 mo-

344 1237 433 1265 rem
454 1225 778 1272 Hetruscorum,
796 1232 921 1273 quem
940 1231 964 1259 a
982 1220 1145 1270 Tagete
1171 1217 1215 1257 in

345 1299 449 1339 agro
483 1284 779 1338 Tarquiniensi
815 1283 1091 1330 didicerunt3
1120 1291 1214 1320 nam

343 1350 443 1390 inde
473 1361 594 1389 sacra
626 1353 671 1388 et
690 1346 946 1388 ceremonias
965 1356 1107 1384 omnes
1127 1346 1213 1384 Ro-

342 1411 456 1452 mani
507 1413 793 1461 sumpserunt.
877 1407 1057 1447 Constat
1102 1409 1213 1447 enim

339 1473 577 1514 Hetruseos
598 1471 731 1512 omnis
749 1469 881 1510 divini
899 1470 1034 1510 cultus
1052 1470 1212 1510 studio-

345 1535 529 1576 sissimos
546 1534 688 1574 fuisse.
744 1533 854 1573 Haec
893 1538 1036 1572 autem
1072 1532 1213 1573 omnia

345 1598 498 1639 Cicero
532 1598 576 1637 in
610 1596 734 1637 Orat.
771 1601 922 1636 contra
941 1596 995 1636 P.
1016 1595 1212 1636 Clodium

341 1654 583 1713 planissime
619 1659 837 1700 ostendit:
866 1659 980 1702 ‘Qui
1016 1659 1214 1710 illorum,’

335 1724 491 1776 inquit,
520 1725 532 1746 ‘
547 1723 814 1776 prudentiam
841 1736 926 1764 non
948 1724 1086 1763 dicam
1106 1736 1214 1764 asse-

345 1791 547 1839 quuntur,
582 1786 658 1826 sed
678 1793 836 1839 quanta
865 1786 1012 1839 fuerit,
1046 1788 1213 1840 perspi·

338 1863 435 1891 cere
455 1856 645 1903 possunt,
672 1852 745 1904 qui
772 1856 906 1892 statas
933 1852 1212 1906 solennesque

334 1915 608 1963 ceremonias,
640 1915 889 1968 pontificum
922 1927 1061 1955 rerum
1102 1915 1210 1955 bene

339 1978 621 2030 gerendarum
668 1980 966 2029 authoritates,
1021 1979 1210 2030 auguria,

337 2039 522 2081 fatorum
555 2046 726 2081 veteres
757 2041 1057 2093 praedictiones
1078 2041 1208 2093 Apol-

338 2104 452 2152 linis,
481 2109 625 2144 vatum
656 2104 802 2150 libros,
821 2109 1116 2156 portentorum
1137 2116 1209 2143 ex-

333 2168 617 2219 planationes,
646 2167 955 2207 Hetruscorum
983 2166 1210 2218 disciplina

339 2230 548 2272 contineri
580 2235 811 2282 putarunt;
842 2240 936 2281 quae
973 2234 1093 2268 tanta
1129 2234 1207 2275 est,

334 2297 384 2332 ut
421 2297 568 2332 nostra
603 2290 806 2331 memoria
842 2290 1022 2342 primum
1064 2290 1209 2330 Italici

330 2354 434 2395 belli
463 2354 632 2395 funesta
659 2352 884 2406 principia,
914 2358 1013 2404 post
1048 2353 1208 2406 Syllani

260 2438 265 2445 =
335 2417 600 2469 Cinnanique
619 2416 825 2468 temporis
842 2422 1078 2456 extremum
1097 2429 1208 2468 pene

337 2478 579 2524 discrimen,
608 2484 698 2518 tum
716 2479 824 2519 hanc
852 2484 1070 2518 recentem
1090 2480 1207 2519 urbis

332 2540 644 2582 inflammandae
657 2541 910 2592 delendique
926 2540 1094 2592 imperii
1111 2554 1209 2582 con·

329 2605 591 2656 jurationem
624 2617 707 2643 non
737 2603 917 2644 obscure
954 2606 1080 2656 paulo
1112 2611 1211 2646 ante

336 2666 615 2718 praedixerit.'
647 2668 797 2707 Oliver.

391 2729 523 2770 Rebus
558 2729 702 2770 divinis
731 2741 845 2780 opera
881 2729 1013 2780 datur]
1047 2730 1099 2770 Id
1129 2737 1212 2777 est,

344 2791 551 2832 sacrificia
570 2792 661 2832 Diis
681 2791 961 2841 exhibentur3
989 2804 1085 2832 nam
1105 2792 1211 2833 divi-

337 2854 408 2893 nis
428 2866 601 2906 operam
620 2854 739 2900 dare,
767 2854 870 2893 nihil
894 2854 1008 2894 aliud
1036 2860 1103 2895 est
1131 2855 1211 2895 nisi

340 2913 595 2956 sacrificare.
624 2916 747 2955 Idem.

394 2978 739 3018 Commendandum
773 2982 844 3024 est,
878 2979 1114 3030 precatione]
1146 2980 1209 3021 Ut

343 3052 438 3080 cum
459 3041 627 3092 aliquod
659 3040 816 3081 bellum
852 3042 1138 3093 susciperent,
1164 3047 1210 3082 et

338 3102 432 3142 Diis
467 3103 704 3143 exercitum
738 3103 883 3155 populi
905 3104 1078 3144 Romani
1097 3117 1208 3145 com-

335 3164 603 3216 mendarent,
613 3165 707 3205 Diis
721 3164 1018 3207 sacrificabant
1028 3168 1208 3218 31deinde

340 3237 437 3265 cum
476 3228 568 3278 jam
610 3227 724 3268 bello
769 3235 970 3280 suscepto
1016 3231 1207 3281 praelium

339 3288 648 3342 inituriessent‚
659 3290 899 3330 numinibus
914 3291 1071 3343 aliquid
1087 3305 1209 3333 vove·

335 3349 455 3400 bant,
498 3353 565 3391 vel
608 3354 829 3405 templum,
865 3354 934 3392 vel
971 3366 1102 3404 aram,
1140 3356 1208 3395 vel

337 3423 485 3452 munus
496 3413 681 3466 aliquod,
695 3415 728 3454 si
742 3427 842 3467 pop.
856 3416 976 3456 Rom.
988 3416 1209 3457 victoriam

342 3474 677 3527 concessissent3
705 3482 919 3530 postremo
940 3478 1119 3519 victoria
1135 3491 1208 3531 po·

912 275 1088 316 NOTAE
1131 272 1461 312 VARIORUM
1505 274 1568 312 IN

1286 389 1373 441 titi,
1387 401 1512 441 quam
1532 401 1556 429 a
1570 389 1668 429 Diis
1686 389 1917 444 petierant,
1933 391 1975 430 in
1994 391 2161 433 actione

1285 452 1514 503 gratiarum
1536 459 1637 491 vota
1655 453 1972 504 persolvebant.
2014 455 2071 494 Et
2084 456 2160 494 bos

1285 516 1389 554 ritus
1435 515 1626 555 ostendit
1675 516 1914 556 instituisse
1959 518 2159 569 majores.

1284 579 1405 620 Idem.

1338 642 1634 694 Gratulatione]
1695 644 1806 685 Quia
1851 644 1945 684 Diis
2000 646 2158 697 gratias

1283 705 1466 757 agebant
1507 717 1585 756 pro
1623 718 1669 745 re
1704 707 1813 747 bene
1861 713 2016 758 gesta3
2061 720 2159 748 nam

1283 768 1297 790 ⁸
1316 767 1550 819 gratulari‚'
1588 781 1682 808 cum
1714 770 1768 808 ad
1799 770 1920 809 Deos
1957 769 2159 822 refertur,

1282 837 1348 870 est
1381 831 1541 882 gratias
1575 843 1737 883 agere3
1779 832 1882 870 alias
1913 843 2030 883 vero,
2062 845 2158 873 cnm

1280 894 1360 933 alio
1382 894 1543 944 pariter
1562 894 1616 933 de
1638 906 1684 933 re
1705 893 1847 947 aliqua
1864 894 2004 934 laetari
2034 895 2162 948 signi-

1278 955 1393 996 ficat.

1331 1022 1610 1074 Inquirendum
1641 1025 1701 1063 vel
1729 1025 1846 1071 extis,
1885 1025 1947 1064 vel
1972 1025 2161 1078 sortibus]

1277 1086 1400 1133 Sunt,
1433 1086 1587 1138 inquit,
1616 1087 1750 1126 etalii
1767 1087 1872 1126 ritus
1891 1086 2159 1128 sacrificandi

1275 1160 1300 1188 a
1335 1149 1565 1201 majoribus
1603 1149 1809 1200 instituti,
1846 1156 1894 1190 nt
1928 1163 2025 1191 cum
2059 1151 2158 1191 irati

1276 1218 1376 1253 sunt
1410 1213 1498 1264 Dii,
1536 1219 1583 1253 et
1614 1213 1833 1255 sacrificiis
1866 1215 1970 1254 iram
2008 1227 2157 1255 eorum

1275 1278 1449 1329 placare
1467 1278 1683 1318 volumus:
1705 1279 1841 1330 primo
1857 1278 2156 1331 inquirendum

1275 1344 1342 1380 est
1370 1352 1447 1380 cur
1479 1340 1578 1380 irati
1616 1341 1729 1391 sint3
1758 1346 1803 1380 et
1835 1347 2061 1394 postquam
2083 1353 2155 1381 ex·

1273 1403 1446 1453 plorata
1463 1402 1596 1443 fuerit
1614 1403 1677 1443 ira
1696 1405 1906 1455 Deorum,
1923 1417 2003 1456 pro
2023 1404 2158 1457 qnali-

1274 1469 1363 1505 tate
1386 1466 1545 1517 piaculi
1574 1466 1859 1508 adhibendum
1890 1473 1956 1507 est
1993 1463 2155 1508 sacrifi·

1272 1528 1400 1569 cium.
1431 1529 1695 1582 Exploratur
1716 1537 1859 1572 autem
1880 1533 1943 1571 ira
1966 1533 2155 1572 Deorum

1272 1593 1341 1632 vel
1373 1604 1451 1644 per
1485 1598 1601 1644 exta,
1648 1594 1716 1633 vel
1750 1606 1829 1645 per
1859 1599 2010 1634 sortes.
2065 1594 2156 1634 Per

1273 1661 1374 1695 exta
1410 1657 1492 1696 hoc
1528 1657 1683 1697 modo:
1717 1657 1751 1696 si
1781 1657 1924 1698 tristia
1957 1651 2156 1708 fuissent,

1273 1719 1342 1758 vel
1361 1719 1532 1770 pallida,
1552 1721 1616 1759 vel
1633 1721 1771 1772 aliqua
1789 1726 1914 1772 parte
1945 1720 2157 1771 mutilata,

1273 1782 1575 1833 significabant
1586 1784 1701 1823 Deos
1715 1784 1849 1823 iratos
1863 1795 1982 1824 esse:
2004 1783 2039 1823 si
2053 1784 2155 1823 vero

1272 1846 1388 1896 laeta,
1406 1847 1614 1898 vigentia,
1642 1853 1687 1887 et
1706 1847 1885 1900 integra,
1905 1846 1977 1886 Dii
1996 1843 2153 1898 sigulfi-

1273 1909 1484 1950 cabantur
1502 1922 1596 1950 esse
1616 1910 1789 1962 placati.
2056 1911 2058 1913 ’

1331 1974 1403 2015 Vel
1445 1974 1633 2026 sortibus]
1691 1974 1865 2025 Duplex
1910 1971 1996 2017 fuit
2039 1972 2154 2032 apud

1273 2036 1436 2088 priscos
1455 2038 1675 2090 praecipue
1695 2034 1912 2076 divinandi
1931 2047 2062 2087 genus
2077 2047 2155 2087 per

1270 2105 1423 2140 sortes.
1478 2100 1598 2140 Unas
1629 2098 1802 2152 quidem
1836 2104 1977 2139 sortes
2023 2098 2154 2138 ‘Vir-

1272 2162 1478 2213 gilianas’
1523 2162 1819 2214 appellabant,
1863 2174 1959 2202 cum
2003 2167 2153 2213 aperto

1272 2226 1443 2276 Virgilii
1463 2225 1612 2266 codice
1633 2225 1836 2266 destinati
1855 2225 1928 2278 qui
1950 2225 2156 2266 occurris-

1271 2295 1367 2329 sent
1385 2301 1547 2330 -versus
1576 2289 1919 2341 excipiebantur.
1974 2289 2042 2330 De
2069 2300 2152 2342 quo

1270 2364 1428 2403 genere
1455 2353 1585 2393 AElius
1613 2352 1869 2404 Spartianus
1900 2352 1945 2391 in
1972 2350 2153 2393 Adriani

1268 2415 1371 2466 vita,
1401 2427 1483 2467 quo
1502 2413 1675 2467 quidem
1695 2421 1908 2467 tempore,
1934 2427 2031 2455 cum
2067 2415 2152 2456 sol-

1271 2477 1413 2517 licitus
1433 2478 1488 2517 de
1506 2477 1782 2529 Imperatoris
1801 2488 1906 2528 erga
1916 2476 2154 2528 sejudicio,

1270 2539 1530 2591 Virgilianas
1550 2540 1796 2579 consuleret
1823 2544 1978 2591 sortes,
2004 2540 2049 2580 in
2077 2541 2152 2581 bos

1270 2603 1425 2643 incidit
1469 2614 1649 2643 versus:
1696 2608 1708 2626 ‘
1728 2602 1836 2646 Quis
1882 2603 2031 2654 procul
2051 2632 2053 2634 -
2076 2602 2152 2644 ille

1273 2673 1418 2708 autem
1454 2668 1580 2707 ramis
1627 2666 1806 2718 insignis
1847 2666 1973 2706 olivae
2019 2666 2167 2723 Sacra¹

1272 2728 1441 2770 ferens?
1458 2742 1589 2770 nosco
1601 2730 1740 2770 crines
1757 2729 1993 2781 incanaque
2006 2734 2152 2770 menta

1271 2794 1453 2833 Romani
1474 2794 1604 2845 regis,
1621 2793 1799 2845 primam
1815 2793 1887 2845 qui
1905 2792 2071 2844 legibus
2085 2804 2151 2833 ur·

1272 2854 1369 2895 bem
1407 2856 1650 2897 Fundavit:
1675 2854 1881 2896 ·Curibus
1919 2848 2078 2907 parvis,
2104 2860 2155 2904 et

1271 2931 1459 2972 paupere
1475 2920 1618 2961 terra!
1663 2918 1860 2959 Alterum
1875 2917 1959 2958 fuit
1973 2918 2150 2959 sortium

1270 2993 1402 3032 genus
1421 2983 1771 3033 vetustissimum,
1802 2994 1827 3021 a
1855 2981 2150 3022 sacerdotibus

1271 3043 1518 3096 confictum,
1549 3046 1850 3098 responsisque
1879 3045 2148 3085 oraculorum

1269 3118 1353 3146 non
1388 3108 1617 3159 dissimile3
1645 3108 1759 3160 quod
1791 3108 2001 3158 inscripta
2034 3105 2148 3147 foliis

1269 3170 1464 3210 arborum
1474 3171 1729 3223 tabellisque
1746 3171 2009 3210 diversorum
2021 3181 2151 3211 eveu-

1271 3238 1389 3272 tuum
1420 3235 1559 3285 elogia
1593 3234 1646 3274 ad
1683 3235 1874 3274 Deorum
1908 3231 2148 3285 pulvinaria

1269 3300 1392 3335 erant
1411 3296 1475 3335 ita
1493 3296 1718 3348 disposita,
1748 3300 1797 3335 ut
1814 3295 1926 3347 quod
1947 3288 2147 3346 petitioni

1269 3357 1510 3398 conducere
1524 3359 1757 3408 videretur,
1769 3357 1950 3398 artificio
1963 3354 2145 3410 quodam

1270 3420 1313 3458 in
1347 3431 1464 3471 spem
1492 3421 1560 3460 vel
1597 3421 1641 3460 in
1678 3426 1837 3460 metum
1868 3419 2145 3460 suscitantem

1269 3480 1540 3523 inducerent.
1579 3482 1694 3523 Hinc
1715 3482 1821 3523 illud
1838 3482 1948 3525 Livii
1963 3480 2038 3524 lib.
2056 3492 2143 3522 ΧΠ.
