2346 3996
402 307 543 362 1330

401 451 485 480 non
516 438 588 479 uni
616 436 794 489 consuli,
823 436 898 477 sed
927 436 1124 477 omnibus
1143 436 1271 478 etiam

402 502 721 556 magistratibus
743 500 1016 554 puniendum.
1039 500 1167 551 Pigh.

454 568 604 617 Magno
631 578 718 606 cum
751 564 890 605 rubore
926 564 1119 616 civitatis]
1148 563 1274 607 Quod

398 631 549 671 summi
568 629 858 682 magistratus,
871 628 914 668 in
933 627 1085 681 quibus
1105 627 1275 680 imperii

398 694 596 746 majestas
625 691 900 744 conspicitur,
928 697 1016 730 tam
1043 689 1272 731 luxuriosis

396 758 552 812 epulis,
570 761 789 808 tantaeque
818 753 1088 795 obscoenitati
1119 765 1167 795 se
1188 758 1273 793 tra-

397 819 625 870 didissent,
658 824 707 859 ut
740 817 1022 859 nobilissimas
1059 824 1272 858 matronas

395 882 712 934 ingenuumque
742 893 920 934 puerum
943 879 997 921 ad
1015 879 1272 932 explendam

396 945 588 997 corporis
625 944 691 984 s'ui
724 943 942 984 libidinem
978 942 1092 983 inter
1123 942 1271 994 epulas

398 1007 718 1059 prostituendos
761 1006 1002 1058 habuerint,
1037 1006 1080 1045 in
1118 1004 1269 1058 quibus

394 1077 573 1123 propter
608 1070 865 1122 dignitatem
904 1069 1157 1122 imperiique
1184 1081 1271 1109 ma-

388 1134 592 1186 jestatem
611 1145 774 1174 summa
800 1133 1068 1174 continentia
1085 1144 1179 1173 esse
1197 1133 1270 1173 de·

395 1197 564 1237 buerat.
598 1197 702 1237 Oliv.

449 1259 644 1311 Muciam]
673 1258 807 1300 Mucii
834 1258 1036 1299 Scaevolae
1058 1255 1206 1308 filiam,
1225 1260 1271 1296 et

395 1322 597 1374 Pompeii
641 1321 790 1374 Magni
832 1332 1027 1371 uxorem,
1069 1320 1137 1361 cui
1173 1324 1271 1371 post

393 1384 730 1425 Mithridaticam
777 1383 999 1424 victoriam
1036 1381 1270 1435 Pompeius

391 1448 435 1487 in
455 1448 637 1500 patriam
657 1447 827 1488 rediens
846 1446 964 1487 misit
992 1446 1185 1486 libellum
1204 1444 1267 1485 di·

393 1512 538 1564 vortii,
574 1511 688 1565 quod
722 1523 815 1553 eam
844 1511 1025 1551 haberet
1069 1507 1269 1549 adulterii

392 1575 563 1618 nomine
599 1580 861 1628 suspectam.
909 1574 1016 1614 Oliv.
1070 1572 1268 1624 Muciam]

391 1636 547 1692 Aliter,
564 1639 796 1679 Mummiam
810 1642 849 1678 et
867 1637 1062 1678 Flavium.

444 1701 650 1754 Fulviam]
675 1701 814 1742 Fulvii
846 1700 990 1743 Flacci
1007 1701 1155 1751 filiam,
1173 1713 1268 1754 quae

391 1763 574 1816 primum
606 1764 777 1815 Clodio,
798 1762 954 1804 deinde
985 1764 1048 1805 M.
1078 1763 1267 1805 Antonio

394 1828 555 1881 nupsit.
583 1828 707 1869 Idem.
905 1834 907 1841 '

446 1892 656 1933 Probrosoe
669 1890 882 1944 prosapia]
911 1890 982 1932 Ita
1006 1891 1150 1942 vulgo.
1185 1891 1265 1931 Le-

392 1955 597 2008 gendum,
611 1961 661 1996 ut
681 1955 873 1996 nonnulli
892 1954 1076 1996 Codices
1092 1953 1268 2005 habent,

386 2019 608 2071 patientiae.
676 2018 939 2060 Patientiam
986 2017 1029 2058 ἐν
1076 2017 1269 2071 ἐρωτικοῖς

393 2095 488 2125 esse
506 2084 601 2138 quis
621 2083 788 2124 nescit?
818 2083 948 2124 Celer.

445 2150 468 2201 ξ
491 2152 519 2190 9
547 2148 754 2201 Proecipue
783 2159 888 2199 vero,
917 2146 1005 2198 dyo-J
1046 2145 1268 2187 Sallustius

389 2213 503 2253 bello
518 2212 768 2254 Catilinario
779 2211 833 2251 de
845 2212 1058 2252 scelerata
1070 2209 1268 2250 Catilinae

388 2275 573 2329 luxuria,
609 2275 863 2329 perditaque
900 2273 1110 2314 libidine:
1147 2274 1269 2315 ‘Jam

393 2339 605 2393 primum‚'
650 2340 802 2393 inquit,
849 2338 1066 2379 ‘Catilina
1103 2337 1269 2379 adoles-

390 2416 493 2444 cens
527 2404 662 2445 multa
692 2402 879 2445 nefanda
910 2408 1058 2455 stupra
1087 2401 1270 2451 fecerat,

390 2481 490 2509 cum
521 2468 689 2521 virgine
725 2467 874 2518 nobili,
907 2479 1003 2508 cum
1041 2465 1269 2507 sacerdote

394 2535 504 2574 Deae
520 2533 690 2584 Vestae,
706 2539 751 2573 et
762 2531 846 2573 alia
859 2530 1152 2583 hujuscemodi
1168 2541 1269 2571 con-

390 2601 460 2636 tra
498 2596 569 2649 jus
617 2595 793 2648 fasque:
849 2598 1064 2646 postremo
1118 2598 1270 2645 captus

390 2672 535 2700 amore
553 2659 745 2700 Aureliae
763 2657 1000 2709 Orestillae,
1021 2657 1140 2709 cujus
1162 2667 1272 2708 prae-

393 2729 462 2763 ter
495 2722 674 2764 formam
711 2722 815 2762 nihil
853 2732 1038 2774 unquam
1077 2716 1271 2759 laudavit

391 2788 554 2828 bonus:
577 2787 688 2840 quod
704 2798 756 2827 ea
773 2785 933 2826 nubere
947 2782 1009 2823 illi
1025 2781 1272 2832 dubitabat,

390 2850 545 2890 timens
590 2849 831 2902 privignum
881 2846 1074 2887 adultum
1123 2850 1270 2895 aetate,

391 2914 585 2955 creditur
632 2923 711 2964 pro
762 2917 899 2962 certo,
956 2913 1110 2950 necato
1163 2906 1267 2959 filio,

391 2990 571 3019 vacuam
598 2976 772 3017 domum
799 2972 991 3015 scelestis
1021 2971 1184 3024 nuptiis
1209 2969 1270 3011 fe-

392 3041 532 3083 cisse!

445 3106 679 3146 Maritalem
696 3101 850 3154 facem]
875 3102 978 3141 Tam
1012 3110 1197 3152 propere
1220 3098 1269 3139 il·

391 3169 476 3208 lam
505 3172 603 3221 post
628 3166 705 3207 filii
733 3170 914 3206 mortem
934 3163 1060 3203 duxit
1079 3174 1272 3214 uxorem,

394 3238 442 3273 ut
458 3245 512 3273 ex
529 3231 671 3273 medio
688 3241 792 3282 rogo
804 3228 882 3269 filii
900 3226 1040 3268 facem
1060 3227 1154 3279 ejus
1170 3239 1271 3267 con·

387 3297 501 3349 jugii
520 3294 768 3337 accendisse
787 3292 1000 3333 videatur.
1029 3291 1136 3331 Oliv.
1178 3291 1271 3330 Ma-

391 3360 548 3400 ritatem
567 3357 722 3410 facem]
766 3356 820 3397 Id
854 3360 936 3407 est,
970 3354 1144 3405 taedam,
1176 3365 1272 3406 quae

393 3424 657 3465 nubentibus
676 3419 875 3475 praeferri
892 3419 1072 3460 solebat.
1100 3418 1208 3459 Bad.

447 3487 593 3526 Eodem
611 3485 749 3526 deinde
776 3482 926 3534 animo]
955 3481 1067 3524 Quia
1094 3493 1179 3521 non
1199 3481 1272 3520 ali-

395 3554 462 3590 ter
493 3550 536 3589 in
570 3548 755 3602 patriam
781 3546 934 3600 impius
962 3543 1120 3596 fuerat,
1146 3555 1273 3597 quam

982 320 1158 360 NOTAE
1198 320 1530 360 VARIORUM
1574 322 1639 360 IN

1338 436 1383 476 in
1399 435 1546 488 filium,
1564 437 1724 490 quippe
1742 448 1868 491 quam
1883 437 2091 478 scelerata
2106 449 2208 478 con·
2287 487 2291 491 .

1331 499 1551 552 juratione
1570 501 1750 552 perdere
1781 501 2053 551 moliebatur,
2076 502 2116 541 ni
2136 502 2207 542 Ci-

1337 565 1521 615 ceronis,
1559 571 1650 604 tum
1681 565 1881 618 consulis,
1903 565 2114 618 sapientia
2141 577 2208 606 re-

1335 627 1528 668 stitisset.
1582 628 1700 668 Nota
1716 634 1782 669 est
1797 628 1986 668 historia.
2018 629 2126 667 Oliv.
2170 665 2173 667 .

1390 691 1544 742 Ex'r.§
1565 693 1586 730 1
1607 691 1666 730 At
1687 692 1885 742 Campana
1900 690 2078 741 luxuria]
2099 691 2208 731 Post

1337 752 1601 793 Cannensem
1627 753 1791 793 cladem
1810 754 1914 794 satis
1932 759 2100 794 constat
2129 753 2209 793 Ca-

1337 828 1460 869 puam
1481 821 1568 857 tum
1588 817 1830 857 luxuriante
1849 817 1978 868 longa
1994 815 2208 856 felicitate

1335 890 1386 919 ac
1416 879 1684 931 indulgentia
1714 880 1918 931 fortunae,
1953 886 1999 920 et
2025 880 2206 919 maxime

1334 942 1449 982 inter
1464 950 1667 994 corrupta
1695 943 1850 994 omnia,
1874 942 2049 984 lieentia
2069 942 2207 994 plebis

1331 1006 1422 1046 siue
1440 1004 1566 1046 modo
1598 1006 1838 1046 libertatem
1870 1005 2130 1056 exercentis,
2152 1005 2205 1044 ad

1334 1068 1588 1110 Annibalem
1609 1083 1706 1110 cum
1728 1071 2014 1111 Romanorum
2033 1069 2210 1109 insulta-

1333 1132 1450 1173 tione
1478 1132 1719 1174 defecisse:
1763 1133 1817 1173 ad
1847 1145 1988 1186 quam,
2008 1145 2103 1173 cum
2131 1144 2206 1184 ap·

1335 1201 1509 1247 petente
1528 1197 1678 1248 hyeme
1706 1196 1891 1238 Annibal
1908 1196 2144 1236 exercitum
2162 1196 2207 1235 in

1332 1260 1510 1300 hiberna
1536 1260 1799 1308 deduxisset,
1821 1266 2075 1313 partemque
2102 1259 2206 1310 hye-

1333 1323 1413 1363 mis
1453 1323 1659 1376 majorem
1698 1324 1816 1364 illum
1844 1323 1888 1364 in
1915 1322 2044 1363 tectis
2079 1321 2209 1362 habu·

1330 1385 1450 1438 isset,
1469 1386 1672 1427 adversus
1688 1387 1828 1426 omnia
1846 1386 1958 1426 mala
1983 1384 2055 1424 diu
2073 1395 2209 1436 saepe·

1331 1461 1414 1502 que
1444 1449 1686 1501 durantem,
1704 1449 1826 1491 bonis
1853 1449 2209 1500 inexpertumat-

1329 1526 1412 1567 que
1433 1515 1644 1555 insuetum
1665 1515 1845 1555 militem
1870 1513 1950 1554 hac
1969 1525 2054 1553 una
2070 1511 2208 1552 hiber·

1329 1578 1504 1618 natione
1537 1577 1758 1630 perdidit;
1799 1588 1896 1617 nam
1930 1587 2056 1628 quem
2093 1575 2210 1615 nulla

1332 1640 1394 1680 vis
1415 1640 1512 1680 mali
1534 1640 1711 1692 vicerat,
1728 1640 1858 1680 nimia
1873 1639 1986 1680 bona
1999 1643 2043 1678 et
2061 1638 2208 1678 immo·

1330 1703 1438 1744 dicae
1460 1704 1702 1756 voluptates
1723 1702 1967 1754 perdidere,
1999 1708 2044 1743 et
2066 1701 2210 1742 eosim-

1330 1767 1514 1821 pensius,
1532 1779 1615 1819 quo
1648 1766 1831 1818 avidius,
1850 1779 1903 1807 ex
1925 1766 2210 1807 adolescentia

1330 1830 1372 1870 in
1407 1842 1479 1870 eas
1517 1831 1829 1872 immerserant.
1882 1830 2061 1871 Somnus
2092 1830 2207 1872 enim

1330 1899 1376 1934 et
1392 1894 1550 1945 vinum,
1567 1899 1612 1934 et
1632 1894 1772 1946 epulae
1793 1900 1840 1935 et
1858 1899 2016 1944 scorta,
2038 1893 2210 1933 balnea-

1329 1970 1414 2011 que
1451 1963 1498 1999 et
1529 1959 1679 2006 otium,
1725 1957 2035 1998 consuetudine
2068 1956 2208 1996 indies

1330 2021 1545 2073 blandius,
1566 2023 1627 2062 ita
1646 2027 1907 2062 enervarunt
1922 2031 2103 2072 corpora
2123 2020 2212 2059 ani-

1329 2096 1521 2136 mosque,
1559 2089 1608 2124 ut
1641 2084 1776 2136 magis
1817 2083 1974 2124 deiude
2013 2082 2207 2122 victorias

1331 2147 1566 2199 praeteritae
1589 2158 1678 2197 eos,
1698 2158 1823 2198 quam
1849 2149 2084 2197 praesentes
2100 2149 2211 2186 tuta·

1331 2216 1481 2250 rentur
1510 2209 1640 2260 vires,
1675 2209 1897 2261 majusque
1917 2208 1962 2248 id
1982 2212 2208 2260 peccatum

1331 2273 1450 2314 ducis
1470 2273 1584 2326 apud
1610 2272 1772 2325 peritos
1787 2273 1943 2313 artium
1961 2271 2208 2313 militarium

1331 2337 1528 2388 habetur,
1565 2349 1688 2390 quam
1726 2336 1839 2389 quod
1886 2348 1970 2378 non
2006 2348 2061 2376 ex
2098 2335 2209 2376 Can·

1331 2401 1454 2441 nensi
1484 2401 1579 2442 acie
1623 2401 1820 2453 protinus
1855 2399 1910 2440 ad
1939 2399 2086 2440 urbem
2125 2399 2210 2440 Ro-

1332 2476 1499 2504 manam
1534 2464 1740 2505 duxisset.
1806 2463 1889 2504 Illa
1927 2464 2039 2504 enim
2077 2475 2209 2511 cunc-

1334 2528 1441 2568 tatio
1462 2526 1678 2567 distulisse
1697 2526 1825 2569 modo
1846 2526 2069 2568 victoriam
2093 2526 2210 2567 vide-

1333 2590 1370 2629 ri
1391 2590 1549 2642 potuit,
1570 2590 1638 2630 hic
1652 2602 1772 2630 error
1791 2589 1906 2631 vires
1931 2589 2138 2631 ademisse
2155 2589 2212 2630 ad

1335 2653 1604 2695 vincendum.
1659 2653 1832 2706 Itaque,
1874 2653 1994 2694 velut
2041 2652 2077 2693 si
2113 2663 2211 2692 cum

1333 2717 1416 2756 alio
1451 2716 1646 2757 exercitu
1684 2729 1709 2756 a
1746 2716 1895 2768 Capua
1922 2715 2080 2767 exiret,
2106 2714 2210 2754 nibil

1334 2792 1509 2833 usquam
1548 2780 1739 2834 pristinas
1777 2779 2015 2832 disciplinae
2046 2777 2214 2826 tenuit;

1333 2855 1432 2884 nam
1449 2850 1495 2884 et
1513 2843 1733 2884 redierunt
1754 2843 1946 2896 plerique
1964 2841 2115 2883 scortis
2133 2841 2210 2882 im-

1335 2906 1486 2959 pliciti,
1522 2911 1567 2947 et
1599 2906 1674 2947 ubi
1706 2906 1888 2959 primum
1917 2905 1998 2946 sub
2025 2904 2210 2957 pellibus

1332 2970 1484 3012 haberi
1515 2971 1647 3023 coepti
1683 2976 1798 3022 sunt,
1834 2972 2003 3023 viaque,
2035 2974 2082 3010 et
2105 2968 2211 3009 alius

1334 3034 1455 3076 labor
1474 3035 1671 3076 militaris
1697 3035 1890 3087 excepit,
1909 3042 2108 3087 tyronum
2127 3044 2214 3073 mo·

1334 3098 1391 3140 do
1408 3099 1659 3152 corporibus
1687 3098 1900 3150 armisque
1932 3095 2209 3145 deficiebant,

1335 3168 1382 3203 et
1413 3162 1572 3204 deinde
1594 3174 1674 3214 per
1697 3173 1821 3202 omne
1838 3160 2085 3200 aestivorum
2106 3165 2211 3198 tem-

1335 3239 1416 3279 pus
1435 3239 1591 3278 magna
1609 3238 1708 3278 pars
1725 3225 1817 3265 sine
1832 3221 2140 3265 commeatibus
2159 3221 2212 3261 ab

1336 3289 1464 3342 signis
1491 3287 1806 3338 dilabebantur,
1833 3296 1973 3338 neque
1992 3284 2087 3325 aliae
2107 3284 2211 3324 late-

1337 3351 1427 3392 brae
1449 3363 1573 3404 quam
1593 3351 1739 3402 Capua
1759 3348 2046 3390 desertoribus
2074 3352 2211 3387 eraut.

1335 3415 1499 3456 Seneca
1518 3414 1573 3454 ad
1589 3412 1798 3455 Lucilium
1827 3412 1955 3464 epist.
1985 3421 2041 3451 ιι.
2083 3411 2098 3433 ‘
2116 3409 2213 3448 Una

1337 3477 1545 3531 hiberna,'
1567 3476 1723 3530 inquit,
1764 3474 2047 3516 ‘Annibalem
2076 3472 2211 3512 solve-

1340 3548 1456 3593 runt,
1476 3547 1520 3582 et
1540 3540 1788 3580 indomitum
1815 3538 1933 3578 illum
1961 3534 2128 3577 nivibus
2147 3538 2210 3574 at-
