2288 3990
606 317 870 358 VALERH
913 313 1158 352 MAXIMI
1203 312 1323 350 mn.
1362 310 1428 351 11.
1467 311 1603 349 CAP.
1630 295 1684 346 1.

235 441 451 483 tricesima
472 439 747 492 Olympiade,
772 435 1028 478 Consulibus
1048 434 1113 474 M.

233 505 475 558 Pomponio
497 510 542 544 et
565 504 614 544 C.
632 501 840 554 Papyrio,
858 500 931 553 qui
953 499 1112 552 primus

231 582 406 611 uxorem
427 580 545 608 suam
579 566 788 606 dimisisse
811 564 985 613 dicitur,
1003 562 1112 614 Spu-

231 633 320 673 rius
342 631 553 672 Carbilius
581 629 646 668 vir
674 640 760 667 non
788 627 1014 675 obscurus,
1039 626 1111 677 ju·

230 707 324 736 rare
343 700 521 736 coactus
543 707 568 734 a
586 692 846 734 Censoribus
879 691 1110 731 liberorum

227 758 366 812 gratia
385 770 431 799 se
460 756 778 798 matrimonium
805 756 975 795 colere:
1017 757 1113 794 erat

226 827 372 863 autem
393 822 434 862 ei
454 823 642 875 conjunx
659 820 835 869 sterilis,
866 831 949 872 quo
966 823 1110 859 tamen

227 885 343 928 facto
362 899 532 940 quoque
560 886 614 926 ob
630 884 932 926 necessitatem
952 883 1110 936 populo

226 949 389 992 invisus
406 949 519 991 fuit.'
551 949 763 990 Oliverius.

284 1019 306 1056 1
337 1014 410 1068 Sp.
434 1013 650 1065 Carvilius]
678 1014 794 1054 Mire
813 1013 980 1054 variant
1010 1024 1108 1053 auc·

229 1083 344 1119 tores
376 1079 420 1118 in
458 1078 538 1118 hoc
575 1078 761 1118 nomine.
818 1075 1010 1127 Agellius
1038 1077 1109 1129 Sp.

231 1142 449 1183 Carbilium
489 1143 646 1192 Rugum
675 1142 878 1193 appellat.
935 1143 1109 1182 Plutar-

227 1206 332 1248 chus
347 1207 390 1247 in
411 1207 594 1247 Romulo
613 1205 681 1258 Sp.
702 1206 929 1248 Servilium.
985 1206 1108 1247 Idem

227 1271 369 1324 probl.
389 1284 484 1324 cap.
502 1275 567 1312 13.
599 1272 833 1313 Carbilium.
872 1272 924 1312 In
937 1285 1107 1325 compa-

228 1335 395 1378 ratione
415 1337 571 1377 Numae
592 1341 637 1376 et
657 1336 845 1389 Lycurgi
871 1337 942 1388 Sp.
973 1338 1109 1377 Corvi-

227 1412 333 1448 num,
373 1400 451 1440 sed
486 1399 718 1449 legendum
755 1399 830 1450 ibi,
870 1400 1109 1452 Καρσυΐλιον.

231 1463 400 1504 Plinius
433 1464 652 1505 Carvilium
682 1470 727 1505 et
764 1465 980 1506 Carvilium
1014 1477 1109 1518 pro·

225 1526 399 1567 miscue.
432 1527 604 1568 coleras.

280 1592 347 1643 §5
383 1591 566 1643 Vocanti]
594 1592 784 1643 Scilicet,
800 1593 901 1634 viro.
949 1593 1108 1636 Quam-

226 1653 288 1693 vis
307 1654 498 1694 nonnulli
528 1653 758 1695 divortium
790 1655 992 1708 fecerint,
1026 1659 1107 1699 hoc

224 1721 366 1757 tamen
385 1716 631 1758 institutum
662 1730 903 1771 servavere,
936 1728 985 1762 ut
1015 1722 1109 1762 Ma-

221 1785 441 1821 tronarum
461 1794 656 1834 corpora,
684 1796 779 1836 quae
805 1785 850 1824 in
876 1784 950 1837 jus
980 1797 1109 1827 voca-

222 1851 393 1897 rentur,
413 1845 467 1885 ab
482 1846 787 1887 obstetricibus
807 1861 892 1888 non
913 1854 1106 1900 pertrac-

221 1914 431 1957 tarentur,
459 1915 515 1951 ut-
537 1911 756 1963 pudicitiae
773 1912 906 1953 decus
925 1914 1105 1955 inviola-

221 1981 309 2014 tum
332 1982 538 2016 maneret.
569 1976 647 2017 boc
668 1983 811 2018 autem
830 1978 978 2031 fiebat,
1003 1981 1104 2034 quia

220 2038 374 2078 mulier
400 2051 496 2093 quae
535 2040 698 2079 sterilis
729 2053 825 2081 esse
862 2042 1103 2095 dicebatur,

220 2113 304 2142 non
331 2115 407 2142 sua
439 2115 570 2144 causa
598 2105 678 2145 hoc
713 2104 806 2146 fieri
840 2106 1036 2159 dicebat,
1057 2113 1103 2149 et

218 2166 317 2207 ideo
351 2167 664 2213 adhibebantur
695 2168 967 2218 obstetrices,
1004 2185 1100 2224 quae

215 2229 330 2271 illius
351 2242 504 2283 corpus
517 2238 852 2285 pertractarent,
866 2235 938 2275 sed
952 2232 1100 2276 earum

217 2306 312 2346 quae
341 2295 383 2334 in
410 2295 481 2348 jus
510 2296 790 2348 vocabantur,
809 2310 893 2338 non
912 2306 1103 2351 pertrac-

216 2357 380 2399 tabant.
398 2359 546 2399 Oliver.
590 2359 744 2400 Potest
763 2361 1020 2413 simpliciter
1038 2364 1099 2403 in-

219 2421 374 2475 telligi,
410 2435 465 2463 ne
494 2423 586 2463 viro
612 2436 790 2464 uxorem
821 2431 1098 2468 contrectare

216 2484 384 2526 licitum
405 2492 536 2527 esset.

269 2549 516 2602 Matronam]
535 2550 734 2592 Matrona
750 2552 883 2605 dicta,
897 2567 991 2607 quae
1007 2569 1098 2596 ma-

214 2612 415 2654 trimonio
437 2614 527 2654 viro
556 2620 624 2655 est
649 2615 820 2668 juncta,
850 2618 935 2657 etsi
968 2619 1096 2659 liberi

212 2677 399 2718 nondum
420 2678 505 2718 sint
522 2679 628 2720 nati.
697 2679 767 2721 Ita
800 2682 959 2723 eruditi
989 2696 1093 2724 non-

212 2741 331 2781 nulli.
387 2741 581 2783 Isidorus
612 2743 673 2784 ait
700 2755 711 2782 ε
748 2746 760 2767 ‘
784 2745 990 2786 Matrona
1024 2753 1093 2788 est

157 2854 161 2858 ῃ
209 2811 349 2847 mater
368 2807 493 2859 primi
514 2808 652 2859 pueri,
678 2809 798 2861 quasi
819 2815 956 2850 mater
969 2811 1092 2852 nati!

157 2865 160 2868 ⁴
210 2868 332 2909 Idem
365 2868 456 2910 fere
490 2869 675 2911 affirmat
707 2872 780 2911 lib.
806 2883 851 2914 x.
880 2885 975 2925 cap.
1011 2875 1090 2916 ult.

211 2945 307 2975 cum
327 2935 503 2976 scribit:
534 2938 546 2959 ‘
568 2937 770 2978 Matrona
791 2945 873 2990 est,
891 2952 987 2992 quae
998 2940 1089 2993 jam

208 2999 372 3050 nupsit,
401 3005 447 3040 et
463 2999 582 3041 dicta
601 3008 798 3043 matrona
818 3006 936 3056 quasi
953 3012 1093 3047 mater

209 3061 314 3112 nati,
333 3063 400 3102 vel
422 3064 518 3115 quia
541 3063 634 3115 jam
656 3072 792 3106 mater
811 3067 902 3108 fieri
924 3075 1088 3121 potest:

208 3125 321 3166 unde
341 3131 386 3166 et
406 3127 729 3170 Matrimonium
749 3130 943 3172 dictum.'
991 3135 1090 3174 Dis-

209 3189 419 3242 tinguitur
439 3197 581 3232 tamen
601 3193 715 3234 inter
730 3202 981 3250 matronam,
1002 3211 1090 3239 ma-

206 3259 333 3305 trem,
351 3260 396 3295 et
409 3255 790 3300 matremfamilias,
833 3261 942 3300 Nam
960 3262 1088 3304 dictae

206 3321 430 3368 matronae,
467 3320 666 3371 quoniam
700 3331 999 3365 convenerunt
1044 3327 1088 3366 in

205 3381 538 3434 matrimonium3
584 3390 758 3436 matres,
796 3387 898 3439 quia
931 3401 1087 3440 genue-

207 3448 330 3484 runt:
354 3445 714 3498 matresfamilias,
733 3449 832 3500 quia
853 3462 933 3501 per
953 3464 1085 3504 quan-

209 3503 304 3544 dam
330 3507 442 3558 juris
467 3509 768 3551 solennitatem
804 3512 847 3552 in
880 3512 1084 3557 familiam

206 3569 349 3608 mariti
368 3572 644 3614 transierunt.
687 3575 838 3616 Festus
860 3577 1083 3619 Gramma-

1917 293 2058 347 1001

1178 432 1291 473 ticus
1310 431 1443 473 tradit
1463 429 1702 482 appellatas
1720 430 1953 478 matronas,
1968 428 2059 479 qui-

1178 497 1256 536 bus
1284 497 1415 536 stolas
1443 493 1628 535 habendi
1656 492 1728 544 jus
1765 496 1873 530 erat.
1928 487 2058 541 Apud

1177 560 1361 600 eundem
1383 561 1500 611 legas
1524 563 1739 599 matronas
1754 568 1777 595 a
1798 553 2059 606 magistrati-

1174 622 1254 663 bus
1274 636 1356 663 non
1373 621 1618 663 submoveri
1635 621 1798 670 solitas,
1813 631 1865 658 ne
1886 618 2063 670 pulsari,

1175 692 1251 727 aut
1269 687 1532 727 contrectari
1550 685 1812 732 viderentur,
1828 687 1873 722 et
1891 694 1945 722 ne
1967 694 2062 737 gra·

1175 749 1288 790 vidae
1327 755 1677 789 concuterentur.
1732 746 1816 787 Sed
1856 756 1937 785 nec
1978 745 2061 784 viri

1174 826 1318 854 earum
1340 815 1544 853 sedentes
1567 826 1663 853 cum
1684 811 1886 853 uxoribus
1917 811 1960 850 in
1991 822 2066 850 ve·

1172 878 1315 919 hiculo
1328 878 1590 918 descendere
1605 878 1880 930 cogebantur.
1929 874 2059 918 Quod

1175 943 1342 983 vittatae
1387 942 1647 982 incesserint
1682 941 1932 995 castissimae
1972 951 2060 979 rna-

1172 1012 1327 1058 tronae‚
1355 1007 1506 1047 instita
1525 1007 1671 1057 etiam,
1689 1007 1770 1045 hoc
1789 1010 1870 1057 est,
1899 1004 2059 1045 tenuis·

1171 1071 1277 1111 sima
1289 1069 1469 1110 fasciola
1483 1071 1637 1110 stolam
1649 1069 1882 1118 ambiente,
1894 1067 2061 1108 indicat

1171 1135 1274 1177 illud
1297 1136 1427 1176 Ovid.
1458 1135 1556 1177 Art.
1581 1136 1679 1176 Am.
1694 1147 1726 1176 1.
1755 1134 1768 1156 ‘
1786 1135 1892 1174 Este
1909 1133 2061 1186 procul

1172 1203 1293 1243 vittae
1317 1208 1487 1253 tenues,
1517 1202 1682 1253 insigne
1705 1200 1896 1253 pudoris,
1929 1199 2058 1241 Quae-

1172 1279 1256 1320 que
1279 1268 1391 1319 tegis
1410 1268 1559 1319 longos
1577 1266 1727 1306 instita
1747 1265 1873 1316 longa
1891 1262 2057 1316 pedes.’

1227 1332 1426 1373 Inviolata
1450 1331 1571 1383 stola]
1600 1330 1817 1371 Nolebant
1847 1342 1929 1402 nep
1965 1341 2058 1370 ves·

1172 1401 1259 1436 tem
1293 1395 1464 1449 quidem
1496 1395 1651 1446 attingi
1685 1393 1878 1434 mulieris
1912 1406 1955 1433 in
1984 1393 2058 1446 jus

1173 1465 1358 1510 vocatae,
1397 1466 1442 1500 ut
1480 1459 1616 1498 honor
1653 1457 1846 1498 mulieris
1886 1458 2059 1498 omnino

1171 1529 1430 1564 servaretur.
1486 1525 1542 1564 Et
1559 1528 1627 1563 est
1644 1521 1744 1562 stola
1763 1521 1937 1574 proprie
1965 1534 2057 1561 vcs-

1171 1587 1227 1627 tis
1245 1587 1462 1628 muliebris
1483 1587 1537 1627 ad
1554 1588 1662 1628 talos
1678 1597 1812 1640 usque
1832 1585 2030 1627 demissa.

1222 1652 1354 1703 Stola]
1408 1652 1571 1693 Stolam
1630 1652 1746 1691 inter
1797 1651 2058 1692 vestimenta

1168 1715 1392 1755 muliebria
1429 1720 1754 1756 annumeratam
1784 1713 1934 1766 fuisse,
1969 1720 2057 1755 tes-

1169 1784 1317 1819 tantur
1340 1783 1559 1830 auctores,
1586 1779 1699 1819 inter
1731 1790 1838 1831 quos
1866 1776 1951 1819 fuit
1977 1779 2053 1818 Ul-

1166 1844 1345 1898 pianus:
1376 1850 1421 1884 et
1459 1850 1652 1885 autorem
1688 1844 1862 1885 videtur
1893 1844 2055 1884 habere

1165 1909 1549 1961 locupletissimum
1571 1909 1826 1950 Ciceronem
1854 1908 1897 1948 in
1917 1906 2055 1948 Anto·

1164 1975 1291 2015 niana
1305 1975 1509 2026 secunda,
1526 1975 1566 2014 iu
1584 1974 1676 2015 haec
1691 1973 1851 2014 verba:
1873 1974 1885 1996 ‘
1898 1973 2052 2025 Sump-

1164 2039 1258 2080 sisti
1277 2040 1441 2079 virilem
1463 2044 1629 2091 togam,
1648 2051 1774 2091 qnam
1794 2037 1940 2077 statim
1957 2050 2048 2077 mu-

1163 2106 1342 2147 liebrem
1362 2103 1514 2146 stolam
1537 2103 1798 2145 reddidisti!
1853 2104 1935 2145 Cui
1956 2116 2051 2144 sen-

1164 2170 1311 2210 tentiae
1357 2169 1532 2210 videtur
1574 2168 1783 2210 accedere
1826 2169 2053 2209 Vitruvius

1164 2232 1240 2273 lib.
1257 2244 1288 2273 1.
1305 2245 1401 2273 cnm
1424 2231 1663 2273 Cariatides
1682 2232 1905 2272 Matronas
1922 2233 2052 2272 stola-

1165 2302 1231 2336 tas
1269 2296 1445 2348 depingi
1483 2296 1536 2336 ab
1572 2296 1761 2349 antiquis
1794 2296 1871 2348 ait,
1900 2303 1945 2337 et
1974 2309 2050 2349 pro

1164 2362 1458 2401 columnarum
1475 2362 1737 2402 ornamentis
1756 2362 1809 2401 ad
1828 2361 2050 2402 fulcienda

1162 2425 1347 2467 aedificia
1366 2431 1506 2468 rectas
1527 2427 1650 2479 erigi.
1701 2428 1909 2468 Nonnulli
1930 2429 2049 2468 nulla

1162 2490 1246 2530 alia
1275 2490 1440 2531 ratione
1478 2503 1503 2531 a
1535 2497 1658 2531 veste
1687 2490 1860 2531 differre
1877 2497 2049 2544 putant,

1161 2566 1288 2606 quam
1317 2565 1368 2594 ea
1390 2567 1472 2607 qua
1504 2554 1810 2596 vestimentum
1845 2554 1897 2595 ab
1926 2555 2048 2595 indu-

1159 2623 1307 2658 mento
1329 2619 1424 2671 quis
1448 2616 1624 2659 differre
1643 2619 1876 2671 putaverit.
1933 2619 2047 2671 Bay·

1146 2681 1246 2737 fius.

1217 2745 1311 2786 Vini
1336 2746 1446 2798 usus]
1475 2747 1602 2787 Unde
1632 2747 1768 2788 Aulus
1788 2749 1958 2790 Gellius
1988 2748 2044 2789 de

1157 2810 1373 2851 Noctibus
1391 2810 1548 2852 Atticis
1562 2811 1684 2864 dicit,
1698 2825 1782 2853 non
1796 2814 1945 2853 minori
1959 2826 2049 2866 poe-

1154 2888 1208 2915 na
1224 2874 1334 2916 affici
1350 2877 1622 2917 consuevisse
1639 2879 1854 2928 mulieres,
1872 2891 1965 2931 quae
1985 2878 2045 2918 vi-

1154 2953 1252 2981 num
1285 2940 1901 2993 bibissedeprehenderentur,
1916 2956 2043 2996 quam

1155 3005 1193 3044 si
1217 3010 1292 3045 aut
1313 3005 1533 3056 probrum,
1553 3010 1627 3045 aut
1646 3005 1906 3046 adulterium
1926 3019 2039 3047 com-

1153 3068 1390 3119 misissent3
1415 3081 1541 3120 poena
1557 3066 1701 3108 autem
1717 3069 1914 3121 capitalis
1930 3076 2040 3110 erat.

1152 3132 1564 3185 Dionysiusquoque
1578 3132 1647 3173 lib.
1663 3145 1694 3173 1.
1717 3134 1728 3155 ‘
1740 3132 2044 3185 Delinquens,’

1152 3195 1307 3248 inquit,
1332 3195 1346 3217 ‘
1365 3208 1470 3234 uxor
1498 3196 1541 3235 in
1569 3197 1727 3249 aliquo,
1748 3197 1961 3248 judicem,
1994 3203 2039 3238 et

1152 3258 1458 3310 magnitudinis
1479 3272 1615 3311 poenae
1642 3261 1856 3299 dominum
1885 3260 2039 3300 sortie-

1151 3322 1278 3362 batur
1299 3334 1412 3373 eum,
1442 3322 1512 3374 qui
1548 3323 1672 3362 laesus
1707 3328 1836 3370 erat;
1863 3325 2036 3374 cognati

1150 3398 1332 3439 namqu-e
1350 3386 1474 3424 simul
1495 3398 1590 3424 cum
1612 3385 1701 3423 viro
1719 3385 1773 3423 de
1794 3382 2037 3436 hisjudica‘-

1149 3450 1269 3500 bant,
1296 3450 1340 3488 in
1363 3448 1516 3500 quibus
1536 3454 1630 3486 erat
1648 3440 1840 3499 c'orporis
1857 3460 2034 3502 corrup-

1148 3513 1226 3562 tio,
1253 3512 1379 3552 deeo
1398 3511 1510 3563 quod
1542 3515 1816 3562 peccatorum
1846 3514 2034 3555 omnium

1146 3576 1319 3615 videtur
1352 3574 1519 3614 Graecis
1550 3573 1787 3627 minimum,
1814 3575 1850 3616 si
1869 3588 1953 3629 qua
1972 3578 2034 3619 in-
