2288 3990
411 283 549 340 1044

986 302 1160 341 NOTAE
1201 302 1275 341 VA
1289 303 1531 344 RioRUM
1577 306 1639 343 ΙΝ

465 419 516 463 Q.
556 419 703 459 Fabius
739 418 959 470 Maximus]
1008 416 1118 457 Vide
1150 429 1279 471 supra
1340 420 1463 459 nimis
1490 426 1709 462 cresceret-
1726 421 2208 474 gladiatorumlicentia.

407 483 460 522 ad
478 483 553 524 lib.
576 495 628 523 11.
646 496 683 523 c.
701 487 739 523 2.
766 482 1019 533 ExemplA.

459 549 555 598 §12
586 548 700 587 Nihil
735 546 885 597 mitius]
925 545 1118 598 Contigit
1148 545 1204 587 A.
1219 546 1275 588 U.

402 620 518 650 nnn.
832 652 834 654 ,

454 673 636 725 Latinos]
664 671 908 714 Notandum
925 671 1100 712 Latinos
1121 677 1166 713 et
1184 672 1274 713 Ita-

363 783 366 785 >
401 735 506 775 licos
528 748 643 787 saepe
673 737 865 776 absolute
892 736 904 757 ‘
926 735 1095 775 socios'
1121 736 1271 787 appel-

399 799 489 838 lari.
559 799 673 841 Quin
707 806 751 839 et
788 798 1016 851 aliquando
1051 798 1198 839 Latini
1226 803 1271 839 et

396 860 535 900 Italici
555 860 935 903 confundebantur.
989 861 1061 901 Ita
1076 860 1269 900 Valerius

397 923 614 975 Pelignos,
644 924 721 976 qui,
750 924 892 965 Latini
927 935 1010 964 non
1043 929 1180 973 erant,
1207 924 1269 964 ita

396 992 537 1026 tamen
556 987 808 1039 appellavit.
842 987 1007 1026 Latium
1024 991 1167 1026 antem
1183 986 1266 1026 dis-

394 1049 532 1090 crevit
569 1050 740 1090 Latinos
770 1050 823 1090 ab
861 1050 1041 1098 Italicis,
1083 1049 1265 1102 quinon

393 1118 516 1153 erant
546 1113 590 1153 in
625 1115 774 1154 Latio:
802 1113 940 1153 foedus
961 1113 1013 1152 ab
1034 1113 1083 1152 iis
1102 1112 1264 1153 civibus

393 1176 611 1227 Romanis,
638 1177 708 1229 qui
739 1189 885 1228 agrum
911 1175 1147 1216 Romanum
1167 1188 1263 1227 pos-

391 1239 590 1279 sidebant
616 1245 690 1278 aut
722 1239 919 1279 colebant
947 1239 990 1278 in
1024 1238 1172 1288 Lati03
1191 1238 1263 1290 jus

388 1302 503 1342 Latii
523 1303 576 1342 ab
594 1302 645 1342 iis
678 1302 855 1354 Latinis,
885 1303 958 1354 qui
988 1314 1083 1342 cum
1113 1314 1261 1353 agrum

387 1364 584 1404 Latinum
615 1370 826 1414 tenerent,
859 1376 941 1404 non
973 1370 1118 1403 tamen
1149 1363 1262 1403 Latii

376 1428 475 1478 jure
494 1426 761 1467 fruebantur.
820 1427 886 1466 Ex
911 1425 1075 1466 foedere
1102 1431 1260 1476 autem,

387 1490 501 1541 quod
522 1502 615 1529 cum
638 1489 798 1529 Latinis
815 1494 879 1528 est
906 1500 1165 1539 percussum,
1188 1488 1260 1539 jus

384 1552 489 1591 illud
504 1552 733 1592 emanavit.
788 1551 914 1594 Quod
946 1557 992 1591 et
1022 1551 1097 1602 jus
1133 1551 1261 1602 Latii,

384 1615 454 1655 vel
482 1616 693 1656 Latinitas
730 1616 989 1667 appellatur,
1015 1614 1127 1667 quod
1160 1627 1260 1654 con-

383 1683 471 1718 stat
490 1678 659 1731 quidem
674 1679 769 1731 jure
790 1677 946 1718 civium
976 1678 1257 1717 Romanorum

383 1739 516 1780 fuisse
531 1740 735 1791 deterius,
749 1740 906 1780 Italico
922 1751 1024 1779 vero
1041 1739 1257 1792 aliquanto

382 1805 658 1844 commodius.

439 1865 644 1916 Crucibus]
672 1866 784 1906 Vide
806 1865 993 1918 Lipsium
1015 1861 1068 1905 de
1102 1867 1258 1918 cruce,

382 1933 427 1968 et
448 1929 643 1969 Salmasii
659 1941 865 1981 nuperum
887 1935 1134 1971 tractatum.

435 1989 648 2044 Scipionis]
690 1992 787 2034 Hoc
826 1997 907 2044 est,
941 1992 1021 2032 viri
1054 1993 1257 2034 laudatis-

379 2065 487 2094 s1m1.

434 2117 602 2169 Servile]
643 2117 755 2160 Quia
791 2118 923 2157 servis
953 2121 1002 2157 ut
1031 2117 1257 2169 plurimum

381 2180 669 2234 infligebatur.

432 2247 455 2297 ᾧ
478 2248 526 2284 13
556 2245 672 2284 Feris
698 2244 852 2295 bestiis]
880 2242 1092 2283 Martialis
1111 2248 1157 2284 et
1179 2244 1255 2286 Ju-

377 2307 539 2347 venalis
558 2307 612 2347 de
634 2307 835 2347 theatrali
868 2306 1094 2347 venatione
1121 2307 1257 2348 multa

378 2370 540 2411 dicunt.

431 2436 453 2486 ς
473 2436 524 2473 14
544 2433 594 2473 L.
612 2433 791 2484 Paullus]
812 2433 884 2473 De
897 2433 978 2473 hoc
998 2433 1103 2473 satis
1123 2445 1253 2485 supra

377 2496 538 2536 dictum
558 2497 601 2536 in
639 2509 733 2549 cap.
771 2497 824 2536 de
862 2496 1101 2548 Ominibus,
1139 2497 1250 2549 quod

376 2558 534 2598 bellum
564 2558 890 2601 Macedonicum
919 2564 1043 2598 extra
1058 2559 1251 2598 ordinem

375 2621 473 2661 huic
504 2622 684 2661 Senatus
720 2621 979 2672 decreverit,
1012 2621 1126 2672 quod
1155 2633 1251 2661 cum

376 2696 538 2725 summa
566 2683 778 2725 felicitate
808 2689 854 2725 et
885 2685 1020 2736 gloria
1051 2684 1253 2735 confecit,

377 2758 608 2799 regemque
663 2747 779 2787 vicit.
857 2747 1051 2799 Contigit
1107 2745 1163 2788 A.
1194 2748 1250 2788 U.

377 2820 573 2849 nxxcvx.

426 2873 623 2924 Abscissa,
641 2873 732 2925 ξω]
746 2872 1037 2925 Imperatores
1057 2876 1102 2912 et
1119 2871 1252 2912 duces

374 2936 639 2977 exercituum
676 2936 712 2975 si
747 2935 924 2975 militem
955 2936 1196 2987 quempiam
1228 2948 1253 2975 a

373 2999 551 3039 militari
595 2998 818 3050 disciplina
853 2998 1139 3038 declinantem
1175 3010 1252 3050 pu-

373 3062 549 3113 nierint,
576 3061 749 3101 tametsi
783 3061 827 3100 id
859 3061 979 3112 juste
1017 3066 1063 3101 et
1098 3060 1252 3099 merito

374 3123 554 3175 faciant,
589 3130 731 3163 tamen
767 3123 812 3163 id
848 3123 1074 3163 insolentia
1109 3123 1252 3174 potius

374 3187 558 3240 quadam
576 3186 731 3227 fecisse
744 3186 1013 3239 Judicantur,
1039 3187 1140 3239 quia
1171 3186 1253 3226 cri-

373 3263 471 3291 men
490 3250 534 3290 in
555 3249 763 3301 judicium
792 3261 877 3289 non
914 3249 1059 3299 venit3
1085 3248 1161 3288 sed
1188 3249 1251 3287 ita

375 3312 643 3352 commissum
663 3311 865 3351 contiuuo
894 3323 979 3350 non
1011 3311 1250 3362 puniretur,

376 3375 487 3427 quod
510 3377 640 3414 etiam
659 3373 752 3413 fieri
774 3386 952 3414 necesse
972 3381 1068 3423 est;
1098 3386 1194 3413 nam
1217 3374 1250 3412 si

375 3449 453 3488 per
471 3436 969 3489 dispendiajudiciorum
995 3443 1250 3487 exspectan·

376 3499 476 3539 dum
496 3505 627 3551 esset,
653 3505 700 3540 ut
721 3499 776 3540 de
800 3500 900 3552 Jure
921 3499 1251 3552 disceptaretur,

1339 480 1540 522 Abscissa
1559 484 1706 535 igitur,
1721 485 2033 537 compendiosa,
2046 492 2092 526 et
2111 487 2207 528 bre-

1340 543 1382 582 vi
1402 545 1682 596 castigatione
1700 546 1766 586 hic
1794 560 1900 600 opus
1918 554 1996 589 est.
2028 550 2180 590 oliver.

1396 608 1492 652 Quoe
1510 608 1576 648 ubi
1604 622 1629 648 a
1656 614 1759 649 recto
1786 614 1919 651 tenore
1948 613 2209 666 desciverunt]

1339 669 1390 709 In
1409 671 1513 711 Mss.
1540 670 1578 711 A
1595 675 1699 711 recto
1716 676 1870 713 tenore.-
1891 674 2062 726 Melius,
2080 687 2204 728 quam
2248 728 2250 730 ‚

1332 732 1488 773 itinere.
1543 735 1689 774 Valer.
1708 741 1754 776 et
1770 741 1869 776 ante
1886 744 2092 790 usurpata
2122 751 2206 779 vox

1333 803 1413 848 est,
1454 798 1584 840 ‘Quo
1615 799 1753 839 minus
1791 801 2066 852 religionibus
2103 814 2203 842 suns

1333 865 1469 911 tenor,
1487 873 1645 913 suaque
1665 862 1908 904 observatio
1923 864 2207 906 redderetur?

1329 922 1406 963 lib.
1426 935 1458 964 1.
1477 935 1573 975 cap.
1595 928 1633 964 1.
1664 925 1786 975 Pigh.

1383 988 1471 1038 §15
1500 988 1680 1027 Marcius
1709 988 1887 1029 tribunus
1916 989 2105 1041 militnm]
2147 991 2202 1031 P.

1329 1053 1373 1089 et
1388 1049 1466 1089 Cn.
1486 1050 1707 1102 Scipiones
1724 1050 1796 1090 diu
1808 1052 1852 1092 in
1872 1053 2086 1103 Hispania
2103 1065 2201 1094 con·

1329 1118 1396 1152 tra
1416 1113 1788 1163 Carthaginienses
1819 1114 1933 1154 bella
1957 1121 2200 1167 gesserunt.

1328 1175 1697 1227 Carthaginienses
1715 1176 1998 1218 Asdrubalem
2033 1184 2077 1218 et
2104 1178 2200 1218 Ma-

1326 1250 1478 1289 gonem
1497 1239 1699 1279 adversus
1731 1250 1804 1280 eos
1832 1251 1927 1280 cum
1946 1241 2110 1292 magnis
2129 1252 2200 1281 co-

1325 1301 1405 1352 piis
1425 1301 1645 1351 miserunt,
1664 1307 1707 1340 et
1726 1314 1820 1342 cum
1837 1315 1908 1342 eos
1927 1303 2106 1343 Romani
2125 1303 2202 1343 ali·

1325 1363 1512 1415 quandiu
1529 1365 1744 1415 persecuti
1775 1371 1931 1416 essent,
1950 1366 2014 1405 illi
2031 1378 2130 1406 vero
2151 1378 2198 1406 se

1324 1426 1366 1465 in
1395 1427 1551 1467 tutiora
1586 1429 1683 1468 loca
1712 1429 1992 1479 recepissent,
2021 1434 2068 1468 et
2094 1441 2199 1469 non-

1323 1501 1536 1543 nunquam
1575 1487 1702 1543 pauci'
1737 1491 1918 1531 Romani
1959 1503 2012 1531 ex
2055 1492 2198 1532 multis

1324 1553 1545 1593 victoriam
1560 1558 1850 1605 reportassent
1861 1567 1873 1603 3
1890 1554 2113 1604 Celtiberi,
2124 1556 2197 1606 qui

1323 1628 1418 1656 cum
1438 1616 1638 1656 Romanis
1664 1622 1804 1666 erant,
1831 1617 1972 1668 pretio
1991 1617 2198 1669 corrupti,

1323 1678 1375 1718 ad
1422 1679 1794 1731 Carthaginienses
1835 1677 2106 1729 defecerunt,
2149 1687 2196 1719 et

1321 1741 1432 1782 forte
1462 1743 1608 1782 divisis
1642 1742 1903 1782 exercitibus
1929 1741 2014 1782 duo
2042 1743 2196 1782 fratres

1322 1805 1517 1846 bifariam
1535 1806 1694 1846 bellum
1711 1804 1936 1857 gerebant,
1951 1811 2000 1844 ut
2023 1797 2194 1845 tandem

1320 1868 1545 1921 aliquando
1564 1868 1604 1908 ei
1622 1868 1750 1908 finem
1769 1868 2052 1919 imponerent.
2107 1868 2196 1908 Sed

1320 1932 1518 1973 destituti
1538 1946 1562 1972 a
1582 1932 1826 1982 Celtiberis,
1858 1932 1902 1971 in
1922 1931 2074 1984 quibus
2092 1943 2194 1983 spes

1319 1995 1503 2035 maxima
1534 1996 1742 2045 victoriae,
1774 1994 1932 2047 quippe
1966 1994 2038 2046 qui
2065 2006 2195 2046 supra

1321 2069 1438 2099 XXX.
1458 2058 1589 2097 millia
1607 2063 1763 2109 essent,
1779 2059 1896 2097 inter
1924 2068 2082 2108 paucos
2099 2056 2192 2096 dies

1319 2121 1374 2160 ab
1388 2121 1584 2161 hostibus
1603 2121 1796 2173 oppressi
1811 2126 1926 2171 sunt,
1942 2126 1987 2160 et
2003 2121 2086 2160 duo
2107 2120 2192 2160 Im-

1317 2189 1537 2236 peratores
1558 2183 1737 2223 Romani
1766 2195 1860 2222 cum
1888 2194 2042 2234 magna
2070 2188 2194 2234 parte

1316 2247 1533 2287 exercitus
1547 2246 1693 2286 deleti.
1749 2245 1873 2287 Quod
1890 2245 2099 2298 reliquum
2113 2244 2195 2285 fuit

1317 2308 1475 2349 virtute
1503 2310 1553 2348 L.
1571 2307 1726 2347 Marcii
1741 2306 1917 2346 Tribuni
1946 2306 2128 2346 militum
2148 2306 2193 2347 in

1315 2383 1444 2411 unum
1461 2376 1653 2411 coactum
1674 2375 1755 2421 est,
1773 2375 1817 2409 et
1833 2370 1919 2410 dux
1939 2381 1964 2408 a
1982 2368 2193 2409 militibus

1314 2434 1494 2475 electus.
1523 2434 1608 2476 Qui
1628 2445 1724 2474 cum
1744 2433 2032 2473 intellexisset
2048 2432 2193 2480 hostes

1314 2497 1369 2539 ol)
1400 2509 1489 2536 rem
1527 2497 1637 2536 bene
1671 2502 1836 2548 gestam
1874 2497 2072 2536 laetitiam
2103 2495 2192 2548 agi-

1314 2565 1472 2610 tantes,
1491 2561 1614 2612 quasi
1644 2572 1790 2599 omnes
1820 2560 2104 2598 Romanorum
2122 2571 2195 2599 co·

1313 2622 1404 2674 pias
1423 2623 1591 2662 deletas
1611 2621 1857 2672 crederent,
1885 2626 1931 2660 et
1959 2626 2191 2672 propterea

1313 2697 1358 2724 se
1389 2684 1659 2736 negligenter
1694 2683 1902 2723 haberent
1931 2683 2101 2734 milites,
2132 2682 2189 2722 ad

1313 2747 1561 2787 concionem
1583 2746 1765 2796 vocavit,
1784 2751 1830 2786 et
1847 2745 2096 2786 adhortatus
2115 2758 2188 2786 eos

1314 2810 1368 2849 ad
1384 2811 1528 2850 hostes
1550 2810 1828 2860 invadendos,
1841 2821 1938 2849 cum
1955 2809 2070 2849 inter
2088 2820 2189 2849 con-

1314 2874 1531 2915 citandum
1551 2873 1618 2926 (ut
1636 2873 1818 2913 diximus
1836 2874 1879 2913 in
1900 2873 2060 2926 cap.de
2072 2873 2192 2914 Omi-

1314 2936 1460 2989 nibus)
1489 2936 1629 2976 subito
1663 2934 1837 2976 flamma
1867 2947 1893 2976 e
1926 2935 2070 2989 capite
2097 2936 2190 2988 ejus

1314 2999 1575 3049 emicuisset,
1605 2999 1702 3038 laetiv·
1727 2999 1886 3039 milites
1914 3011 2038 3039 omen
2066 3010 2188 3039 acce-

1314 3066 1484 3113 perunt,
1503 3065 1548 3099 et
1559 3060 1720 3100 *ducem
1738 3061 1949 3101 Marcium
1966 3060 2107 3104 secuti
2132 3060 2188 3100 ad

1314 3129 1456 3164 castra
1481 3123 1684 3172 hostium,
1716 3135 1789 3163 eos
1822 3123 1920 3164 cibo
1946 3133 2187 3176 somnoque

1313 3198 1542 3238 oppressos
1594 3185 1885 3227 confecerunt.
1939 3184 2025 3224 Hic
2081 3195 2186 3236 ergo

1313 3247 1502 3287 Marcius
1522 3259 1616 3288 cum
1633 3247 1686 3287 de
1703 3248 1828 3288 rebus
1843 3247 1975 3299 gestis
1988 3246 2041 3286 ad
2054 3247 2185 3287 Sena-

1313 3316 1400 3350 tum
1434 3309 1659 3359 scriberet,
1689 3309 1769 3349 hoc
1802 3308 1929 3348 titulo
1960 3319 2059 3347 usus
2089 3312 2185 3347 est:

1308 3373 1320 3394 ⁴
1345 3372 1394 3411 L.
1426 3371 1613 3411 Marcius
1643 3376 1879 3422 propraetor
1904 3369 2078 3410 Senatui
2112 3380 2187 3420 po-

1313 3434 1497 3486 puloque
1531 3434 1720 3473 Romano
1747 3433 1926 3472 salutem
1959 3431 2183 3482 plurimam

1312 3496 1414 3537 dicit
1426 3495 1451 3546 ;’
1479 3507 1562 3548 quo
1582 3507 1739 3547 genere
1766 3495 1886 3536 tituli
1918 3494 2100 3535 Senatus
2120 3493 2184 3533 ul-
