2346 3996
433 271 575 325 1246

430 403 751 455 imperatorem,
785 402 856 455 qui
892 407 1138 454 expugnato
1176 403 1307 457 Olyn-

429 467 504 506 tho
524 467 566 506 in
586 467 793 507 Boeotiam
815 478 859 505 se
884 467 1140 516 contulerat,
1168 468 1306 508 consi-

428 530 486 569 lio
521 531 820 570 Themistoclis
856 535 1030 570 constat
1076 542 1101 569 a
1137 530 1305 571 Graecis

429 593 559 634 fuisse
576 599 839 644 superatum:
863 593 954 644 pari
969 593 1135 632 ratione
1153 593 1306 632 moenia

429 658 547 697 urbis
563 657 842 706 Athenarum,
862 668 887 695 a
904 656 1050 696 Xerxe
1067 655 1226 706 diruta,
1240 655 1302 694 in-

428 719 530 759 vitis
552 719 889 759 Lacedaemoniis
917 718 1043 770 hujus
1075 717 1303 770 prudentia

425 781 555 821 fuisse
588 783 804 822 restituta.
860 782 1120 822 Plutarchus
1158 786 1302 821 tamen

427 845 554 897 longe
594 845 719 896 aliter
755 845 889 886 tradit
923 850 1010 885 tam
1047 844 1101 884 de
1147 849 1300 894 matre,

427 920 553 959 quam
574 907 628 947 de
645 908 735 959 ejus
757 907 1070 948 adolescentia:
1099 919 1195 945 nam
1215 918 1301 945 ma-

425 975 534 1010 trem
581 970 671 1021 ejus
716 970 821 1009 alios
858 970 1098 1009 Threiciam
1144 980 1301 1020 genere

426 1033 694 1072 Abrotanum
727 1039 1030 1085 nuncupatam,
1057 1032 1162 1072 alios
1182 1031 1301 1072 Cari-

425 1107 492 1135 am
521 1096 742 1147 Euterpen
774 1097 948 1147 dictam,
974 1096 1196 1136 nonnullos
1225 1094 1302 1134 eti-

426 1172 495 1199 am
514 1159 884 1200 Halicarnasseam
905 1159 1132 1199 tradidisse
1152 1158 1302 1198 scribit

425 1224 469 1263 in
500 1225 594 1276 ejus
614 1225 738 1264 Vita:
769 1223 1100 1264 adolescentiam
1133 1233 1300 1274 quoque

423 1299 510 1326 non
546 1287 661 1328 inter
696 1288 816 1337 vitia,
855 1287 929 1326 sed
965 1288 1079 1326 inter
1115 1285 1300 1324 virtutes

422 1350 577 1400 egisse.
633 1350 738 1391 Quae
775 1362 876 1389 vero
910 1348 965 1389 de
1003 1347 1302 1399 repudiatione

422 1418 468 1452 et
487 1413 834 1452 exhaeredatione
853 1412 1002 1464 patris,
1030 1411 1084 1451 de
1112 1411 1302 1450 volunta-

422 1476 486 1516 rio
507 1476 654 1516 matris
674 1475 851 1516 interitu
879 1471 998 1516 dicta
1030 1481 1146 1526 sunt,
1174 1479 1301 1515 eaete-

421 1551 552 1591 raque
572 1538 866 1592 ignominiosa,
889 1538 999 1579 falsa
1016 1538 1150 1579 fuisse
1175 1537 1299 1578 dicit.

425 1603 573 1643 Oliver,

478 1667 778 1718 Desperationis
804 1668 949 1719 pignus
966 1667 1116 1719 fuerit]
1157 1669 1300 1710 Quan-

422 1731 477 1770 do
497 1730 610 1783 fugit
630 1732 682 1771 ad
698 1733 879 1783 hostem,
909 1738 1170 1784 puguaturus
1200 1743 1299 1771 con-

434 1801 500 1834 tra
517 1795 714 1846 patriam.

486 1858 729 1909 Patr-onum]
785 1859 897 1899 Nam
942 1859 1012 1898 hic
1057 1857 1298 1897 universam

424 1921 640 1961 Graeciam
654 1934 709 1962 ex
724 1922 825 1974 ipsis
843 1934 978 1974 prope
991 1920 1185 1960 manibus
1205 1921 1298 1959 hos-

422 1985 528 2025 tium
563 1985 762 2037 redemit,
789 1998 872 2037 quo
895 1991 1088 2037 tempore
1109 1983 1162 2023 ad
1184 1984 1300 2022 Sala·

422 2050 578 2090 minam
609 2056 760 2091 contra
779 2051 969 2090 Xerxem
991 2061 1084 2089 cum
1104 2047 1299 2087 exercitu

419 2113 573 2152 missus
593 2118 688 2162 est;
718 2125 814 2152 nam
835 2113 1003 2152 Xerxes
1023 2123 1117 2151 cum
1134 2109 1299 2150 Graeci-

422 2188 488 2215 am
517 2188 614 2215 cum
633 2175 797 2226 ingenti
816 2180 944 2227 atque
965 2173 1205 2214 incredibili
1225 2185 1298 2212 ex-

372 2231 375 2237 *
421 2239 562 2280 ercitu
582 2239 826 2290 invasisset,
839 2244 890 2278 ut
908 2238 979 2291 qui
999 2237 1214 2277 diceretur
1234 2241 1298 2276 to-

423 2309 509 2343 tam
539 2303 675 2345 ferme
704 2303 851 2343 Asiam
880 2302 1052 2343 duxisse
1087 2301 1130 2340 in
1162 2302 1298 2341 Euro-

420 2377 534 2418 pam,
563 2366 635 2418 qui
664 2366 871 2417 jungeret
900 2364 1051 2415 maria,
1085 2367 1299 2403 sterneret

419 2435 604 2479 montes,
639 2427 813 2468 flumina
833 2428 1031 2480 siccaret,
1064 2426 1298 2467 Athenien-

420 2504 488 2532 ses
511 2493 689 2533 consilio
707 2492 1027 2543 Themistoclis,
1046 2491 1116 2544 qni
1135 2489 1298 2542 Apolli-

420 2555 484 2594 nis
531 2556 747 2595 oraculum
794 2556 1105 2607 interpretatus
1141 2552 1299 2604 fuerat,

422 2617 618 2667 navibus,
646 2618 727 2658 hoc
750 2623 831 2668 est,
857 2607 1164 2665 bello'navali,
1196 2627 1299 2666 pug-

422 2679 609 2719 nandum
644 2690 736 2719 esse
771 2692 866 2719 cum
899 2681 1039 2730 hoste,
1066 2679 1151 2718 vim
1180 2690 1298 2718 suam

423 2755 591 2784 omnem
610 2743 652 2782 in
671 2744 847 2783 classem
866 2741 1298 2794 conjecerunt,eique

421 2806 751 2846 Themistoclem
775 2805 1078 2857 praefecerunt,
1108 2804 1180 2856 qui
1201 2815 1298 2843 cum

423 2869 477 2908 ad
509 2869 770 2909 Salaminam
789 2869 1048 2908 occurrisset
1065 2866 1220 2917 Xerxi,
1248 2866 1296 2904 il-

422 2934 509 2972 lum
529 2933 643 2973 bello
663 2932 805 2972 navali
821 2931 1058 2983 superavit,
1076 2935 1120 2970 et
1138 2929 1182 2968 in
1200 2927 1297 2968 Asi·

423 3010 492 3037 am
525 3010 621 3037 cum
659 2997 807 3047 paucis
841 2993 1066 3035 admodum
1099 2992 1299 3044 refugere

423 3059 585 3112 coiigit,
631 3063 679 3103 ut
716 3070 848 3111 supra
898 3062 1179 3098 monstratum
1219 3060 1298 3096 est.

429 3124 538 3165 otio.

481 3188 627 3228 Vadem
644 3186 839 3238 victoriae]
878 3185 984 3226 Cum
1003 3184 1092 3236 regi
1113 3196 1298 3236 spopon-

422 3250 506 3303 dit,
523 3250 633 3300 fore,
651 3256 699 3290 ut
717 3255 809 3291 tota
827 3248 996 3290 Graecia
1017 3247 1302 3300 subigeretur,

423 3315 461 3354 si
477 3326 597 3354 snum
618 3314 746 3354 vellet
765 3312 981 3352 consilium
1010 3312 1146 3363 sequi.
1176 3310 1299 3351 Idem.

477 3379 545 3430 §3
578 3378 752 3418 Cimonis
768 3389 870 3422 vero,
898 3374 983 3428 lya]
1014 3373 1204 3415 Cimonis
1238 3374 1300 3413 in-

425 3441 638 3481 cunabula
668 3441 867 3493 opinione
902 3438 1094 3480 stultitiae
1127 3436 1302 3477 fuerunt

426 3503 585 3547 referta
601 3521 613 3558 3
640 3504 821 3557 imperia
849 3515 948 3546 vero
969 3501 1197 3550 salutaria3
1229 3501 1301 3554 qui

1010 286 1187 327 NOTAE
1228 287 1558 328 VARIORUM
1600 287 1666 327 IN

1368 403 1482 457 apud
1494 405 1762 457 Strymonem
1775 404 1961 448 Thracas
1977 403 2107 458 fudit,
2121 405 2242 459 oppi-

1367 468 1465 508 dum
1503 468 1790 520 Amphipolim
1831 471 2074 522 constituit,
2101 481 2239 522 eoque

1367 530 1514 569 decem
1536 531 1667 571 millia
1694 530 2022 572 Atheniensium
2053 533 2097 573 in
2125 533 2240 572 colo-

1366 592 1478 631 niam
1499 593 1624 632 misit.
1665 592 1796 645 Apud
1815 595 2029 646 Mycalem
2050 601 2239 635 montem

1366 655 1620 706 Cypriorum
1659 662 1704 696 et
1743 657 1995 702 Phoenicum
2034 657 2240 709 ducenta·

1363 730 1455 757 rum
1476 719 1647 758 navium
1668 719 1850 759 classem
1871 719 2082 760 devictam
2103 719 2238 778 cepit,

1364 781 1599 834 eodemque
1620 782 1690 821 die
1710 782 1803 834 pari
1833 781 2009 822 fortuna
2043 782 2086 821 in
2120 786 2239 821 terra

1364 855 1464 884 usus
1482 849 1564 885 est.
1601 845 1735 896 Scyro
1750 844 2086 884 contumaciores
2102 845 2237 885 Dolo·

1364 918 1438 957 pas
1470 908 1651 959 expulit,
1687 907 1873 947 Tharsos
1904 907 2125 958 opulentia
2159 919 2238 947 sua

1364 969 1499 1010 fretos
1521 971 1658 1022 primo
1678 970 1866 1011 adventu
1895 969 2043 1022 fregit,
2071 977 2118 1010 et
2140 982 2238 1011 cum

1364 1033 1532 1073 Xerxes
1558 1034 1716 1074 bellum
1745 1046 1799 1073 ex
1831 1034 2002 1086 integro
2036 1033 2237 1074 adversus

1362 1094 1649 1135 Athenienses
1713 1096 1987 1147 instituisset,
2042 1096 2240 1136 universa

1364 1157 1536 1199 Graecia
1554 1160 1665 1199 hunc
1680 1159 1898 1200 Cimonem
1917 1160 2067 1200 ducem
2082 1159 2240 1200 consti-

1364 1221 1448 1260 tuit
1475 1221 1695 1272 juvenem,
1739 1223 1862 1274 cujus
1899 1221 2238 1274 magnitudinem

1362 1283 1548 1324 futuram
1581 1285 1754 1336 pietatis
1785 1297 1918 1338 opera
1941 1283 2238 1337 prodiderunt.

1365 1347 1540 1398 Quippe
1563 1353 1731 1399 patrem
1751 1348 1807 1388 ob
1825 1348 1984 1388 crimen
2011 1347 2237 1399 peculatus

1363 1410 1406 1450 in
1442 1423 1656 1451 carcerem
1691 1411 1950 1464 conjectum,
1991 1411 2134 1464 ibique
2165 1411 2240 1451 de-

1362 1472 1572 1526 functum,
1593 1476 1808 1516 translatis
1839 1475 1883 1515 in
1903 1487 1949 1515 se
1967 1475 2163 1525 vinculis,
2183 1475 2238 1516 ad

1362 1539 1623 1590 sepulturam
1659 1539 1859 1590 redemit,
1894 1544 1943 1579 ut
1979 1537 2162 1579 diximus
2194 1538 2239 1578 in

1363 1614 1458 1654 cap.
1489 1602 1544 1642 de
1581 1603 1909 1654 Ingratitudine.
1965 1603 2127 1643 Verum
2159 1613 2239 1642 nec

1362 1667 1405 1706 in
1422 1666 1535 1706 bello
1542 1666 1756 1718 judicium
1773 1666 2053 1718 deligentium
2064 1663 2239 1716 fefellit,

1362 1729 1572 1782 siquidem
1602 1742 1684 1769 non
1711 1728 1888 1769 inferior
1907 1728 2135 1770 virtutibus
2163 1740 2240 1780 pa-

1362 1793 1496 1833 ternis
1525 1793 1735 1844 Xerxem,
1773 1793 1971 1833 terrestri
2009 1790 2235 1844 navalique

1363 1856 1511 1907 praelio
1531 1862 1798 1907 superatum,
1829 1854 2047 1907 trepidum
2066 1866 2111 1895 se
2132 1854 2238 1895 reci·

1363 1931 1466 1972 pere
1485 1921 1526 1959 in
1547 1932 1722 1972 regnum
1739 1919 1897 1971 coelgit.
1928 1919 2051 1960 Idem.

1417 1989 1439 2039 ᾧ
1460 1991 1484 2027 4
1508 1989 1602 2026 dam
1620 1986 1877 2036 Alcibiadem,
1891 1985 1979 2037 ξω]
1993 1983 2238 2026 Alcibiades

1363 2049 1512 2089 Cliniae
1541 2049 1651 2088 filius
1670 2048 1959 2089 Atheniensis.
2000 2048 2054 2088 In
2068 2048 2146 2087 hoc
2163 2059 2239 2086 na·

1362 2118 1462 2152 tura
1487 2113 1586 2165 quid
1607 2110 1778 2151 efficere
1801 2117 1946 2163 posset
1975 2110 2146 2151 videtur
2165 2121 2239 2150 ex·

1361 2181 1504 2226 perta,
1520 2180 1568 2215 ut
1587 2175 1648 2214 ait
1662 2174 1848 2227 Probus,
1865 2175 1940 2214 sed
1959 2173 2134 2214 fortuna
2153 2183 2241 2219 non

1362 2239 1513 2278 minus.
1524 2238 1644 2278 Nihil
1656 2238 1731 2277 illo
1747 2236 2118 2286 excellentius,vel
2127 2235 2170 2278 in
2182 2234 2241 2274 vi-

1362 2301 1448 2353 tiis,
1461 2302 1531 2341 vel
1546 2301 1589 2340 in
1605 2300 1862 2350 virtutibns;
1880 2299 1984 2339 nihil
2003 2297 2240 2338 mirabilius

1361 2366 1402 2405 in
1414 2365 1530 2404 varia
1541 2369 1656 2405 sorte
1669 2376 1826 2404 rerum.
1838 2362 2239 2412 BelloPeloponne-

1363 2430 1480 2469 siaco
1499 2429 1627 2480 hujus
1647 2428 1823 2467 consilio
1842 2426 2130 2466 Athenienses
2150 2423 2239 2471 bel-

1365 2495 1453 2534 lum
1469 2491 1745 2544 Syracusanis
1762 2490 2036 2538 indixerunt3
2053 2487 2106 2528 ad
2125 2486 2239 2540 quod

1369 2555 1606 2607 gerendum
1653 2555 1745 2606 ipse
1782 2554 1896 2594 inter
1934 2557 2116 2593 caeteros
2151 2550 2239 2593 dux

1363 2620 1547 2668 electus,
1562 2622 1610 2657 et
1628 2629 1725 2657 cum
1743 2618 1786 2656 in
1805 2628 1883 2668 spe
1903 2621 2017 2656 esset
2035 2615 2146 2655 bene
2165 2612 2240 2653 ad·

1363 2679 1655 2720 ministrandae
1678 2678 1928 2731 provinciae,
1948 2689 2046 2717 reus
2064 2675 2239 2716 violato-

1362 2755 1454 2783 rum
1487 2754 1703 2782 sacrorum
1723 2741 1873 2791 absens
1893 2738 2095 2788 efficitur,
2126 2735 2242 2790 quod

1365 2805 1568 2846 videlicet
1597 2805 1691 2857 ejus
1711 2815 1844 2856 opera
1863 2802 2039 2843 Hermae
2058 2800 2241 2841 Athenis

1362 2868 1522 2920 dejecti
1540 2872 1699 2918 essent,
1717 2872 1762 2906 et
1781 2866 1897 2906 domi
1919 2877 2008 2905 suae
2035 2862 2242 2916 mysteria

1361 2932 1530 2973 fierent.
1573 2933 1813 2972 Revocatus
1831 2929 1885 2970 ad
1906 2940 2078 2969 causam
2098 2926 2241 2966 dicen-

1362 2997 1476 3048 dam,
1505 2996 1641 3048 primo
1671 2995 1856 3046 Elidem,
1892 2992 2048 3033 deinde
2072 2989 2240 3036 Thebas

1363 3060 1505 3101 venit:
1537 3060 1612 3100 ubi
1637 3058 1852 3099 intellexit
1886 3068 1932 3096 se
1951 3054 2106 3107 capitis
2126 3053 2240 3092 dam·

1362 3128 1524 3174 natum,
1543 3128 1590 3162 et
1617 3122 1730 3162 bona
1761 3121 1852 3172 ejus
1885 3117 2105 3171 publicata
2126 3126 2240 3165 esse,

1364 3191 1409 3226 et
1429 3184 1706 3236 Eumolpidas
1741 3182 1990 3223 sacerdotes
2021 3191 2047 3218 a
2080 3178 2239 3230 populo

1364 3253 1536 3290 coactos
1571 3253 1620 3287 ut
1648 3259 1694 3286 se
1722 3246 2004 3293 devoverent,
2034 3239 2239 3282 Lacedae-

1363 3322 1533 3351 monem
1569 3307 1839 3360 demigravit.
1896 3305 2037 3357 Hujus
2066 3302 2241 3346 consilio

1365 3371 1684 3414 Lacedaemonii
1720 3383 1815 3411 cum
1859 3369 2091 3409 Persarum
2138 3377 2239 3417 rege

1367 3434 1600 3475 amicitiam
1617 3432 1829 3485 fecerunt,
1845 3430 2124 3484 ejusdemque
2139 3440 2240 3479 ope·

1367 3511 1414 3542 ra
1441 3497 1607 3539 Ioniam
1627 3509 1651 3537 a
1675 3495 1883 3538 societate
1913 3490 2239 3537 Atheniensium
