2346 3996
560 327 819 368 VALERn
865 326 1103 365 ΜΑΧιΜι
1153 328 1272 367 mu.
1304 327 1394 368 ix.
1438 329 1572 367 cAP.
1600 315 1686 368 14.

216 446 394 489 artificis
428 451 591 487 naturae
624 446 837 498 ingenium
858 446 1095 497 deprehen-

214 511 315 552 det?
342 508 566 551 Interdum
594 511 704 549 enim
739 509 790 549 ad
821 521 954 560 genus
973 521 1095 561 spec-

216 579 328 624 tant,
345 578 389 614 et
405 584 482 626 per
496 572 682 612 sobolem
704 572 748 611 in
759 570 942 611 familias
957 576 1095 611 trans·

213 636 320 676 itum
352 634 547 676 faciunt:
593 637 704 675 sicut
736 636 973 688 plerunque
1001 647 1096 687 par-

213 699 304 739 vuli
337 698 464 739 modo
499 710 661 749 naevos,
694 698 822 739 modo
853 698 1095 748 cicatrices,

212 761 340 801 modo
399 762 716 814 qualescunque
768 761 947 812 originis
1006 773 1094 802 suae

212 827 337 864 notas
357 822 505 864 ferunt
523 837 534 864 ε
569 830 618 864 ut
638 825 682 864 in
702 823 897 876 Lepidis,
915 836 1095 877 quorum

214 891 320 938 tres,
357 887 595 928 iutervulsa
628 892 772 928 tamen
798 888 926 939 serie,
951 899 1006 927 ex
1026 900 1095 928 ea·

212 949 311 990 dem
325 950 471 1000 domo,
485 950 674 991 obducto
689 951 938 991 membrana
956 951 1098 1002 oculo,

203 1013 373 1054 *similes
409 1014 542 1066 geniti
579 1015 885 1066 reperiuntur3
950 1015 1018 1054 vel
1051 1014 1094 1053 in

213 1073 452 1128 Byzantino
468 1077 598 1116 nobili
618 1078 780 1129 pugile,
795 1078 867 1129 qui
892 1089 988 1117 cum
1010 1090 1094 1116 ma·

213 1144 322 1178 trem
358 1138 540 1178 haberet
570 1139 785 1180 adulterio
811 1152 866 1179 ex
893 1140 1094 1191 AEthiope

212 1206 486 1252 conceptam,
515 1213 609 1253 quas
641 1202 743 1241 nihil
775 1202 889 1254 patri
922 1214 1093 1254 compa-

210 1261 388 1302 randum
405 1263 681 1314 reddidisset,
692 1265 836 1316 ipsein
851 1265 1092 1317 AEthiopem

211 1336 336 1365 avum
355 1325 665 1378 degeneravit.’
696 1329 806 1368 Haec
825 1329 961 1369 Solin.
979 1329 1094 1381 Phy-

210 1390 288 1430 sici
318 1403 422 1431 vero
449 1392 598 1432 dicunt
627 1394 667 1433 id
698 1394 950 1447 plerumque
981 1395 1093 1435 acci-

212 1453 333 1503 dere,
368 1461 416 1494 ut
451 1455 494 1494 in
529 1458 813 1509 conceptione
847 1458 1003 1497 mulier
1039 1458 1093 1498 ad

211 1519 392 1571 alicujus
413 1520 639 1571 imaginem
659 1521 870 1573 adjecerit
890 1522 1092 1572 animum,

211 1588 256 1620 et
288 1594 385 1622 cnm
423 1583 463 1622 in
494 1595 588 1623 eam
619 1589 713 1625 tota
747 1583 880 1624 fuerit
908 1585 1094 1635 intenta,

208 1644 530 1686 similitudinem
559 1646 653 1698 ejus
687 1652 856 1698 partum
886 1648 975 1688 sive
994 1659 1093 1688 con·

166 1761 168 1763 ‚
210 1711 384 1759 ceptum
403 1708 503 1748 inde
522 1711 791 1750 contrahere.
849 1711 976 1753 Quod
997 1724 1092 1763 pro-

209 1770 316 1810 bant
334 1776 390 1811 ex
421 1773 599 1813 muliere
631 1773 833 1826 quadam,
865 1787 961 1827 quae
992 1787 1088 1814 cum

209 1833 370 1886 pudica
389 1846 559 1888 semper
576 1836 725 1876 habita
739 1835 910 1887 fuisset,
927 1836 1090 1876 AEthio-

209 1909 308 1950 pem
323 1904 463 1939 tamen
485 1901 684 1953 peperit;
702 1902 824 1953 cujus
842 1902 905 1941 rei
921 1913 1090 1941 causam

207 1972 305 2002 cum
321 1963 499 2003 maritus
512 1963 584 2003 dili
591 1963 1092 2016 gentiusinvestigasset,

208 2025 283 2076 qui
319 2027 456 2077 stupri
487 2027 578 2078 jam
626 2032 874 2080 suspectam
911 2039 1090 2067 uxorem

206 2086 370 2129 habere
389 2095 595 2142 coeperat,
611 2092 815 2143 cognovit
831 2102 856 2129 a
875 2090 1090 2142 Physicis,

207 2151 322 2203 quod
346 2149 540 2205 tempore
556 2154 849 2206 conceptionis
864 2165 974 2193 uxor
992 2165 1089 2194 eum

207 2214 468 2268 AEtbiopem,
497 2229 623 2270 quem
656 2218 698 2256 in
728 2218 926 2257 cubiculo
945 2217 1090 2270 depic-

209 2286 299 2322 tum
310 2283 536 2331 habuerat,
552 2283 922 2336 conspexisset,et
934 2283 977 2322 in
993 2295 1090 2322 eum

208 2351 300 2386 tota
314 2345 472 2388 fuisset
498 2348 698 2398 intenta3
732 2353 970 2399 conceptus
990 2347 1091 2387 inde

207 2412 528 2453 similitudinem
549 2412 749 2453 duxerat.
814 2412 940 2454 Quod
975 2411 1088 2452 idem

207 2476 367 2517 sentire
389 2477 560 2517 videtur
579 2477 746 2517 Plinius
763 2477 867 2516 Nat.
881 2476 996 2516 Hist.
1014 2476 1088 2515 lib.

209 2551 292 2581 vn.
325 2553 423 2582 cum
449 2541 581 2581 dicit:
611 2539 972 2581 ‘Similitudinum
999 2540 1090 2592 qui-

208 2604 306 2644 dem
343 2605 387 2644 in
416 2611 558 2645 mente
590 2604 824 2656 reputatio,
858 2609 903 2644 et
935 2603 978 2642 in
1007 2615 1090 2654 qua

207 2667 444 2708 credantur
463 2668 596 2707 multa
622 2666 806 2707 fortuita
825 2666 1002 2717 pollere,
1026 2666 1088 2704 vi-

206 2741 291 2780 sus,
311 2729 499 2778 auditus,
517 2730 823 2782 memoriaque,
836 2730 1089 2781 haustaeque

207 2793 411 2846 imagines
431 2795 508 2834 sub
531 2795 624 2846 ipso
642 2798 883 2844 conceptu:
925 2793 1088 2844 cogita·

207 2857 270 2897 tio
290 2858 418 2898 etiam
449 2857 698 2898 utriuslibet
724 2857 909 2897 animum
946 2855 1092 2896 subito

208 2921 490 2966 transvolans,
520 2918 727 2971 effingere
752 2919 1091 2970 similitudinem,

209 2987 286 3023 aut
333 2983 515 3023 miscere
550 2984 838 3023 existimatur.
896 2983 1090 3035 Ideoque

208 3045 352 3097 plures
381 3045 426 3084 in
461 3046 646 3095 homine,
681 3057 807 3098 quam
841 3045 882 3085 in
919 3045 1089 3086 eaeteris

207 3107 404 3148 omnibus
423 3107 674 3149 animalibus
690 3107 966 3158 differentiae,
985 3121 1088 3161 quo-

207 3170 320 3211 niam
354 3172 560 3211 velocitas
588 3172 911 3224 cogitationum,
941 3172 1088 3212 animi-

207 3245 290 3286 que
310 3234 528 3286 celeritas,
546 3240 592 3275 et
606 3235 764 3287 ingenii
783 3236 966 3275 varietas
984 3237 1089 3276 mul-

208 3294 403 3337 tiformes
420 3303 543 3337 notas
562 3297 791 3349 imprimit,
805 3300 1088 3347 cumeaeteris

209 3359 494 3400 animantibus
514 3361 753 3400 immobiles
773 3361 860 3401 sint
879 3361 1022 3412 animi,
1042 3367 1088 3402 et

210 3422 368 3462 similes
404 3424 596 3464 omnibus
629 3424 893 3476 singulisque
929 3424 972 3463 in
1010 3437 1086 3465 suo

210 3485 365 3536 cuique
385 3487 566 3536 genere!
599 3487 750 3528 Oliver.

1892 317 2032 368 1373

1156 446 1303 487 humili
1334 449 1432 488 loco
1462 452 1626 497 natum,
1654 445 1822 486 Plinius
1853 458 1876 486 e
1909 448 2033 499 plebe

1159 516 1322 550 natum.

1216 574 1420 624 Pompeius
1438 575 1479 614 in
1497 572 1597 623 illis]
1623 573 1764 613 Unum
1785 577 1951 612 tantum
1972 585 2035 613 re-

1158 634 1247 675 fert
1265 636 1447 676 Solinns.
1481 637 1647 676 Corrad.

1214 699 1391 751 Speciem
1427 701 1524 739 civis
1566 699 1816 751 amplissimi]
1863 700 1924 740 Ut
1962 702 2034 752 qui

1161 762 1313 813 Magni
1332 774 1539 814 agnomen
1554 764 1775 803 meruerit·
1802 764 1909 804 Bad.

1215 827 1281 877 §2
1313 826 1560 877 Menogenis]
1594 826 1632 864 A
1661 839 1744 879 quo
1765 828 1895 867 etiam
1916 828 2036 868 Stra-

1161 889 1284 930 bonis
1317 902 1554 943 cognomen
1589 891 1806 943 accepisse
1843 892 2034 941 dicitur-3

1161 965 1258 993 nam
1290 954 1555 1006 Menogenes
1586 953 1742 994 Strabo
1772 967 1936 1007 coquus
1964 956 2035 995 ille

1163 1017 1409 1057 vocabatur.
1440 1017 1545 1056 Oliv.

1217 1081 1392 1120 Eximioe
1418 1093 1509 1121 vero
1538 1080 1772 1131 nobilitatis]
1802 1081 1906 1132 Ejus
1937 1092 2038 1120 con-

1159 1144 1320 1184 sulatus
1358 1143 1411 1184 A.
1448 1145 1501 1184 U.
1545 1156 1678 1184 ncxv.
1723 1142 2037 1183 laudatissimus

1158 1205 1258 1248 fuit.

1217 1271 1535 1323 Cognominibus]
1561 1271 1624 1310 Ut
1652 1269 1915 1322 Scipionum,
1935 1282 2039 1322 quo.

1161 1344 1253 1372 rum
1291 1332 1376 1372 duo
1414 1331 1656 1383 Africanus,
1687 1343 1792 1371 unus
1822 1330 2039 1371 Asiaticus

1158 1395 1264 1436 dicti
1284 1401 1395 1437 sunt.
1429 1397 1537 1436 Oliv.

1218 1459 1468 1512 Victimario]
1495 1459 1774 1500 victimarius
1807 1465 1874 1499 est
1899 1471 2037 1499 sacer-0

1157 1522 1303 1563 dotum
1338 1523 1552 1573 minister,
1587 1524 1659 1575 qni
1691 1521 2035 1562 sacrificantibus

1156 1584 1446 1637 ministrabat,
1458 1594 1506 1626 ut
1523 1598 1651 1638 supra
1665 1586 1863 1626 diximus.
1886 1586 2009 1625 Idem.

1210 1651 1276 1701 §4
1307 1649 1384 1689 Sed
1413 1651 1513 1689 alter·
1542 1662 1592 1689 ex
1614 1650 1778 1701 quodam
1804 1650 2036 1689 asseclarum

1153 1725 1362 1762 cognomen
1393 1712 1617 1764 Spintheris
1643 1713 1802 1759 traxit,-
1827 1714 1942 1763 alter,
1959 1712 2038 1751 nisi

1158 1777 1326 1829 Nepotis
1342 1792 1367 1817 a
1384 1777 1556 1817 moribus
1582 1778 1804 1827 accepisset,
1832 1775 2038 1826 Pamphili

1153 1842 1326 1891 retiarii,
1359 1842 1422 1881 eui
1448 1841 1672 1881 simillimus
1709 1851 1790 1880 esse
1812 1838 2037 1889 serebatur,

1153 1904 1370 1956 habuisset]
1399 1904 1469 1944 Ita
1506 1905 1650 1956 vulgo.
1708 1900 1958 1955 Legendum
1988 1907 2038 1941 nt

1152 1968 1195 2007 in
1229 1968 1335 2008 Mss.
1365 1967 1563 2017 habetur,
1593 1980 1644 2008 ex
1671 1968 1832 2018 quodam
1850 1966 2038 2005 secunda-

1152 2043 1240 2071 rum
1272 2043 1480 2082 cognomen
1517 2030 1744 2082 Spintheris
1758 2043 1775 2077 ,·
1812 2029 1930 2079 aller,
1958 2028 2037 2068 nisi

1155 2096 1325 2148 Nepotis
1360 2095 1554 2135 umoribus
1580 2095 1802 2146 accepisset,
1833 2093 2038 2144 Pamphili

1154 2160 1377 2210 tertiarum,
1397 2159 1460 2198 cui
1483 2159 1706 2198 simillimus
1719 2170 1799 2197 esse
1813 2156 2037 2207 ferebatur,

1154 2222 1363 2263 habuisset.
1417 2223 1490 2262 Sic
1511 2223 1641 2262 etiam
1663 2221 1827 2260 Plinius
1849 2231 1939 2259 rem
1960 2231 2034 2259 ex-

1155 2284 1304 2336 plicat,
1331 2285 1403 2337 qui
1441 2285 1520 2324 hoc
1548 2283 1795 2335 exemplum
1816 2295 1841 2322 a
1858 2281 2034 2322 Valerio

1153 2346 1393 2399 desumpsit
1411 2361 1422 2387 z
1453 2348 1466 2370 ‘
1481 2347 1602 2387 Sicut
1611 2347 1816 2398 Spinther
1831 2345 2033 2386 secunda-

1153 2422 1244 2450 rum
1261 2410 1569 2463 tertiarumque
1585 2409 1835 2461 Pamphilus
1852 2409 2035 2460 collegio

1154 2474 1327 2516 Lentuli
1346 2479 1392 2514 et
1410 2471 1849 2514 Metelli'consulum.’
1879 2473 2035 2524 Loqui·

1153 2545 1225 2579 tur
1261 2539 1374 2578 enini
1412 2538 1608 2578 Valerius
1646 2537 1700 2577 de
1741 2536 2032 2587 histrionibus,

1151 2614 1235 2643 non
1260 2602 1314 2642 de
1343 2601 1665 2654 gladiatoribus,
1691 2601 1807 2640 inter
1836 2612 1938 2653 quos
1969 2612 2033 2641 re·

1152 2666 1443 2706 tiariinomen
1475 2671 1569 2714 est;
1600 2665 1674 2704 sed
1710 2665 1753 2703 in
1789 2675 1917 2704 scena
1939 2664 2031 2716 qui-

1153 2729 1250 2768 dam
1286 2728 1545 2769 dicebantur
1576 2729 1826 2780 primarum,
1861 2728 1930 2766 vel
1968 2739 2032 2767 se-

1151 2792 1404 2844 cundarum,
1449 2794 1518 2833 vel
1575 2793 1800 2833 tertiarum
1847 2797 2033 2842 actores,

1150 2855 1508 2908 quemadmodum
1547 2856 1715 2896 Graecis
1761 2855 2032 2907 bevrepa'ywvl-

1150 2932 1257 2970 σται,
1277 2924 1322 2959 et
1339 2917 1648 2971 τριταγωνίσται.
1703 2919 1861 2972 Itaque
1878 2919 2031 2960 Cicero

1148 2983 1332 3023 Verrina
1351 2995 1382 3023 ι.
1437 2983 1450 3006 ‘
1467 2985 1528 3024 Ut
1554 2985 1596 3023 in
1628 2974 1845 3023 actoribus
1865 2982 2032 3023 Graecis

1148 3045 1244 3086 fieri
1262 3047 1457 3087 videmus
1476 3059 1593 3099 saepe
1612 3047 1749 3097 illum,
1782 3046 1852 3099 qni
1870 3051 1936 3084 est
1965 3055 2031 3084 se-

1149 3108 1384 3149 cundarum
1431 3118 1506 3149 aut
1553 3109 1781 3149 tertiarum
1827 3106 2030 3162 partium,

1149 3183 1245 3212 cum
1265 3172 1401 3223 possit
1421 3172 1650 3224 aliquando
1684 3170 1839 3211 clarius
1868 3168 2029 3218 dicere,

1149 3247 1274 3287 quam
1307 3236 1400 3287 ipse
1433 3236 1680 3287 primarum,
1708 3234 1886 3273 multum
1917 3243 2028 3270 sum-

1147 3298 1338 3348 mittere,
1357 3303 1406 3338 ut
1434 3299 1506 3338 ille
1527 3297 1728 3348 princeps
1747 3307 1873 3346 quam
1896 3293 2028 3332 maxi-

1148 3372 1215 3400 me
1234 3360 1451 3401 excellat!
1500 3360 1611 3400 Vide
1630 3370 1723 3411 quae
1740 3357 1838 3398 istic
1858 3355 2026 3397 Paedia·

1146 3434 1240 3462 nus.
1271 3424 1396 3473 Pigh.

1202 3486 1387 3538 Nepotis]
1416 3485 1500 3527 Qui
1516 3484 1621 3523 Pius
1641 3482 1782 3521 dictus
1801 3486 1910 3520 erat.
1943 3482 2023 3521 Ne—

264 3549 288 3598 §
310 3550 330 3586 l
362 3548 550 3598 Ingenua>
578 3550 732 3601 stirpis]
779 3550 947 3592 Solinus
979 3551 1086 3591 dicit
1140 3550 1266 3603 potis]
1296 3551 1447 3590 Dictus
1468 3548 1579 3588 enim
1600 3546 1681 3586 fuit
1715 3546 1878 3597 Nepos.
1934 3545 2023 3585 Ne-
