2288 3990
532 305 791 346 VALERH
837 304 1077 344 MAXIMI
1122 303 1238 341 LIB.
1280 303 1318 340 1.
1361 301 1495 340 CAP.
1518 289 1572 340 4.

147 436 263 472 tum:
290 429 336 471 S.
355 427 586 480 Pompeius
611 426 686 466 lib.
709 437 756 466 x.
773 423 923 464 scribit
942 424 1026 463 Lu-

145 505 267 536 ceres
285 491 416 532 fnisse
432 502 588 542 eos,ex
609 488 762 542 quibus
778 487 908 527 tertia
926 497 1027 537 pars

145 555 276 599 Urbis
294 554 530 595 constituta
548 558 634 602 est,
664 550 734 603 qui
752 550 932 590 Romulo
953 549 1025 588 ad-

144 631 294 661 versus
310 620 480 660 Tatium
501 618 657 658 bellum
680 615 848 668 gerenti
872 615 926 654 ab
944 613 1026 654 Ar-

146 682 240 725 deae
260 694 362 734 rege
382 682 551 722 Lucero
570 680 612 720 in
633 678 836 719 auxilium
855 689 1027 718 venere.

201 747 304 787 Cum
319 745 368 786 ab
387 746 482 786 Atio
502 743 634 795 Navo]
662 742 831 794 Vulgo:
862 753 948 781 cum
979 741 1028 780 ab

145 809 274 850 Decio
285 809 406 849 Accio
422 808 569 848 Navio.
623 806 864 857 campense
885 815 1028 843 exem·

144 872 242 925 piar
259 872 386 912 Decio
403 871 586 922 omittit,
612 875 660 910 et
677 869 850 909 omnino
878 879 1027 919 super-

144 934 278 976 fluum
295 941 376 976 est.
434 934 637 987 Alioquin
659 932 849 973 variatur
874 931 1027 970 mirum

145 998 191 1039 in
210 997 383 1039 modum
412 997 536 1049 hujus
567 995 754 1047 auguris,
782 995 886 1034 licet
916 993 1028 1033 cele-

146 1059 338 1111 berrimi,
377 1071 531 1100 nomen
565 1058 682 1110 apud
716 1061 932 1107 auctores,
971 1055 1027 1096 de

133 1135 233 1177 *quo
251 1134 335 1164 non
353 1121 603 1175 displicebit
634 1120 809 1170 vidisse,
839 1132 933 1172 quae
963 1118 1027 1158 Si-

145 1187 297 1240 gonius
316 1187 360 1228 in
379 1189 562 1239 primum
581 1185 706 1226 Livii.
763 1184 858 1224 Nos
883 1189 1028 1223 autem

143 1252 226 1292 hoc
244 1263 301 1292 ex
319 1251 500 1292 vetustis
518 1247 833 1301 exemplaribus
853 1247 1030 1286 restitu-

147 1316 272 1356 imus.
327 1315 379 1356 In
399 1314 578 1355 Valerio
606 1314 782 1364 vulgato
815 1324 914 1352 mox
939 1312 1027 1351 ita:

147 1378 459 1431 Possetneficri,
478 1378 574 1429 quod
589 1377 673 1428 ipse
702 1380 829 1416 mente
857 1386 1032 1425 concepe-

148 1448 239 1484 rat.-
267 1443 340 1483 ubi
369 1442 588 1493 discrepat
613 1442 852 1492 Campense
888 1451 1032 1479 exem-

149 1507 311 1559 plania
325 1506 474 1547 eodem
487 1511 631 1547 tamen
647 1517 775 1545 sensu
791 1510 1034 1556 permanet.

148 1569 297 1609 Habet
315 1569 428 1609 enim
447 1569 537 1609 sic:
562 1569 630 1608 An
642 1568 741 1620 fieri
758 1571 903 1620 posset,
929 1569 1032 1619 quod

146 1633 276 1678 animo
289 1632 498 1684 cogitaret.
529 1633 724 1684 Pighius.

201 1698 227 1748 ς
243 1699 270 1736 2
301 1697 479 1737 Tiberius
506 1695 725 1747 Gracchus]
753 1696 863 1735 Erat
883 1700 1027 1735 autem

145 1758 272 1799 bomo
289 1758 531 1809 seditiosus,
559 1759 649 1812 qui,
679 1764 728 1798 ut
747 1758 863 1810 plebi
884 1760 1030 1811 place-

70 1837 80 1844 ·
145 1829 232 1873 ret,
259 1823 399 1875 legem
424 1821 651 1874 Agrariam
687 1834 904 1875 nunqnam
936 1823 1027 1862 sine

145 1885 359 1926 seditione
377 1890 534 1926 motam
556 1891 631 1926 aut
657 1885 774 1937 tulit,
805 1891 881 1925 aut
912 1885 1027 1926 ferre

144 1948 331 2000 paravit.
386 1950 452 1990 Ea
488 1949 630 1989 autem
667 1948 937 2000 exigebatur,
980 1955 1030 1990 ut

146 2013 240 2064 agri
261 2024 288 2052 a
317 2024 420 2064 pop.
445 2013 567 2053 Rom.
591 2012 806 2065 acquisiti,
834 2013 907 2065 qui
936 2011 1029 2053 fere

146 2076 190 2117 in
219 2083 391 2129 patrum
421 2077 765 2129 conscriptorum
796 2081 841 2116 et
871 2089 1030 2128 pauco-

147 2152 242 2181 rum
273 2140 475 2182 nobilium
508 2146 634 2181 erant
658 2141 944 2193 possessione,
973 2155 1030 2182 ae-

146 2204 242 2256 quis
255 2204 524 2257 portionibus
538 2204 704 2244 civibus
718 2204 1029 2245 dividerentur.

146 2267 269 2308 Nota
303 2273 370 2308 est
401 2267 455 2308 de
493 2267 702 2308 Gracchis
745 2266 860 2321 (nam
902 2269 1030 2308 Caius

149 2342 319 2383 quoque
338 2331 562 2371 Gracchus
577 2330 717 2371 frater
735 2331 860 2383 hujus
880 2331 1032 2371 eadem

148 2390 203 2432 de
222 2404 354 2433 eausa
371 2393 525 2444 periit)
541 2393 737 2432 historia.

204 2454 272 2494 Ita
302 2456 440 2506 pedem
474 2454 661 2507 offendit]
706 2456 846 2497 Julius
893 2456 1032 2497 Obse-

152 2527 287 2568 quens
307 2529 402 2569 cap.
422 2521 487 2558 86.
543 2519 600 2557 Et
628 2518 683 2557 de
710 2519 868 2569 pedum
899 2519 1032 2560 offen-

149 2581 266 2621 sione
285 2581 438 2622 Cicero
467 2581 521 2621 de
555 2582 702 2622 Divin.
728 2582 804 2623 lib.
832 2594 884 2622 11.
916 2584 1034 2627 Plin.

149 2643 226 2685 lib.
243 2655 297 2684 u.
316 2657 412 2696 cap.
432 2648 473 2685 7.
502 2644 761 2685 Plutarchus
790 2646 1033 2699 Demetrio,

151 2705 321 2758 Crasso,
331 2714 377 2748 et
391 2708 563 2748 Tiberio
575 2722 587 2758 ;
605 2708 817 2762 Tibullus,
833 2710 1034 2764 Ovidius,

148 2769 237 2811 alii.
268 2772 398 2811 Coler.

204 2833 367 2873 Partem
386 2835 528 2885 tegula*
551 2836 748 2880 decussum
781 2840 873 2876 ante
902 2837 1031 2889 ipsum

146 2897 417 2950 propulerunt]
443 2899 600 2950 Vulgo,
614 2901 873 2950 protulerunt.
907 2902 1036 2941 Cam-

151 2959 293 3010 pensis
313 2961 469 3010 codex,
501 2963 768 3014 propulerunt.
826 2964 1030 3016 Rectius;

150 3031 247 3060 nam
269 3021 523 3062 Plutarchus
552 3036 701 3064 corvos
734 3025 776 3064 in
810 3026 1030 3067 stillicidio

151 3091 392 3135 pugnantes
407 3088 594 3138 tegulam
614 3088 819 3128 dimotum
839 3095 940 3130 ante
958 3103 1032 3142 pe-

152 3145 230 3185 des
249 3146 341 3198 ejus
359 3149 589 3202 projecisse
611 3149 757 3190 refert.
775 3152 962 3201 Pighius.

204 3209 228 3260 §
247 3212 271 3248 3
294 3209 513 3262 Pallan-ius]
533 3213 668 3252 Pullis
688 3221 875 3264 praeerat
893 3216 1030 3266 pulla·

150 3271 253 3324 rins,
279 3273 368 3325 qui,
396 3276 737 3329 quotiescunque
757 3278 1030 3319 deinchoan·

150 3336 207 3376 da
223 3349 270 3378 re
290 3340 507 3392 quapiam,
533 3344 884 3397 exequendaque,
919 3346 1032 3386 Deo-

151 3410 260 3452 rum,
287 3413 365 3453 per
384 3404 539 3454 pullos,
555 3418 678 3445 sensa
697 3408 937 3460 placitaque
956 3421 1029 3449 ex·

152 3461 362 3513 ploratum
389 3466 497 3518 ibat,
523 3467 774 3521 (oportebat
808 3471 1028 3518 autemid

153 3520 246 3564 fieri
261 3537 423 3568 summo
435 3540 576 3581 mane,
592 3537 637 3571 et
652 3531 790 3584 primo
808 3531 1030 3586 diluculo,)

1867 286 1974 338 941

1091 423 1303 473 imperato
1341 419 1396 460 de
1433 429 1551 458 more
1584 417 1777 468 silentio,
1811 419 1975 469 pultem

1088 484 1187 536 illis,
1217 491 1292 524 aut
1312 482 1456 533 offam,
1477 493 1611 522 cavea
1628 481 1813 532 reclusa,
1828 481 1978 532 objici·

1090 549 1205 600 ebat,
1233 549 1346 602 quod
1367 549 1402 588 si
1421 549 1475 588 ad
1495 547 1682 587 oblatam
1703 559 1846 588 escam
1879 559 1980 586 mox

1092 615 1196 663 pulli
1219 625 1242 652 e
1263 625 1398 652 cavea
1418 624 1503 652 non
1529 611 1790 662 prosilirent,
1818 617 1892 650 aut
1914 621 1981 648 se-

1090 677 1182 718 cius
1197 677 1376 728 egressi,
1397 677 1462 716 vel
1480 688 1560 716 non
1584 676 1852 726 attingerent
1870 686 1983 722 eam,

1090 741 1159 779 vel
1189 741 1351 779 alarum
1386 740 1563 791 planctu
1596 739 1870 791 dissiparent,
1901 738 1984 789 vel,

1090 806 1240 845 relicta
1259 818 1378 857 esca,
1408 806 1679 857 oberrarent,
1710 812 1784 846 aut
1810 806 1982 845 occine-

1090 877 1204 920 rent‚
1221 875 1295 909 aut
1315 882 1486 921 prorsus
1506 882 1589 910 non
1607 876 1898 917 vescerentur,
1912 869 1984 908 vel

1091 934 1314 973 avolarent
1332 933 1520 985 penitus,
1547 945 1672 972 omen
1693 945 1780 984 prae
1802 944 1849 972 se
1868 930 1982 971 fere-

1089 996 1354 1049 bantmagni
1385 997 1564 1036 terroris
1599 1002 1645 1036 et
1681 995 1983 1044 solicitudinis,

1090 1066 1356 1113 eventusque
1378 1060 1642 1100 tristissimos
1662 1073 1673 1100 :
1705 1066 1752 1100 et
1772 1060 1982 1112 pullarius

1090 1126 1254 1165 exitum
1292 1125 1433 1164 auimo
1469 1124 1761 1175 praemetiens‚
1788 1135 1843 1163 ne
1881 1122 1984 1175 quid

1090 1192 1361 1240 molirentur,
1381 1190 1455 1229 sed
1478 1189 1547 1229 vel
1567 1188 1830 1228 desisterent
1851 1187 1904 1227 ab
1924 1187 1986 1226 in-

1091 1260 1240 1307 cepto,
1270 1255 1337 1294 vel
1367 1252 1597 1294 differrent
1625 1251 1985 1299 deliberationes,

1093 1319 1160 1358 vel
1182 1322 1398 1357 mutarent
1417 1316 1500 1356 boc
1528 1327 1718 1368 prorsus,
1746 1314 1861 1368 quod
1892 1325 1984 1365 prae

1093 1381 1288 1421 manibus
1321 1385 1433 1430 erat,
1462 1379 1732 1419 hortabatur.
1787 1378 1913 1419 Quod
1947 1376 1983 1416 si

1093 1458 1193 1485 mox
1213 1449 1469 1497 proruerent
1503 1455 1602 1483 cum
1634 1442 1817 1493 impetu,
1848 1445 1988 1480 certa·

1094 1509 1259 1562 timque
1279 1509 1323 1548 in
1344 1498 1485 1547 escam
1504 1506 1763 1556 involarent,
1793 1512 1838 1544 et
1859 1504 1987 1544 avide

1093 1573 1454 1625 depascerentur,
1499 1571 1562 1610 ita
1599 1576 1663 1620 ut,
1707 1568 1988 1609 vescentibus

1091 1636 1192 1686 illis,
1231 1634 1394 1687 aliquid
1427 1646 1481 1673 ex
1509 1645 1583 1674 ore
1624 1633 1910 1682 relaberetur,
1940 1637 1987 1671 et

1094 1709 1252 1739 terram
1287 1698 1473 1750 paviret,
1507 1696 1623 1750 quod
1657 1695 1894 1747 tripudium
1923 1693 1986 1734 fa·

1093 1769 1216 1802 ceret
1253 1761 1526 1811 solistimum,
1561 1759 1678 1809 inde,
1719 1771 1797 1811 spe
1835 1759 1986 1798 hausta

1092 1824 1292 1876 mirifica,
1318 1823 1543 1877 pullarius,
1560 1828 1609 1862 ut
1628 1829 1879 1863 constanter
1899 1820 1986 1862 for-

1093 1890 1284 1942 titerque
1303 1894 1450 1941 coepta
1471 1887 1646 1939 negotia
1673 1892 1895 1938 urgerent,
1915 1887 1988 1937 ju-

1091 1952 1240 2003 bebat,
1268 1957 1314 1993 et
1334 1963 1556 1991 successus
1577 1956 1765 2003 optatos,
1795 1963 1845 1990 ac.
1867 1962 1988 2002 pros-

1092 2027 1197 2068 pera
1223 2028 1246 2056 a
1280 2014 1380 2054 Diis
1415 2014 1558 2054 omnia
1589 2013 1849 2065 spondebat.
1882 2014 1985 2053 Peu-

1090 2091 1217 2119 cerus.

1148 2144 1319 2183 Classem
1349 2145 1581 2194 tempestate
1610 2141 1765 2194 amisit]
1791 2142 1986 2182 Truncus

1090 2206 1173 2246 hoc
1205 2207 1300 2246 loco
1319 2205 1536 2262 Valerius,
1578 2211 1626 2245 ut
1665 2217 1719 2245 ex
1755 2205 1989 2256 Campensi

1092 2270 1313 2321 colligitur
1345 2267 1599 2320 exemplari,
1628 2269 1820 2320 quamvis
1855 2270 1988 2308 etiam

1093 2333 1351 2383 incorrecto,
1376 2333 1418 2373 in
1456 2345 1539 2382 quo
1570 2333 1656 2371 sic:
1688 2333 1903 2383 populique
1916 2333 1987 2382 ,ἰη-

1094 2396 1196 2435 dicio
1214 2397 1423 2434 damnatus
1447 2394 1511 2434 hic
1530 2394 1788 2444 ignominiam
1808 2396 1988 2435 volunta-

1093 2458 1158 2498 ria
1183 2463 1307 2498 morte
1334 2458 1543 2509 proevem‘t.
1598 2457 1711 2498 Haec
1739 2457 1989 2509 diligentius

1094 2521 1402 2570 consideranti,
1444 2520 1644 2573 quaedam
1680 2521 1830 2561 deesse
1871 2522 1987 2561 haud

1094 2585 1226 2625 dubio
1260 2585 1542 2634 videbantur;
1579 2597 1660 2624 non
1696 2585 1810 2624 enim
1830 2586 1987 2627 Junius
2021 2583 2025 2586 ’

1086 2649 1284 2701 jamjam
1304 2649 1532 2691 damnatus
1564 2649 1839 2700 ignominiam
1875 2663 1989 2702 prae·

1094 2712 1242 2752 venire
1262 2712 1414 2764 potuit.
1470 2713 1618 2755 Quare
1651 2714 1788 2752 locum
1811 2714 1988 2754 Cicero·

1093 2775 1157 2815 nis
1173 2775 1276 2816 dum
1306 2774 1502 2827 confero,
1529 2787 1583 2815 ex
1615 2777 1739 2828 cujus
1773 2776 1892 2816 libris
1930 2777 1986 2817 de

1095 2840 1288 2880 Deorum
1310 2841 1414 2880 Nat.
1434 2852 1490 2880 u.
1522 2852 1572 2880 ac
1593 2839 1742 2879 Divin.
1764 2851 1819 2880 ιι.
1857 2842 1986 2881 Vale·

1094 2904 1182 2942 rius
1206 2903 1299 2943 haee
1330 2903 1526 2943 hausisse
1560 2903 1750 2953 videtur,
1793 2905 1911 2944 venit
1944 2905 1986 2944 in

1094 2972 1282 3007 mentem
1313 2966 1367 3007 de
1397 2967 1624 3019 utriusque
1646 2967 1845 3007 Consulis
1866 2969 1987 3007 exitu

1093 3035 1313 3070 auctorem
1333 3036 1527 3070 nostrum
1559 3031 1891 3078 cum-Cicerone
1925 3033 1985 3071 lo-

1094 3093 1181 3144 qui,
1211 3094 1582 3145 supplendamque
1614 3094 1696 3133 hoc
1728 3095 1856 3134 modo
1889 3107 1984 3133 serr-

1095 3156 1275 3196 tentiam
1308 3157 1423 3195 illam
1455 3168 1574 3195 esse:
1609 3156 1786 3200 Quorum
1817 3158 1883 3196 ille
1915 3170 1984 3207 po·

1091 3218 1333 3269 pulijudicio
1352 3218 1539 3268 concidit,
1567 3220 1902 3269 damnationisque
1921 3219 1984 3258 hic

1092 3282 1348 3330 ignominiam
1369 3276 1591 3321 voluntaria
1619 3286 1743 3320 morte
1772 3283 1981 3332 proecenit.

1093 3344 1277 3385 Accedit
1322 3351 1367 3385 et
1413 3345 1517 3384 illud
1566 3345 1822 3395 argumenti,
1867 3346 1979 3396 quod

1093 3406 1206 3446 idem
1225 3408 1363 3448 codex
1391 3407 1483 3448 haec
1517 3407 1601 3446 duo
1631 3407 1687 3446 de
1722 3407 1903 3447 Claudio
1938 3415 1983 3449 et

1090 3471 1222 3513 Junio
1244 3473 1364 3512 Coss.
1382 3471 1581 3521 exempla
1599 3481 1703 3510 voce
1733 3471 1981 3522 copulativa

1091 3540 1335 3587 connectat,
1362 3547 1457 3586 quae
1479 3545 1704 3585 perperam
1732 3535 1774 3574 in
1803 3535 1983 3587 impres-
