2320 4004
367 315 395 368 1
408 315 510 367 158

365 457 474 497 muS,
494 459 587 499 quae
615 447 657 487 in
684 446 905 488 felicitatis
925 447 1141 488 domicilio
1160 449 1245 489 col·

366 514 510 553 locata
535 513 751 564 jucundos
771 513 903 552 sensit
937 513 1169 552 amicorum
1187 514 1245 554 ef·

365 569 525 626 fectus,
546 576 679 628 qualis
713 575 792 615 fuit
807 576 1022 628 Scipionis
1042 583 1088 618 et
1107 577 1245 628 Laelii,

364 638 552 691 Augusti
582 644 627 678 et
658 637 885 690 Agrippae.
941 640 1054 680 Nam
1086 640 1242 682 Laelius

365 702 427 741 ita
444 702 686 753 Scipionem
714 702 894 742 coluisse
921 708 968 743 et
989 715 1015 743 a
1041 703 1243 754 Scipione

367 766 509 804 cultus
531 765 623 816 ipse
652 764 804 816 fertur,
831 771 880 805 ut
912 765 1027 806 inter
1044 778 1242 806 verorum

364 829 596 868 amicorum
617 830 736 881 paria
763 830 1060 871 connumerari
1090 832 1243 871 merito

367 892 558 943 possint;
614 893 730 949 quod
789 893 902 933 idem
958 892 1153 946 Augusto
1199 900 1244 934 et

366 954 575 1007 Agrippae
603 956 794 996 evenisse
814 956 919 996 dicit
936 957 1081 996 Valer.
1122 957 1245 1010 quip-

366 1028 423 1070 pe
443 1020 558 1060 inter
583 1032 688 1072 quos
718 1032 879 1059 summa
905 1020 1042 1061 fuerit
1059 1021 1244 1061 omnium

360 1093 518 1133 rerum,
534 1088 579 1123 et
595 1084 860 1123 voluntatum
875 1084 1098 1124 consensio
1115 1098 1126 1124 t
1148 1096 1245 1124 nam

366 1151 414 1186 et
435 1145 632 1198 Agrippa
650 1159 837 1187 sororem
869 1147 1054 1198 Augusti
1086 1148 1129 1187 in
1159 1160 1246 1187 ma-

365 1208 610 1248 trimonium
643 1210 782 1260 duxit,
819 1216 864 1249 et
900 1210 945 1249 in
981 1210 1247 1250 administra-

364 1271 485 1310 tione
517 1273 639 1323 regni
673 1285 750 1323 par
782 1273 844 1312 illi
871 1271 1004 1312 fuisse
1021 1285 1247 1325 propemo-

370 1334 470 1374 dum
491 1336 696 1375 creditur.
726 1336 852 1375 Unde
871 1335 1076 1387 Virgilius
1094 1350 1105 1375 :
1136 1337 1149 1359 ‘
1165 1337 1246 1376 Re·

368 1409 438 1437 mo
459 1410 555 1438 cum
570 1399 703 1438 fratre
719 1399 921 1441 Quirinus
932 1399 1042 1440 Jura
1055 1399 1249 1440 dabunt.’

369 1460 499 1510 Nam,
535 1466 646 1501 teste
690 1462 854 1512 Servio,
884 1461 939 1501 de
970 1461 1168 1514 Augusto
1203 1468 1248 1503 et

372 1523 563 1574 Agrippa
582 1524 640 1563 ibi
658 1524 929 1576 intelligitur.
981 1526 1040 1565 Et
1063 1525 1106 1565 in
1134 1525 1249 1566 bello

371 1586 483 1637 quod
504 1593 649 1627 contra
676 1588 951 1639 Cleopatram
970 1595 1017 1629 et
1033 1589 1098 1628 M.
1115 1589 1247 1630 Anto-

368 1651 483 1689 nium
506 1656 673 1702 gestum
694 1655 776 1701 est,
793 1650 1012 1702 Augustus
1033 1651 1249 1702 dextrum,

369 1714 566 1766 Agrippa
592 1715 810 1756 sinistrum
838 1727 970 1755 cornu
1000 1715 1251 1762 retinentes,

370 1777 544 1827 paribus
580 1777 784 1829 auspiciis
815 1777 1037 1817 victoriam
1068 1789 1249 1829 pepere-

371 1845 485 1879 runt.
539 1839 667 1879 Unde
697 1840 927 1892 Virgilius:
968 1841 980 1863 ‘
1001 1841 1135 1880 Parte
1164 1842 1251 1881 alia

371 1902 528 1953 ventis,
563 1908 610 1942 et
652 1901 732 1942 Dis
777 1901 973 1956 Agrippa
1019 1904 1248 1947 secundis.’

377 1965 526 2007 Oliver.

422 2027 652 2069 Sanctorum
685 2030 849 2082 umbris]
904 2031 1065 2073 Quales
1101 2032 1249 2072 crede-

372 2091 532 2133 bantur
550 2093 786 2147 Augustus‚
807 2101 851 2134 et
870 2094 1027 2147 Scipio,
1042 2095 1163 2137 Jovis
1183 2108 1249 2135 sa-

373 2162 439 2207 tu,
456 2162 507 2197 ut
527 2159 649 2208 vulgo
680 2159 953 2211 credebatur,
981 2164 1125 2208 ortus3
1154 2159 1248 2199 dico

369 2221 516 2273 potius
536 2221 716 2271 coelesti,
734 2233 785 2261 eo
805 2220 919 2272 quod
949 2220 1055 2261 dicit
1072 2219 1249 2267 umbris,

368 2296 466 2324 nam
489 2285 734 2335 Capitolina
749 2284 874 2324 sedes
885 2289 952 2324 est
962 2285 1069 2324 vivis
1089 2285 1251 2337 pervia,

371 2354 418 2387 et
436 2360 520 2388 non
540 2348 713 2400 umbris,
745 2349 820 2389 sed
851 2348 1007 2390 statuis
1027 2348 1251 2390 defuncto-

374 2423 481 2450 rum.
508 2412 678 2451 Badius.
1083 2402 1087 2407 ’

427 2475 592 2516 Decime
621 2475 742 2527 Laeli]
799 2476 848 2516 C.
884 2475 1066 2517 Laelium
1095 2482 1252 2518 vocant

371 2551 533 2580 omnes.

425 2602 613 2642 Secundis
639 2602 849 2654 ominibus]
893 2602 944 2643 Id
971 2608 1054 2655 est,
1073 2616 1253 2657 prospe·

373 2676 447 2705 ris.

431 2729 550 2770 Ex'r.
578 2731 600 2781 ξ
634 2733 656 2768 1
686 2730 845 2770 Damon
876 2735 916 2771 et
947 2729 1134 2782 Pythias]
1178 2730 1250 2770 De

373 2794 438 2833 liis
458 2806 629 2846 quoque
651 2795 899 2835 Lactantius
917 2794 992 2834 lib.
1020 2806 1066 2835 v.
1087 2794 1250 2835 divina-

372 2869 464 2896 rum
497 2856 829 2908 institutionum,
857 2869 955 2908 cap.
984 2860 1050 2896 18.
1104 2858 1117 2879 ‘
1135 2857 1250 2899 Quid

372 2919 508 2971 ergo,'
538 2920 693 2972 inquit,
724 2921 737 2942 ‘
759 2920 821 2959 illi
839 2919 1070 2960 familiares
1088 2920 1251 2972 Pytha-

373 2984 491 3036 gorei
513 2983 741 3023 laudantur
760 2996 784 3022 a
804 2983 920 3022 vobis
940 2983 956 3021 ?
994 2994 1171 3036 quorum
1192 2985 1250 3023 al·

372 3055 442 3088 ter
461 3060 505 3087 se
523 3053 704 3100 tyranno
735 3047 886 3086 vadem
911 3046 1061 3087 mortis
1082 3059 1162 3098 pro
1190 3048 1249 3087 al-

373 3119 465 3151 tero
511 3111 660 3159 dedit;
706 3111 819 3150 alter
862 3109 916 3148 ad
962 3111 1250 3160 praestitutum

374 3181 544 3227 tempus
563 3186 691 3227 quum
706 3173 798 3225 jam
815 3184 992 3224 sponsor
1010 3172 1103 3224 ejus
1122 3173 1251 3213 duce·

373 3245 510 3286 retur,
528 3237 802 3289 praesentiam
833 3236 897 3275 sui
926 3233 1049 3285 fecit,
1068 3247 1250 3288 eumque

370 3305 620 3343 interventu
651 3312 726 3340 suo
772 3299 988 3339 liberavit.
1058 3299 1249 3340 Quorum

373 3368 509 3408 virtus
529 3367 570 3406 in
593 3371 715 3406 tanta
744 3364 877 3417 gloria
908 3375 990 3403 non
1007 3363 1250 3414 haberetur,

372 3431 486 3484 quod
507 3431 615 3471 alter
631 3440 709 3482 pro
727 3428 879 3478 amico,
897 3427 1006 3466 alter
1023 3427 1152 3466 etiam
1171 3438 1249 3477 pro

371 3496 456 3535 fide
476 3495 581 3535 mori
603 3493 809 3541 voluerat,
826 3491 860 3530 si
889 3489 1010 3530 stulti
1045 3494 1248 3540 putaren-

373 3564 456 3600 tur.
514 3556 708 3610 Denique
734 3555 788 3596 ob
820 3555 928 3595 hanc
954 3554 1090 3606 ipsam
1115 3553 1247 3594 virtu-

946 331 979 368 N
992 329 1121 370 OTAE
1162 330 1496 372 VARIORUM
1538 334 1602 373 IN

1305 454 1392 490 tem
1440 455 1644 502 tyrannus
1689 453 1753 492 liis
1803 453 1962 506 gratias
2019 457 2186 507 retulit,

1304 518 1532 566 utrumque
1565 517 1790 567 servando,
1811 523 1854 557 et
1885 518 2064 558 hominis
2085 531 2183 559 cru-

1304 574 1510 616 delissimi
1538 582 1687 618 natura
1713 585 1878 620 mutata
1896 580 1993 621 est:
2035 582 2186 634 quine-

1306 638 1408 677 tiam
1443 639 1698 691 deprecatus
1729 655 1821 682 esse
1854 643 2026 695 dicitur,
2057 652 2104 685 ut
2136 657 2185 684 se

1304 701 1479 740 tertium
1499 703 1544 741 in
1562 703 1793 744 amicitiam
1808 706 2078 758 reciperent;
2098 719 2184 747 non

1303 764 1452 816 utique
1473 769 1672 817 tanquam
1695 768 1866 820 stultos,
1883 769 1958 808 sed
1979 776 2183 821 tanquam

1305 829 1535 879 sapienteS,
1578 834 1624 869 et
1669 829 1801 870 bonos
1846 832 1975 872 viros.
2029 832 2185 886 Itaque

1305 903 1387 931 non
1416 892 1560 943 video,
1579 905 1728 945 quare,
1746 906 1873 946 quum
1904 907 1980 946 pro
1997 896 2187 936 amicitia

1306 962 1352 995 et
1369 954 1454 995 fide
1484 957 1591 995 mori
1616 969 1779 996 summa
1809 958 1946 1008 gloria
1964 964 2185 1010 compute-

1306 1023 1394 1068 tur,
1417 1031 1500 1058 non
1520 1020 1649 1059 etiam
1671 1032 1748 1071 pro
1781 1020 2025 1061 innocentia
2045 1023 2187 1073 perire

1306 1081 1462 1121 homini
1484 1083 1540 1122 sit
1558 1083 1818 1134 gloriosum!
1849 1084 1997 1124 Oliver.

1363 1145 1509 1184 Odium
1552 1145 1595 1185 in
1627 1158 1796 1186 amorem
1831 1147 2070 1198 convertere]
2125 1149 2187 1188 Ut

1308 1207 1421 1247 idem
1442 1208 1692 1261 Dionysius,
1725 1210 1794 1262 qui
1827 1223 1931 1262 quos
1959 1211 2086 1251 morti
2113 1211 2188 1251 de-

1306 1271 1559 1322 stinaverat,
1577 1272 1705 1323 paulo
1725 1279 1826 1324 post
1841 1285 1963 1312 orare
1975 1274 2122 1324 coepit,
2139 1279 2189 1314 ut

1309 1346 1354 1374 se
1385 1335 1561 1375 tertium
1591 1335 1635 1375 in
1667 1347 1814 1375 eorum
1846 1337 2081 1376 amicitiam
2112 1337 2190 1377 ads

1308 1398 1548 1439 mitterent.
2104 1404 2106 1406 ’

1364 1461 1527 1502 Poenam
1541 1462 1721 1515 beneficio
1736 1463 1920 1515 pensare]
1949 1463 2012 1504 Ut
2026 1463 2188 1516 Diony-

1311 1525 1415 1575 sius,
1431 1526 1502 1577 qui
1519 1532 1702 1567 mortem
1720 1527 1886 1567 remisit
1916 1526 2017 1567 fidei
2037 1527 2192 1567 Damo-

1310 1588 1394 1638 nis,
1412 1594 1458 1628 et
1473 1588 1664 1640 Pythiae.

1365 1652 1388 1703 ξ
1420 1654 1446 1690 2
1479 1651 1690 1704 Recreata]
1744 1652 2019 1694 Refocillata.
2074 1653 2190 1696 Nam

1309 1713 1424 1753 humi
1453 1718 1667 1765 prostrata
1680 1714 1871 1767 jacebat,
1889 1715 2188 1768 captivitatem

1309 1788 1427 1816 suam
1463 1776 1745 1830 miseramque
1779 1776 1998 1818 fortunam
2044 1778 2193 1830 deplo-

1310 1852 1437 1880 rans:
1482 1841 1554 1880 sed
1590 1841 1662 1880 nbi
1694 1842 1899 1892 cognovit
1928 1845 2096 1881 tantum
2125 1853 2192 1881 re-

1312 1915 1408 1954 gem
1429 1903 1483 1944 ad
1502 1915 1546 1943 se
1562 1903 1784 1943 visendam
1801 1904 1984 1956 venisse,
1997 1904 2193 1957 aliquan·

1314 1969 1447 2007 tulum
1469 1973 1660 2007 recreata
1680 1972 1760 2007 est.
1792 1967 1942 2008 Oliver.

1364 2030 1494 2069 Humi
1506 2030 1763 2082 prostratum]
1806 2031 1933 2072 Quod
1962 2035 2059 2071 erat
2091 2043 2190 2084 sup-

1311 2093 1485 2146 plicum.

1369 2158 1482 2203 Quod
1495 2158 1686 2210 privatim
1698 2170 1844 2210 quoque
1856 2158 1996 2198 merito
2011 2156 2192 2207 veneror]

1311 2220 1421 2260 Haec
1442 2222 1612 2273 quidem
1641 2222 1847 2273 superiori
1877 2222 2074 2273 exemplo
2092 2226 2193 2260 sunt

1314 2286 1630 2337 connectenda,
1677 2286 1808 2326 veluti
1847 2286 1974 2326 etiam
2019 2285 2194 2325 demon·

1312 2355 1455 2389 strant
1489 2349 1755 2401 exemplaria
1797 2349 2009 2401 pleraque⁴
2048 2359 2193 2387 manu-

1313 2416 1487 2467 scripta.
1546 2417 1646 2455 Non
1665 2415 1778 2455 enirn
1804 2425 1850 2454 se
1869 2426 1964 2453 cum
1986 2413 2194 2465 Pompeio

1314 2492 1389 2519 suo
1405 2480 1521 2519 velut
1537 2479 1776 2529 exemplum
1794 2476 1994 2517 amicitiae
2006 2475 2197 2527 adducit,

1312 2542 1423 2595 quod
1442 2542 1610 2594 quidem
1640 2539 1785 2580 facere
1812 2539 1905 2578 sine
1933 2539 2194 2590 arrogantiae

1312 2611 1415 2645 nota
1442 2617 1526 2644 non
1563 2611 1725 2656 posset.
1799 2603 1960 2641 Verum
1992 2601 2195 2643 amicitiae

1314 2667 1552 2708 Alexandri
1574 2666 1725 2718 Magni
1754 2670 1882 2717 atque
1914 2664 2193 2716 Ephestionis

1314 2731 1539 2771 occasione
1559 2730 1736 2770 similem
1755 2726 1979 2768 clarissimi
1994 2725 2074 2767 viri
2092 2725 2195 2766 Sex.

1313 2792 1509 2844 Pompeii
1547 2803 1651 2842 erga
1689 2803 1735 2830 se
1772 2787 2108 2829 benevolentiam
2149 2793 2195 2828 et

1312 2856 1623 2895 humanitatem
1652 2851 1927 2905 gratitudinis
1954 2863 2080 2892 causa
2106 2855 2195 2904 tes-

1315 2923 1444 2959 tatur.
1473 2917 1595 2967 Pigh.

1367 2979 1616 3032 Pompeium]
1645 2980 1711 3019 De
1727 2979 1856 3019 Sexto
1872 2979 2080 3031 Pompeio
2098 2978 2194 3019 Me·

1314 3052 1479 3086 caenate
1508 3056 1583 3084 suo
1614 3043 1821 3096 loquitur,
1852 3042 1973 3094 cujus
2002 3041 2201 3082 meminit

1313 3109 1387 3148 lib.
1406 3120 1457 3148 11.
1479 3120 1575 3158 cap.
1598 3110 1636 3146 1.
1692 3105 1923 3156 Pompeium
1937 3104 2083 3155 meum]
2110 3103 2197 3144 An·

1315 3173 1450 3211 simne
1497 3170 1724 3211 adfirmare
1755 3169 1868 3208 hunc
1914 3168 2033 3207 illum
2065 3168 2195 3209 Pom-

1314 3236 1458 3287 peium
1477 3246 1572 3274 esse
1591 3234 1803 3279 Macrum,
1819 3229 2195 3271 bibliothecarium

1314 3299 1517 3350 Augusti,
1534 3297 1588 3336 de
1607 3306 1693 3347 quo
1710 3292 1967 3333 Suetonius?
1995 3291 2066 3332 Ad
2097 3304 2194 3333 eum

1315 3367 1360 3401 et
1393 3360 1470 3399 illa
1499 3357 1702 3398 Ovidium
1735 3355 1957 3406 scripsisse
1990 3355 2031 3395 in
2049 3356 2199 3396 Tristi·

1313 3421 1391 3464 bus
1427 3426 1648 3462 autumant
1676 3419 1863 3458 eruditi:
1904 3419 1916 3441 ‘
1943 3419 2107 3472 Ecquid
2141 3420 2196 3461 ab

1311 3488 1530 3538 impressae
1571 3481 1793 3534 cognoscis
1850 3481 2037 3533 imagine
2071 3494 2201 3534 cerae,

1313 3550 1423 3590 Haec
1459 3547 1538 3588 tibi
1573 3547 1788 3588 Nasonem
1819 3543 2007 3586 scribere
2047 3544 2194 3595 verba,
