2288 3990
574 271 830 314 vAusuu
874 271 1114 311 MAX1M1
1159 272 1278 312 ms.
1319 271 1386 310 11.
1425 259 1639 311 suff.

199 397 334 438 terius
369 395 431 436 uti
466 393 618 445 noluit,
645 397 694 432 ut
724 403 820 433 cum
855 390 1072 430 Tribunus

198 464 367 501 creatus
385 464 502 498 esset
530 470 555 496 a
587 456 763 508 populo,
794 466 840 494 se
873 453 1073 504 Proprae-

198 529 333 563 torem
353 522 530 572 diceret,
547 519 659 573 quod
679 519 724 560 id
744 532 768 559 a
782 516 986 558 militibus
1003 529 1072 557 ac-

196 587 398 638 cepisset.
430 585 578 626 Oliver.

194 669 198 675 ·
247 649 285 689 A
317 648 476 701 populo]
522 647 699 690 Scilicet
735 652 827 688 toto
864 646 907 686 in
941 644 1070 686 comi-

194 712 280 753 tiis.

244 773 493 825 Adulandus]
523 774 621 814 Hoc
650 773 827 814 verbum
857 772 968 824 apud
996 783 1068 811 ve-

188 842 306 879 teres
333 850 555 879 commune
585 836 684 887 fuit,
720 837 831 878 sicut
858 842 904 876 et
937 836 1068 876 multa

187 900 271 940 alia
289 901 403 952 apud
422 900 704 942 Priscianum.

187 981 190 983 ·
248 965 449 1007 Valentius
460 963 627 1003 militari
639 963 860 1015 disciplina,
878 963 943 1012 ᾅτ.
953 961 1062 1013 fuit]

186 1029 305 1080 Lege
319 1042 330 1068 :
360 1027 551 1068 valentius
563 1027 732 1066 militari
741 1025 948 1077 disciplina
961 1026 1064 1076 apud

184 1090 369 1130 Senatum
375 1089 478 1140 fuit,
499 1102 553 1129 ex
572 1088 870 1130 Wiucheliano
887 1094 933 1128 et
953 1087 1061 1128 Cau-

184 1153 353 1194 chiauo.
387 1154 511 1205 Pigh.

239 1216 450 1260 Tarentino
463 1216 580 1269 bello]
611 1218 718 1258 Cum
732 1215 958 1256 Tarentini
974 1215 1060 1255 bel-

181 1279 270 1319 lum
298 1292 394 1320 cum
424 1291 526 1332 pop.
556 1280 676 1319 Rom.
706 1279 929 1330 baberent,
955 1281 1059 1331 Pyr-

180 1342 302 1382 rhum
328 1354 475 1394 regem
505 1343 782 1395 Epirotarum
815 1342 857 1382 in
890 1343 1059 1383 Italiam

178 1407 445 1457 acciverunt,
457 1419 541 1459 quo
562 1407 604 1446 in
619 1407 732 1447 bello
747 1407 906 1447 attritae
923 1408 1058 1458 primo

179 1476 279 1510 sunt
298 1471 412 1509 vires
431 1470 576 1521 populi
602 1470 795 1510 Romani.
853 1471 961 1510 Cum
981 1471 1058 1522 igi-

176 1539 249 1573 tur
281 1532 471 1584 Pyrrhus
501 1545 697 1583 maguum
717 1544 939 1573 numerum
960 1547 1059 1586 cap-

175 1598 360 1636 tivorum
399 1596 605 1647 cepisset,
636 1597 727 1636 sine
756 1596 1056 1648 redemptione

174 1672 320 1700 omnes
336 1659 494 1712 populo
510 1661 630 1701 Rom.
645 1657 890 1701 condonare
907 1661 1053 1702 voluit.

171 1723 223 1764 In
243 1736 326 1776 quo
345 1723 564 1764 sententia
584 1722 716 1776 Appii
745 1723 914 1764 Claudii
935 1724 1054 1765 Caeci

169 1785 268 1836 fuit,
297 1797 352 1826 ne
381 1788 679 1839 reciperentur
712 1787 892 1839 pristino
920 1793 1051 1829 statu.

169 1849 312 1902 Igitur
342 1851 414 1903 qui
443 1852 612 1904 equites
639 1850 826 1903 fuerant,
854 1852 898 1891 in
931 1853 1051 1903 pedi-

168 1919 260 1954 tum
279 1923 517 1966 numerum,
539 1916 613 1969 qui
632 1916 817 1970 pedites,
835 1917 876 1956 iu
905 1914 1050 1956 fundi-

165 1982 308 2018 torum
328 1979 416 2018 alas
435 1981 706 2032 transscripti
735 1988 851 2034 sunt,
882 1988 928 2023 et
953 1985 1046 2025 aliis

164 2041 482 2082 conditionibus
501 2043 681 2095 alligati.
730 2045 856 2086 Unde
876 2046 1045 2088 Fronti-

165 2115 245 2144 nus
276 2104 353 2146 lib.
389 2116 422 2145 ι.
455 2117 551 2158 cap.
587 2110 624 2146 1.
678 2106 843 2160 ‘Appii
876 2109 1045 2150 Claudii

163 2169 394 2219 sternentia,
422 2168 606 2210 Senatus
633 2182 722 2220 eos,
740 2172 812 2223 qui
830 2185 854 2212 a
873 2173 1044 2224 Pyrrho

146 2241 264 2281 >tege
291 2231 565 2283 Epirotarum
595 2233 711 2284 capti
740 2239 786 2273 et
806 2241 960 2286 postea
976 2249 1042 2276 re-

161 2294 280 2334 missi
304 2293 492 2346 fuerant,
522 2297 687 2349 equites
711 2298 765 2338 ad
786 2299 954 2350 pedites
974 2312 1042 2341 re-

159 2357 297 2409 degit,
328 2358 501 2410 pedites
531 2360 583 2399 ad
617 2360 755 2400 levem
784 2369 1041 2404 armaturam

160 2419 354 2460 omnibus
366 2425 491 2460 extra
510 2422 666 2463 vallum
689 2423 823 2474 jussis
844 2425 1039 2477 tendere,

157 2482 296 2523 donec
315 2483 417 2524 bina
437 2484 619 2525 bostium
640 2487 777 2538 spolia
794 2487 950 2541 singuli
972 2502 1037 2530 re-

154 2545 353 2586 ferrent.'
385 2547 536 2589 Oliver.

159 2623 164 2626 ·
206 2609 257 2650 In
279 2623 366 2662 quo,
385 2612 474 2663 ξω]
503 2612 699 2666 Contigit
711 2613 765 2656 A.
779 2616 833 2655 U.
852 2627 1032 2658 nnxxw

207 2673 433 2726 Quamne]
463 2674 516 2715 Id
537 2681 620 2727 est,
639 2679 874 2720 concussis.

203 2737 400 2787 Magnum
429 2740 688 2791 captivorum,
719 2743 786 2793 esc.
814 2745 1034 2797 numerum]

150 2801 345 2841 Fuerunt
364 2806 508 2842 autem
527 2802 717 2850 ducenti,
739 2810 852 2846 teste
870 2807 899 2848 J
904 2809 1032 2849 nstin.

148 2863 226 2904 lib.
257 2874 396 2904 xvm.
423 2865 496 2917 qui
526 2865 678 2918 inquit,
707 2868 720 2890 ‘
741 2868 935 2920 Pyrrhus
955 2871 1031 2911 du·

145 2932 296 2968 centos
313 2929 509 2980 captivos
525 2931 683 2972 milites
695 2933 829 2983 gratis
851 2934 1030 2976 Romam

145 2992 326 3040 remisit,
354 2998 404 3033 ut
434 2996 608 3047 cognita
640 2997 803 3038 virtute
823 3000 914 3050 ejus
946 3000 1030 3040 Ro·

142 3056 258 3096 mani
274 3065 581 3107 cognoscerent
600 3059 936 3103 liberalitatem.’

195 3119 447 3172 Mer-uerunt]
477 3121 789 3164 Militaverant.

199 3181 310 3222 Vallo
326 3183 536 3236 autfossa]
566 3185 677 3226 Vide
695 3198 839 3239 supra.

189 3245 301 3286 Bina
331 3247 475 3300 spolia]
518 3248 713 3289 Duorum
753 3263 779 3290 a
820 3262 866 3290 se
905 3251 1018 3292 occi-

139 3319 294 3350 sorum.

192 3370 337 3412 Parem
349 3372 471 3425 iram]
501 3374 674 3416 Livius:
705 3377 719 3399 ‘
740 3378 894 3429 Legati
909 3378 1019 3419 mili-

139 3437 246 3484 tum,
274 3435 345 3485 qui
370 3436 563 3489 relegati,
593 3440 870 3490 postulabant
897 3447 945 3482 ut
972 3443 1017 3481 in

137 3495 333 3548 praelium
365 3498 640 3542 ducerentur.
695 3503 929 3544 Marcellus
971 3505 1016 3544 id

1877 256 2017 310 1045

1136 403 1216 432 nec
1247 392 1362 444 juris
1402 403 1484 432 nec
1525 389 1753 443 potestatis
1790 401 1878 430 suae
1921 402 2016 431 esse

1135 454 1259 506 dixit,
1286 455 1463 496 Senatui
1495 455 1752 507 scripturum
1772 465 1834 503 se,
1854 444 2013 493 omnial

1134 532 1215 572 que
1250 519 1305 559 de
1339 520 1553 560 sententia
1587 524 1756 572 patrum
1796 517 2014 558 facturum

1134 594 1255 622 esse:
1285 583 1425 623 literae
1457 596 1560 636 ergo
1588 580 1788 623 Marcelli
1807 580 1862 621 ad
1882 593 2013 620 novos

1134 646 1341 687 Consules
1358 649 1515 699 allatae,
1536 660 1585 688 ac
1600 659 1678 699 per
1693 658 1768 687 eos
1786 646 1828 686 in
1849 646 2013 686 Senatu

1132 710 1330 751 recitatae
1350 716 1465 761 sunt,
1483 711 1790 762 consultusque
1810 709 1866 749 de
1884 708 1948 749 his
1966 709 2013 747 li-

1131 773 1233 813 teris
1261 773 1322 813 ita
1342 773 1539 813 decrevit
1557 775 1766 814 Senatus:
1799 772 2012 813 Militibus

1131 836 1204 889 qui
1220 836 1272 876 ad
1287 836 1455 877 Cannas
1467 837 1776 877 commilitones
1793 847 1892 877 suos
1905 847 2014 887 pug-

1129 906 1282 941 nantes
1315 901 1621 952 deseruissent,
1640 901 1817 941 Senatui
1844 912 1930 939 non
1951 899 2010 938 vi-

1128 964 1221 1004 deri
1274 964 1605 1016 Rempublicam
1657 963 2010 1004 committendam

1126 1041 1247 1069 esse:
1285 1029 1319 1069 si
1355 1029 1508 1068 Marco
1537 1027 1714 1069 Claudio
1753 1025 2010 1066 Proconsuli

1124 1093 1251 1134 aliter
1282 1093 1517 1145 videretur,
1549 1091 1715 1132 faceret
1735 1090 1860 1144 ,quod
1890 1102 1914 1129 e
1944 1101 2011 1129 re-

1126 1157 1295 1210 publica
1314 1157 1484 1210 fideque
1504 1167 1580 1197 sua
1609 1155 1806 1205 duceret,
1826 1154 1928 1195 dum>
1954 1166 2008 1194 ne

1124 1221 1219 1274 quis
1266 1233 1413 1261 eorum
1458 1230 1635 1260 munere
1670 1223 1862 1269 vacaret,
1897 1229 2008 1257 neve

1124 1284 1236 1324 dono
1255 1283 1429 1324 militari
1458 1283 1629 1323 virtutis
1659 1282 1799 1335 gratia
1827 1281 2010 1322 donare·

1124 1352 1208 1398 tur,
1228 1359 1313 1387 non
1333 1348 1374 1386 in
1393 1346 1562 1387 Italiam
1592 1349 1904 1397 reportaretur,
1930 1345 2006 1385 do-

1117 1422 1203 1450 nec
1222 1411 1366 1451 hostes
1385 1410 1428 1450 in
1444 1414 1563 1449 terra
1577 1408 1708 1448 Italia
1724 1407 1896 1448 essent!

1177 1474 1353 1526 Cannas]
1379 1473 1535 1512 Vicum
1555 1470 1743 1523 Apuliae,
1775 1470 1847 1511 ubi
1879 1471 2002 1511 Rom.

1118 1536 1338 1576 exercitus
1385 1535 1439 1575 ab
1486 1533 1702 1576 Annibale
1753 1532 2002 1587 profligatus

1119 1605 1201 1640 est.

1177 1664 1295 1703 Ultra
1339 1667 1579 1703 mortuorum
1623 1662 1900 1714 conditionem]
1947 1663 2001 1703 In

1117 1727 1313 1767 omnibus
1341 1725 1673 1778 manuscriptis:
1702 1726 1810 1766 ultra
1829 1730 1999 1766 nwrtzw-

1113 1802 1217 1839 rum,
1236 1801 1320 1829 uon
1334 1789 1571 1840 mortalium,
1586 1788 1756 1840 legitur.
1787 1789 1846 1830 Et
1861 1793 1999 1829 recte.

1110 1853 1299 1904 Pighius.

1171 1917 1226 1956 Ut
1245 1928 1390 1968 eorum,
1410 1915 1500 1968 &cd
1530 1915 1702 1968 Contig.
1724 1914 1778 1957 A.
1791 1915 1848 1957 U.
1867 1926 1996 1958 nxu.

1162 1981 1330 2021 Munere
1358 1980 1536 2032 vacaret]
1564 1978 1676 2020 Dum
1705 1992 1759 2020 ne
1791 1981 1884 2032 quis
1904 1980 1997 2020 illo-

1109 2057 1203 2085 rum
1224 2046 1495 2086 vacationem
1520 2043 1702 2084 haberet
1729 2043 1912 2094 militiae,
1933 2045 1994 2084 vi-

1107 2107 1268 2148 delicet
1314 2113 1364 2149 ut
1407 2119 1580 2160 semper
1622 2107 1822 2148 militiam
1873 2121 1994 2159 gere-

1106 2178 1220 2213 rent.

1156 2236 1243 2276 Aut
1261 2235 1379 2286 dono]
1419 2235 1478 2275 Ut
1501 2234 1535 2274 si
1555 2234 1683 2274 etiam
1705 2233 1876 2275 fortiter
1896 2247 1991 2286 ges-

1103 2298 1272 2350 sissent,
1292 2299 1410 2338 nullo
1443 2309 1620 2338 munere
1653 2297 1829 2338 militari
1859 2298 1989 2337 dona-

1102 2366 1266 2402 rentur.

1151 2426 1255 2476 Age,
1284 2438 1396 2476 quam
1418 2425 1600 2475 graviter
1620 2422 1810 2475 Senatus]
1856 2425 1989 2464 Fron-

1099 2488 1214 2527 tinus
1244 2489 1314 2528 lib.
1334 2500 1397 2528 ιν.
1419 2501 1516 2540 cap.
1535 2492 1572 2528 1.
1616 2488 1629 2511 ‘
1646 2489 1754 2528 Cum
1776 2500 1801 2527 a
1820 2487 1986 2540 Liguri-

1097 2552 1236 2592 busin
1257 2552 1407 2604 praelio
1428 2552 1617 2594 Quintus
1636 2551 1838 2592 Petillius
1854 2552 1987 2592 inter-

1096 2615 1239 2657 fectus
1260 2620 1392 2666 esset,
1412 2615 1607 2656 decrevit
1627 2616 1828 2666 Senatus,
1857 2621 1905 2656 ut
1931 2628 1984 2656 ea

1094 2680 1224 2732 legio,
1252 2680 1294 2719 in
1314 2681 1434 2731 cujus
1454 2679 1546 2719 acie
1577 2679 1728 2719 consul
1746 2677 1891 2719 fuerat
1910 2691 1981 2719 oc-

1095 2742 1224 2794 cisus,
1243 2747 1332 2782 tota
1360 2740 1604 2794 infrequens
1633 2740 1887 2792 referretur,
1905 2742 1980 2782 sti·

1094 2805 1298 2858 pendium
1344 2805 1384 2845 ei
1430 2817 1515 2845 non
1562 2804 1740 2844 daretur
1778 2816 1978 2855 annuum,

1092 2879 1179 2909 aera
1209 2867 1589 2909 rescinderentur.'
1638 2867 1834 2920 Contigit
1854 2867 1906 2908 A.
1923 2868 1979 2908 U.

1091 2943 1301 2973 anxvn.

1143 2994 1332 3047 Ligures]
1365 2994 1541 3047 Liguria
1559 2994 1701 3039 Italiae
1727 2993 1842 3045 regio
1863 2994 1974 3033 inter

1087 3072 1234 3101 amnes
1252 3061 1412 3100 Varum
1444 3063 1491 3099 et
1523 3059 1732 3108 Macram,
1761 3057 1815 3096 ab
1835 3057 1973 3095 altero

1086 3125 1223 3164 latere
1241 3123 1399 3163 habens
1431 3121 1725 3174 Apenninum,
1754 3120 1807 3159 ab
1831 3120 1970 3158 altero

1085 3186 1267 3227 Padum.

1139 3249 1277 3300 Neque
1302 3260 1382 3288 oera
1400 3247 1489 3287 dari
1518 3245 1659 3296 voluit]
1687 3245 1863 3285 Scilicet
1873 3245 1965 3295 jam

1082 3312 1317 3426 deglttzione]
1362 3370 1745 3413 Animadversione
1773 3370 1816 3408 in
1844 3370 1962 3421 igna-

1079 3450 1155 3479 vos
1172 3438 1345 3478 milites.

1135 3499 1342 3542 Consimili
1360 3497 1508 3548 animo]
1541 3494 1683 3535 Livius
1703 3494 1865 3536 decade
1882 3496 1957 3537 Se-
