2288 3990
386 281 526 335 1022
964 287 1137 329 NorAE

381 411 524 462 calida,
549 423 663 462 quam
689 409 752 450 illi
778 408 1053 456 desiderarent,
1077 417 1248 445 recreas·

384 480 457 516 set.
534 475 583 514 In
631 475 778 523 Camp.
815 469 1075 510 rectissime:
1122 468 1248 518 petita

383 539 494 577 calda
512 539 727 577 recreasset.
781 533 959 583 Reliqua
977 531 1094 570 omitt
1105 538 1247 580 untur,

382 606 429 640 et
458 601 650 640 videntur
667 610 690 637 e
710 596 837 637 schol.
868 593 1168 644 marginalibus
1187 594 1247 632 in-

382 671 499 705 serta
529 664 583 704 ab
611 660 804 712 imperito
836 658 1061 711 quopiam;
1089 657 1245 697 namin

383 729 474 768 aliis
507 729 609 766 Mss.
643 735 763 776 aeque
792 734 875 762 non
910 721 1135 772 habentur,
1171 720 1245 760 sed

382 791 425 830 in
458 790 522 829 his
555 801 646 839 pro,
673 786 797 836 calda,
826 785 1092 837 supponitur,
1120 796 1249 836 aqua;

381 866 473 904 quae
494 851 787 902 interpretatio
803 848 992 889 vocabuli
1010 847 1185 898 vetusti,
1202 858 1248 886 se

379 915 604 954 insinuavit
614 914 750 954 textui
764 912 1009 953 Valeriano.
1026 910 1162 950 Nobis
1176 921 1247 948 an-

378 979 537 1030 tiquam
559 984 684 1030 atque
703 977 939 1029 elegantem
959 975 1074 1014 illam
1094 973 1247 1014 dictio-

376 1054 473 1082 nem
499 1042 672 1089 Valerio
699 1040 878 1080 reddere
906 1039 1042 1079 visum
1061 1043 1144 1088 est,
1165 1049 1248 1089 qua

378 1105 479 1145 item
515 1107 692 1145 utuntur
727 1110 897 1145 veteres
933 1106 1127 1141 auctores
1161 1099 1246 1139 fre-

375 1173 568 1222 quenter.
598 1169 658 1207 Ut
678 1166 890 1207 Martialis
907 1179 918 1207 :
946 1165 959 1189 ‘
975 1164 1145 1216 Frigida
1162 1176 1248 1204 non

376 1234 528 1283 deerit,
542 1245 626 1272 non
637 1232 775 1272 deerit
786 1231 909 1272 calda
923 1229 1117 1282 petenti.'
1138 1229 1246 1270 Ora-

373 1298 457 1337 culi
477 1296 666 1348 ejusdem
686 1296 816 1336 verba
833 1296 892 1336 sic
913 1295 1113 1347 leguntur
1131 1295 1246 1347 apud

375 1360 588 1400 Zosimum
609 1361 770 1400 Histor.
790 1360 863 1402 lib.
882 1371 930 1401 11.
982 1358 1168 1410 Ἀπάγειν
1194 1358 1247 1400 εἷς

373 1421 549 1474 Τάραντα
562 1421 858 1473 ἐγκελευομένης
869 1423 919 1463 τὰ
936 1421 1067 1474 τέκνα,
1089 1422 1246 1462 κάκεῖσε

374 1485 610 1537 θερμήναντα
640 1485 709 1527 τοῦ
742 1486 924 1540 Τιβέρεως
951 1487 1046 1539 ὕδωρ
1075 1486 1139 1526 ἐπὶ
1173 1488 1246 1534 τῆς

364 1548 484 1590 ’Ἀδου
492 1550 555 1590 καὶ
570 1550 814 1604 Περσεφόνης
834 1552 1019 1605 ἐσχάρας,
1036 1553 1120 1592 τοῖς
1137 1549 1245 1591 παισὶ

373 1616 504 1655 δοῦναι
520 1617 632 1658 πιεῖν.
663 1616 844 1667 Pighius·

427 1681 600 1732 Propter
627 1681 753 1722 vicum
781 1681 940 1722 Sabina.»
956 1680 1128 1732 regionis
1147 1682 1246 1720 Ere·

374 1743 477 1794 tum]
518 1743 570 1782 In
620 1743 771 1784 Atreb.
818 1750 1032 1786 correcte.
1075 1745 1244 1795 Vulgo:

368 1818 487 1857 prope
521 1807 646 1846 vicum
682 1806 839 1847 Sabim>
862 1808 1036 1859 regionis
1065 1809 1247 1849 Eretum.

373 1870 445 1910 Sic
475 1870 683 1912 Ovidius:
713 1872 927 1924 ‘Propter
957 1873 1125 1912 humum
1148 1872 1248 1911 voli-

375 1933 495 1974 tant.’
540 1935 596 1974 Et
613 1935 838 1976 Terentius
867 1936 1099 1988 Adelphis:
1128 1936 1246 1976 ‘Hic

373 2002 554 2047 propter
579 1998 688 2038 hunc
713 1997 896 2040 assiste:
952 2000 1073 2039 Ereti
1102 2000 1246 2039 memi-

371 2061 439 2099 nit
469 2061 670 2111 Virgilius
708 2063 875 2104 AEneid.
902 2075 986 2104 vn.
1025 2064 1246 2116 Stephano

365 2123 535 2176 Ἤρετως
553 2125 725 2179 dicitur,
742 2126 952 2179 Dionysio
981 2133 1026 2168 et
1044 2128 1247 2169 Straboni

373 2189 566 2229 Eretum.
595 2190 781 2240 Pighius.
906 2198 911 2202 ’

425 2254 609 2305 Eretum]
637 2255 753 2295 Male
771 2255 811 2294 in
831 2255 942 2295 libro
956 2256 1071 2296 Dan.
1085 2255 1248 2296 Fretum

373 2319 584 2360 scribitur.
639 2319 839 2360 Servius:
886 2321 1090 2360 ‘Eretum
1123 2323 1247 2373 oppi-

371 2386 469 2425 dum
505 2391 573 2426 est
606 2386 767 2426 dictum
798 2399 822 2426 a
857 2387 1046 2439 Junone,
1078 2387 1122 2427 id
1161 2393 1245 2439 est,

362 2448 499 2502 Ἥρας,
518 2462 610 2502 quae
631 2450 718 2491 illic
737 2451 922 2491 colitur.'
963 2453 1137 2492 Colerus.

424 2514 581 2564 Lintre]
609 2515 790 2555 Fluviali
814 2528 938 2556 nave.
967 2516 1108 2556 Linter
1134 2517 1247 2558 enim

373 2589 504 2628 genus
526 2583 591 2617 est
609 2579 814 2619 naviculae
834 2579 988 2630 brevis,
1005 2578 1247 2621 fluminibus

373 2640 638 2691 trajiciendis
659 2647 790 2693 aptae.
820 2642 1057 2695 Virgilius:
1087 2645 1248 2685 ‘Cavat

375 2703 528 2744 arbore
547 2705 728 2745 lintres?

428 2766 603 2818 Ostiam]
633 2768 758 2808 Ostia
786 2768 899 2809 hand
920 2771 1070 2822 procul
1098 2775 1165 2812 est
1194 2771 1248 2812 ab

372 2829 508 2881 Urbe,
526 2834 679 2882 utpote.
699 2837 796 2872 octo
825 2831 1006 2874 millibus
1033 2846 1248 2886 passuum,

376 2891 528 2933 defluit
545 2894 725 2945 Tyberis
743 2895 783 2935 in
804 2907 934 2936 mare.

430 2959 558 2999 Nocte
571 2959 771 3014 concubia]
788 2961 898 3001 Vide
911 2974 1038 3014 supra
1053 2963 1106 3005 ad
1120 2962 1196 3005 lib.
1214 2975 1246 3004 ι.

377 3034 475 3076 cap.
494 3028 536 3064 5.
564 3025 762 3075 Exempl.
782 3028 821 3065 4.

429 3087 626 3127 Martium
657 3087 851 3139 campum]
879 3089 964 3131 Qui
995 3095 1098 3131 tunc
1124 3096 1249 3131 extra

375 3149 526 3190 urbem
562 3150 673 3191 fuit:
723 3151 832 3191 sicut
868 3153 1059 3193 ostendit
1087 3153 1247 3194 Livius.

375 3215 500 3255 Dicit
517 3215 652 3255 enim:
682 3214 1005 3267 Tarquiniorum
1037 3228 1155 3268 ager,
1177 3218 1250 3269 qui

374 3278 489 3318 inter
520 3278 670 3318 urbem
694 3284 740 3318 et
769 3278 968 3330 Tyberim
995 3278 1083 3319 fuit
1107 3291 1251 3320 conse-

377 3349 522 3382 cratus
537 3343 686 3395 Marti,
701 3343 888 3383 Martius
906 3342 1061 3382 deinde
1079 3355 1251 3396 campus

377 3405 476 3456 suit,
492 3410 573 3447 ὅτε.

434 3469 658 3521 Terentum]
686 3470 784 3510 Hoc
803 3470 933 3510 etiam
950 3470 1140 3511 ostendit
1155 3471 1252 3511 Ser-

378 3531 488 3572 vius.
544 3533 668 3574 Dicit
704 3534 816 3574 enim
860 3538 1028 3585 partem
1069 3535 1252 3587 aliquam

1182 285 1508 326 VARIORUM
1550 284 1616 325 IN

1309 403 1488 455 Tyberis
1507 403 1547 441 in
1575 402 1678 443 urbe
1699 404 1905 456 appellari
1927 404 2183 452 'retentum

1311 466 1422 516 quod
1445 466 1625 505 Ovidius
1645 478 1813 519 quoque
1843 473 2026 509 testatur
2044 470 2089 510 in
2106 471 2185 513 lib.

1311 529 1476 568 Fastor.
1515 528 1590 568 ubi
1622 529 1784 582 inquit:
1813 531 2021 586 ‘Jamque
2047 540 2187 576 ratem

1309 593 1472 631 monitu
1507 591 1649 632 doctae
1685 593 1925 636 Carmentis
1960 597 2015 636 ad
2044 609 2215 641 arcem.

1308 656 1484 707 Egerat,
1503 660 1549 695 et
1564 655 1741 696 Thuscis
1762 657 1911 711 obvius
1943 659 2034 700 ibat
2053 662 2188 715 aquis.

1310 719 1515 760 Fluminis
1552 719 1628 760 illa
1665 721 1793 773 latus,
1834 722 1902 762 cui
1937 729 2036 765 sunt
2076 725 2189 766 vada

1300 782 1454 834 juncta
1487 783 1679 834 Terenti,
1716 783 1902 836 Aspicit,
1938 794 1985 827 et
2021 800 2187 841 sparsas

1309 858 1388 897 per
1406 846 1501 886 loca
1518 847 1609 886 sola
1628 847 1779 887 casas.'
1810 848 1959 902 Oliver.

1350 910 1574 962 Tereutum]
1594 911 1686 952 Lib.
1699 912 1815 953 Dan.
1833 914 2057 956 Tarentum.
2069 915 2188 957 Mate

1308 971 1430 1014 item.
1484 975 1716 1016 Terentum
1747 976 1930 1017 Ovidius
1965 985 2110 1031 vocat,
2140 985 2190 1022 et

1309 1038 1523 1079 Martialis
1541 1040 1650 1080 libro
1666 1050 1712 1082 x.
1741 1042 1753 1064 ‘
1772 1041 1848 1081 Bis
1871 1053 1968 1082 mea
1995 1044 2188 1086 Romano

1308 1109 1506 1154 spectata
1540 1109 1609 1146 est
1641 1105 1734 1145 vita
1760 1103 1981 1147 Tereum?
2035 1107 2188 1148 Eidem

1308 1168 1516 1209 Terentos
1553 1169 1626 1210 lib.
1664 1181 1696 1210 1.
1758 1170 1946 1223 ‘Coepit,
1982 1171 2191 1224 Maxime,

1309 1230 1431 1271 Pana
1468 1245 1563 1285 quae
1599 1233 1768 1274 solebat
1803 1234 1930 1274 Nunc
1958 1235 2189 1276 ostendere

1310 1295 1490 1336 Canium
1509 1296 1750 1337 Terentos.'
1779 1297 1875 1338 Lib.
1893 1309 1957 1338 ιν.
1978 1298 2132 1351 Epigr.
2146 1301 2187 1339 1.

1308 1357 1395 1397 ‘Et
1430 1371 1526 1411 quae
1559 1359 1790 1400 Romuleus
1826 1371 1948 1400 sacra
1980 1361 2189 1401 'retentus

1306 1421 1467 1462 habet!
1494 1421 1734 1463 Ausonius:
1784 1424 1796 1446 ‘
1813 1424 1944 1464 Trina
1959 1424 2190 1465 Terentino

1306 1486 1526 1527 celebrata
1541 1487 1748 1528 trinoctia
1774 1487 1906 1529 ludo!
1959 1489 2092 1530 Errat
2110 1489 2189 1541 igi-

1307 1555 1381 1591 tur
1422 1552 1488 1591 vir
1527 1563 1702 1603 magnus
1749 1551 1994 1592 Ludovicus
2039 1552 2191 1605 Vives,

1308 1614 1508 1668 idemque
1537 1615 1812 1656 doctissimus
1830 1620 1875 1655 et
1893 1616 2192 1668 eloquentissi-

1308 1691 1402 1719 mus
1436 1679 1743 1732 Hispanorum,
1777 1679 1847 1731 qni
1875 1678 2094 1721 civitatem
2116 1679 2191 1720 Ta-

1308 1748 1462 1784 rentum
1513 1755 1592 1796 pro
1646 1743 1810 1783 Terento
1848 1742 1923 1782 illo
1958 1742 2001 1782 in
2035 1754 2190 1796 campo

1307 1808 1466 1849 Martio
1486 1807 1663 1861 accipit,
1695 1805 1942 1848 tersissimis
1972 1805 2058 1846 illis
2076 1818 2190 1848 com-

1308 1874 1532 1914 mentariis
1585 1874 1640 1914 ad
1684 1872 1999 1924 Augustinum
2002 1871 2061 1912 de
2094 1872 2189 1914 Civ.

1313 1938 1415 1978 Dei.
1467 1938 1649 1978 Festus:
1711 1937 1723 1960 ‘
1739 1937 1954 1977 Tei-entus
1990 1935 2110 1977 locus
2145 1935 2190 1976 in

1311 2001 1932 2055 campoMartio‚'&c.Cole1-.

1365 2066 1455 2106 Solo
1485 2067 1614 2117 magis
1632 2064 1835 2116 fumante]
1868 2065 2006 2105 Locus
2033 2064 2106 2105 ille
2123 2028 2190 2105 fu·

1309 2130 1473 2181 mahat,
1490 2142 1571 2170 nec
1591 2136 1735 2169 tamen
1755 2129 1843 2168 ulla
1861 2128 1983 2181 signa
2010 2139 2190 2181 appare-

1310 2194 1416 2234 bant
1435 2193 1702 2234 exhalantis'
1691 2193 1816 2245 ignis.

1363 2257 1549 2310 Levibus,
1564 2258 1630 2309 Syr.
1643 2254 1915 2308 nutrimentis]
1942 2254 1996 2296 Id
2009 2259 2095 2307 est,
2108 2253 2193 2296 for-

1310 2322 1366 2363 tis
1385 2323 1510 2374 ignis.

1364 2386 1543 2439 Emorit]
1588 2385 1641 2426 Id
1680 2390 1760 2431 est,
1797 2384 1946 2425 elicuit
1980 2376 2191 2437 pertinaci

1310 2451 1483 2504 spiritu,
1511 2450 1553 2491 id
1585 2456 1667 2503 est,
1697 2450 1902 2504 continuo
1920 2447 2043 2500 flatu,
2071 2446 2190 2491 flam-

1299 2506 1437 2556 'mam.
1792 2565 1794 2567 v

1370 2579 1526 2621 Vidisse
1568 2590 1610 2618 se
1650 2579 1694 2618 in
1731 2577 1906 2628 somniis,
1931 2587 2026 2628 quos
2062 2574 2191 2615 nescio

1310 2642 1507 2695 Deorum]
1536 2642 1655 2682 Libri
1675 2640 1760 2681 duo
1776 2653 1799 2680 e
1819 2639 1953 2679 meis:
1981 2637 2193 2679 insomniis

1310 2721 1335 2749 α
1351 2707 1479 2748 nescio
1504 2719 1577 2758 quo
1605 2706 1804 2746 Deorum.-
1831 2703 2066 2756 statimque
2089 2713 2193 2754 proe-

1310 2771 1434 2822 tergi,
1457 2775 1497 2811 et
1521 2768 1711 2821 praecipz’.-
1754 2768 1908 2818 Recte,
1942 2770 1992 2806 ut
2017 2764 2196 2818 opinor3

1311 2841 1431 2877 certe
1451 2833 1506 2874 ad
1535 2832 1695 2873 Zosimi
1721 2835 1927 2882 mentem,
1953 2829 2025 2882 qui
2044 2828 2119 2870 lib.
2137 2839 2191 2870 u.

1311 2911 1440 2939 unum
1459 2897 1644 2950 aliquem
1658 2906 1858 2947 magnum
1873 2893 2010 2934 virum
2023 2896 2069 2932 et
2083 2890 2192 2932 divi-

1310 2974 1408 3003 nam
1430 2961 1612 3002 formam
1641 2958 1950 3013 praeferentem
1969 2954 2191 3018 apparuis-

1311 3039 1359 3067 se
1390 3027 1500 3076 vult,
1536 3037 1638 3077 non,
1666 3029 1718 3065 ut
1755 3023 1927 3075 vulgata
1959 3018 2192 3063 Valeriana

1310 3090 1442 3132 lectio
1462 3089 1631 3140 suadet,
1650 3089 1810 3141 plures.
1846 3085 2022 3137 Lipsius.

1366 3154 1511 3195 Furvae
1536 3152 1696 3205 hostiae]
1723 3151 1889 3203 Nigroe.
1917 3146 2098 3202 Antiqui
2125 3158 2192 3187 su-

1311 3219 1428 3271 peris
1457 3216 1734 3258 immolabant
1758 3214 1857 3255 alba
1881 3211 2095 3262 animalia,
2124 3209 2190 3262 in-

1313 3279 1418 3321 feris
1455 3293 1559 3321 vero
1590 3280 1727 3332 nigra.
1782 3275 1987 3328 Virgilius
2003 3272 2100 3314 AEn.
2112 3283 2194 3313 ‘vl-

1309 3346 1324 3367 ‘
1340 3345 1439 3384 Duc
1468 3344 1614 3396 nigras
1639 3339 1841 3395 pecudes,
1867 3349 1919 3378 ea
1945 3335 2084 3390 prima
2104 3334 2194 3388 pia-

1313 3408 1412 3449 cula
1430 3405 1586 3447 sunto.’

1365 3467 1645 3520 Lecti-sternia]
1674 3467 1787 3511 Quia
1813 3465 1950 3507 tribus
1977 3462 2192 3505 contimiis

1314 3534 1512 3575 noctibus
1531 3545 1584 3574 ea
1603 3530 1811 3573 sacrificia
1827 3528 2005 3572 fiebant.
2060 3527 2192 3568 Dice·
