2346 3996
570 289 833 330 VALERH
878 288 1393 327 MAX]M11AB·VL
1434 274 1644 326 GAP.4.

198 415 367 457 tarchus
385 413 624 454 illum'cum
649 411 772 452 libris
789 410 972 463 ejectum
994 409 1076 448 Re·

199 481 316 533 publ.
353 479 466 533 quod
503 478 745 531 scripsisset
791 476 943 516 melius
983 484 1075 513 esse

196 557 315 585 arma
334 545 535 597 abjicere,
568 556 694 596 quam
723 542 847 583 mori.
903 541 1073 581 Etcum

197 607 516 648 Lacedaemonii
548 606 742 648 bellicosi
762 610 923 655 essent,
941 602 1078 654 indig-

196 671 287 711 nati
307 671 421 723 quod
442 683 494 711 ea
515 670 769 723 scripsisset,
791 681 887 722 qnae
925 672 1075 707 contra

195 734 259 775 rei
273 734 465 775 militaris
484 734 738 786 dignitatem
754 745 849 774 esse
868 730 1073 772 videban-

195 803 281 850 tur,
311 807 406 838 eum
425 810 522 838 cum
537 797 659 838 libris
676 797 762 838 suis
782 796 963 837 civitate
984 794 1074 846 eje-

196 866 363 902 cerunt.
395 860 506 901 Gliv.

249 923 408 965 Summo
438 923 680 976 proximum]
707 919 868 972 Snidsse,
897 921 1074 971 γενναῖος

195 985 371 1036 ποιητής.
427 987 516 1027 Per
551 999 758 1033 summum,
791 983 905 1024 haud
942 983 1074 1023 dubie

196 1050 434 1091 Homerum
464 1049 684 1101 intelligit,
714 1060 792 1101 pro
810 1046 934 1099 cujus
951 1059 1074 1099 scep-

177 1120 263 1155 ·tro
283 1118 474 1154 armatur
507 1113 637 1153 etiam
672 1111 870 1164 egregius
887 1111 959 1150 ille
977 1112 1075 1150 Mu-

195 1189 335 1218 sarum
354 1175 642 1218 miles‘Justus
663 1175 844 1227 Lipsius.
874 1175 1075 1215 Pertinet

194 1245 335 1281 autem
354 1241 437 1281 hoc
457 1240 512 1280 de
536 1239 798 1281 Archilocho
817 1240 1000 1292 elogium
1021 1239 1074 1279 ad

154 1300 161 1307 “
192 1303 536 1356 Hippodromum
554 1305 804 1355 Rhetorem‚
822 1305 892 1357 qui
914 1304 1076 1344 Home-

195 1380 290 1408 rum
307 1367 452 1419 φωνὴν,
478 1367 777 1408 Archilochum
797 1367 945 1418 πνεῦμα
960 1367 1075 1408 voci-

193 1436 377 1472 taverat.
416 1432 699 1472 Paterculus:
730 1432 742 1454 ‘
763 1433 915 1485 Neque
932 1444 1074 1484 quem-

193 1507 318 1546 quam
377 1495 522 1546 alium,
572 1495 694 1547 cujus
730 1496 875 1547 operis
913 1495 1075 1546 primus

194 1564 348 1598 auctor
367 1556 514 1609 fuerit,
542 1558 586 1599 in
615 1570 665 1598 eo
699 1554 1075 1612 perfectissimum,

194 1629 356 1675 praeter
397 1624 629 1664 Homerum
675 1630 723 1664 et
767 1623 1071 1665 Archilochum

193 1686 488 1739 reperiemus!
519 1689 651 1728 Coler-

246 1751 436 1803 Domum]
490 1752 670 1792 Scilicet
715 1751 959 1804 Lycambis,
999 1752 1073 1805 qui

191 1816 320 1858 filiam
362 1815 622 1857 Archilocho
665 1815 971 1869 desponderat,
1029 1821 1074 1856 at

192 1892 286 1920 eam
325 1880 451 1932 paulo
502 1885 599 1933 post
653 1879 907 1933 denegatam
946 1880 1073 1920 alteri

190 1945 399 1996 dederat;
427 1958 510 1998 qua
539 1944 693 1998 injuria
729 1945 953 1985 lacessitus
992 1943 1072 1984 Ar·

191 2010 421 2063 chimelius,
459 2009 651 2066 Iambico
681 2008 866 2049 carmine
887 2009 948 2049 sic
968 2009 1073 2049 lusit

189 2074 234 2115 in
255 2086 367 2123 eum,
395 2081 443 2115 ut
472 2087 562 2127 prae
595 2073 743 2114 dolore
765 2072 895 2114 vitam
917 2073 1071 2127 laqueo

188 2138 312 2180 finire
331 2140 536 2192 coiigerit.
564 2140 688 2180 Idem.

244 2203 336 2244 Sibi
367 2202 553 2255 invisam]
582 2203 693 2242 Nam
714 2203 826 2243 sicut
845 2203 958 2255 apud
983 2202 1072 2244 Ho-

189 2267 344 2307 ratium
363 2267 543 2318 legimus
562 2266 606 2306 in
626 2266 726 2307 Art.
746 2266 870 2307 Poet.
898 2267 1072 2319 scripsit

188 2332 234 2371 in
255 2330 515 2383 Lycambem
543 2331 734 2370 convitia
765 2330 956 2371 Iambico
978 2343 1070 2371 car·

188 2396 319 2447 mine,
354 2408 438 2448 quo
471 2401 637 2435 tantum
659 2395 811 2446 valuit,
832 2401 878 2436 ut
898 2408 993 2436 eum
1015 2395 1071 2435 ad

189 2461 388 2513 laqueum
448 2459 720 2512 compulerit.
792 2458 918 2500 Unde
981 2459 1068 2500 ait:

185 2526 198 2546 ⁸
216 2523 510 2565 Archilochum
530 2523 703 2575 proprio
730 2523 868 2563 rabies
889 2524 1071 2564 armavit

188 2587 371 2629 Iamb0.’
427 2588 614 2629 Ovidius
657 2588 863 2628 in-Ibin:
917 2587 929 2611 ‘
960 2589 1071 2629 Post

187 2653 315 2693 modo
337 2653 372 2694 si
392 2664 547 2706 perges
566 2652 607 2692 in
629 2656 674 2692 te
694 2652 795 2692 mihi
814 2653 925 2693 liber
958 2653 1069 2693 Iam-

188 2716 268 2757 bus
296 2716 452 2757 Tincta
478 2715 722 2768 Lycambeo
750 2716 955 2769 sanguine
983 2717 1070 2758 tela

189 2779 338 2822 dabit!
370 2781 518 2821 Oliver.
931 2787 937 2791 '

239 2845 262 2896 ᾗ
290 2847 316 2884 2
348 2843 574 2897 Cambyses]
607 2843 692 2885 Hic
717 2845 948 2898 Cambyses
968 2845 1069 2898 Cyri

190 2909 420 2949 Persarum
442 2910 552 2961 regis
570 2909 700 2960 filius,
719 2922 813 2950 cum
839 2912 952 2962 patri
974 2924 1068 2952 suc-

188 2972 387 3012 cessisset
405 2972 448 3011 in
468 2985 664 3025 regnum,
701 2978 750 3013 ut
765 2973 961 3014 Justinus
983 2980 1068 3015 tra-

187 3036 270 3087 dit,
285 3036 467 3087 imperio
486 3035 622 3088 patris
641 3035 872 3088 AEgyptum
888 3037 1066 3089 adjecit,

185 3097 457 3151 offensusque
494 3099 868 3152 superstitionibus
905 3101 1066 3153 AEgyp-

187 3166 360 3218 tiorum,
390 3165 497 3217 Apis
515 3171 855 3219 caeterorumque
875 3167 1065 3208 Deorum

187 3231 347 3281 templa
365 3229 474 3269 dirui
485 3230 631 3282 jussit,
653 3229 705 3269 ad
723 3228 941 3270 Ammonis
963 3244 1065 3283 quo-

187 3302 269 3344 que
287 3292 591 3333 nobilissimum
607 3294 808 3345 templum
825 3295 1062 3335 exercitum

186 3354 316 3405 misit,
329 3357 401 3408 qui
415 3357 761 3409 tempestatibus,
779 3363 826 3397 et
840 3369 1065 3399 arenarum

188 3416 367 3458 molibus
403 3431 631 3471 oppressus
670 3420 847 3462 interiit.
901 3422 1064 3475 Mergi-

190 3477 287 3518 dem
306 3479 461 3520 deinde
488 3479 682 3532 fratrem,
717 3494 840 3534 quem
862 3494 939 3536 per
955 3496 1062 3524 som-

189 3554 287 3582 num
308 3542 475 3585 viderat
492 3551 790 3597 regnaturum,
820 3547 960 3588 occidi
974 3548 1064 3599 jus-

1880 271 2022 326 1227

1141 407 1213 458 sit,
1227 413 1272 448 et
1283 408 1505 460 sacrilegio
1519 405 1792 461 parricidium
1802 403 1995 459 adjunxit
2009 419 2021 443 τ

1140 484 1317 524 quarum
1358 484 1498 512 rerum
1537 472 1667 524 paulo
1689 475 1788 522 post
1809 480 1956 521 poenas
1976 474 2026 507 et

1139 533 1234 585 ipsc
1267 534 1416 584 dedit;
1446 547 1543 574 nam
1578 531 1735 586 gladio,
1774 544 1858 584 quo
1890 529 2021 582 Apim

1140 599 1456 649 vulneraverat,
1494 603 1646 650 sponte
1680 596 1923 647 evaginato,
1956 592 2021 633 fe-

1139 673 1257 701 more
1277 661 1404 712 ictus,
1422 661 1601 701 interiit.
1658 660 1758 700 Non
1778 659 1930 698 mirum
1949 657 2022 709 igi-

1140 731 1225 775 tur,
1240 725 1275 764 si
1296 725 1462 765 saevitia
1482 725 1623 776 potius
1642 736 1769 776 quam
1790 721 2022 763 severitate

1140 804 1239 832 usus
1262 790 1395 831 fuerit
1416 793 1456 830 in
1476 791 1705 841 hominem,
1726 802 1823 829 cum
1844 788 1885 828 in
1906 789 2022 828 Deos

1139 867 1310 909 quoque
1330 855 1649 895 crudelissimus
1664 853 1810 893 fuerit.
1855 852 1922 894 De
1942 852 2023 892 hoc

1140 922 1352 975 Cambyse
1370 926 1415 961 et
1432 922 1625 960 Lucanus
1638 919 1901 959 mentionem
1917 917 2024 958 facit

1138 987 1215 1028 lib.
1253 998 1299 1028 x.
1339 988 1351 1009 ‘
1371 988 1566 1027 Vesanus
1586 987 1628 1025 in
1649 991 1768 1025 ortus
1787 982 2023 1034 Cambyses

1138 1051 1256 1103 longi
1295 1051 1475 1103 populos
1512 1049 1710 1102 pervenit
1729 1048 1780 1088 ad
1802 1047 1900 1095 aevi,
1936 1046 2022 1085 De-

1139 1112 1368 1166 fectusque
1388 1113 1542 1166 epuliS‚
1557 1117 1602 1152 et
1621 1117 1768 1165 pastus
1788 1109 1907 1151 caede
1927 1122 2023 1150 suo-

1140 1191 1232 1218 rum
1253 1179 1411 1231 Ignoto
1431 1184 1492 1229 te,
1517 1178 1636 1230 Nile,
1657 1176 1806 1217 cadit.’
1835 1176 1986 1215 Oliver.

1185 1243 1298 1283 CAP.
1309 1255 1371 1283 rv.
1385 1244 1407 1294 ξ
1419 1247 1440 1283 1
1453 1242 1609 1282 Annius
1621 1241 1731 1292 olim]
1744 1241 1889 1281 Livius
1904 1252 1949 1280 se
1963 1245 2023 1280 ta-

1140 1307 1291 1346 meniu
1302 1306 1554 1359 quibusdam
1567 1305 1803 1345 Annalibus
1814 1304 2024 1344 invenisse

1139 1370 1295 1422 dicit‚a
1310 1368 1748 1422 Campanis,cumjam
1762 1365 2022 1408 defectionis

1139 1434 1358 1474 consilium
1374 1434 1762 1484 iniissent,Romam
1777 1431 1910 1473 fuisse
1926 1435 2024 1471 mis-

1139 1510 1206 1538 sos
1218 1499 1386 1551 legatos
1401 1498 1740 1550 postulantes‚ut
1751 1498 1860 1537 alter
1874 1497 2022 1538 consul

1139 1563 1381 1614 Campanus
1415 1561 1555 1613 fieret,
1584 1562 1619 1602 si
1661 1573 1748 1601 rem
1786 1562 2021 1601 Romanam

1138 1626 1337 1679 adjuvari
1370 1626 1528 1667 velint:
1577 1626 1873 1678 indignatione
1909 1631 2022 1677 orta,

1138 1690 1381 1731 submoveri
1407 1704 1432 1731 a
1459 1692 1577 1731 curia
1603 1691 1750 1743 jussos
1782 1702 1895 1739 esse,
1923 1690 2022 1731 mis-

1136 1765 1312 1807 sumque
1330 1754 1544 1805 lictorem,
1569 1756 1643 1809 qni
1664 1767 1717 1794 ex
1739 1755 1843 1795 urbe
1864 1754 2021 1795 educe·

1137 1828 1205 1860 ret
1224 1832 1314 1870 eOS,
1343 1825 1474 1873 atque
1505 1833 1556 1862 eo
1592 1820 1663 1860 die
1693 1832 1866 1861 manere
1897 1824 2022 1861 extra

1135 1883 1243 1924 fines
1280 1884 1500 1925 Romanos
1528 1884 1724 1937 juberet,
1758 1884 1858 1937 quia
1893 1884 2020 1924 nimis

1135 1948 1272 1988 simile
1305 1948 1555 1988 Latinorum
1589 1947 1802 2001 quondam
1834 1948 2022 2000 postula-

1135 2011 1241 2051 tioni
1259 2016 1366 2051 erat.
1393 2012 1542 2051 Oliver.
1583 2009 1741 2051 Annius
1758 2013 1886 2051 autem
1904 2011 2021 2050 Cam-

1131 2087 1259 2127 panus
1291 2075 1412 2116 etiam
1442 2075 1634 2116 consulem
1670 2076 1839 2115 alterum
1871 2077 2020 2127 Coepuae

1132 2139 1259 2180 creari
1295 2139 1431 2180 debere
1467 2138 1732 2191 asseverabat]
1770 2139 1842 2181 Ita
1874 2140 2018 2193 vulgo.

1133 2203 1372 2256 Insigniter
1406 2208 1595 2243 erratum
1632 2209 1700 2244 est
1735 2215 1760 2242 a
1795 2203 1939 2245 sciolis
1975 2204 2019 2243 in

1132 2268 1213 2309 hoc
1228 2268 1455 2320 exemp103
1481 2279 1566 2308 non
1582 2267 1696 2308 enim
1717 2280 1890 2321 possum
1909 2268 2018 2310 adeo

1134 2333 1329 2385 supinam
1363 2332 1616 2386 ignorantiae
1646 2333 1817 2386 culpam
1849 2334 2018 2375 auctori

1132 2398 1361 2451 imputare.
1420 2396 1728 2438 Animadverto
1760 2409 1943 2451 namque
1974 2398 2018 2439 in

1131 2461 1253 2502 libris
1275 2460 1496 2502 veteribus
1528 2460 1744 2502 studiosos
1772 2462 2018 2503 Valerianis

1133 2527 1342 2579 exemplis
1382 2525 1555 2579 similes,
1596 2527 1664 2567 vel
1700 2524 1874 2566 easdem
1922 2527 2019 2568 aliis

1133 2591 1276 2632 verbis
1295 2590 1495 2631 historias
1510 2590 1913 2631 commentariorum
1933 2590 2021 2631 for·

1133 2667 1201 2695 ma
1221 2654 1524 2708 adscripsisse:
1546 2654 1659 2695 unde
1679 2655 1872 2707 suspicor
1888 2655 2016 2696 libra-

1134 2719 1292 2759 riorum
1345 2718 1564 2771 imperitia
1611 2731 1837 2772 perperam
1886 2720 2016 2761 variis

1131 2783 1237 2823 locis
1255 2783 1389 2823 multa
1406 2795 1499 2823 esse
1514 2783 1612 2824 huic
1629 2783 1749 2835 operi
1766 2783 2015 2837 commixta,

1133 2846 1267 2886 multa
1302 2846 1405 2886 item
1443 2845 1621 2888 confuse
1661 2847 1928 2900 disturbata,
1965 2854 2016 2889 ut

1133 2910 1382 2962 diligentius
1420 2910 1645 2951 Valerium
1701 2913 1865 2965 legenti
1916 2914 2014 2954 luce

1132 2974 1291 3014 clarius
1311 2974 1540 3014 constabit.
1582 2975 1750 3027 Saepius
1769 2977 1882 3016 enim
1899 2977 2013 3017 vide-

1131 3043 1200 3078 tur
1220 3051 1246 3078 a
1266 3039 1450 3090 veritate
1470 3038 1664 3079 historiae
1697 3052 1869 3090 prorsus
1889 3040 2010 3081 aber-

1130 3114 1247 3153 rare,
1286 3101 1642 3155 quemadmodum
1687 3103 1766 3142 hoc
1803 3103 2010 3154 imprimis

1129 3166 1239 3206 loco.
1295 3165 1491 3205 Tradunt
1523 3166 1635 3205 enim
1670 3165 1814 3205 Livius
1851 3166 2009 3218 aliique

1128 3234 1329 3269 auctores
1349 3229 1399 3269 L.
1420 3227 1606 3268 Annium
1624 3228 1818 3269 Setinum
1836 3229 2009 3269 Latino-

1130 3305 1219 3331 rum
1248 3291 1488 3344 principem
1518 3303 1627 3330 anno
1656 3291 1771 3330 urbis
1797 3301 2008 3333 ccccxnt.

1128 3358 1350 3408 postulare
1378 3368 1523 3395 ausum
1542 3353 1688 3404 fuisse,
1717 3359 1764 3393 ut
1784 3354 2006 3396 consulum

1127 3421 1250 3473 alter,
1291 3425 1336 3459 et
1382 3417 1558 3458 dimidia
1608 3428 1706 3467 pars
1742 3422 1915 3456 senatus
1949 3430 2005 3458 ex

1127 3484 1251 3524 Latio
1289 3486 1522 3530 crearetur,
1553 3480 1844 3531 acerrimeque
1880 3482 2003 3521 resti-

1126 3547 1232 3587 tisse
1263 3546 1312 3585 T.
1335 3544 1540 3584 Manlium
1561 3543 1823 3595 Torquatum
1851 3555 2000 3586 consu-
