2288 3990
546 279 806 321 VALERu
849 279 1093 319 MAXIMI
1137 279 1354 320 LIB.11.
1395 266 1609 319 cAP.3.

162 417 257 446 nem
290 403 500 445 forensem
532 401 701 442 turbam
740 403 961 440 excretam
998 398 1044 438 in

161 475 347 522 quatuor
375 466 515 507 tribus
542 465 743 517 conjecit,
774 464 1042 515 urbanasque

160 545 232 573 eas
251 531 502 584 appellavit,
529 529 721 582 adeoque
750 540 846 568 eam
864 539 954 567 rem
973 538 1043 567 ac-

157 601 331 647 ceptam
351 594 485 646 gratis
500 593 650 633 animis
667 593 830 643 ferunt,
849 598 897 632 ut
916 592 1042 631 Max-

156 660 230 700 imi
248 671 502 711 cognomen,
520 657 636 711 quod
657 662 722 697 tot
744 656 938 697 victoriis
955 667 1041 695 non

155 727 403 776 pepererat,
420 723 500 762 hac
518 721 713 761 ordinum
729 720 1043 773 temperatione

155 787 355 842 pareret?
385 787 538 827 Oliver.

210 852 341 898 Quam
358 851 519 891 comitia
551 850 594 890 in
619 848 828 890 humillimi
858 847 1042 900 cuiusque

149 920 382 968 potestatem
418 916 592 965 redacta,
624 913 712 966 ξω]
751 913 803 952 In
824 913 928 953 Mss.
950 925 1038 953 om-

83 1023 85 1025 ,
153 980 298 1031 nibus,
332 980 601 1029 accenderant,
644 989 743 1030 pro,
785 981 1039 1028 accesserant,

153 1044 328 1097 legitur.
358 1042 667 1091 Pulcherrima,
688 1042 721 1080 si
743 1041 888 1092 legas:
921 1054 1038 1093 quam

150 1108 310 1148 comitia
326 1107 370 1147 in
387 1105 599 1147 humillimi
609 1105 790 1157 cujusque
806 1109 1038 1158 potestatem

147 1173 308 1213 redacta
350 1172 618 1211 accenderant.
691 1171 762 1210 De
823 1169 1038 1210 seditione

151 1236 266 1278 enim
297 1236 504 1290 loquitur,
535 1247 661 1288 quam
690 1233 875 1275 forensis
906 1235 1038 1276 turba

149 1302 406 1355 plerumque
459 1300 643 1341 comitiis
689 1299 926 1341 excitabat.
983 1300 1036 1340 In

149 1366 300 1407 eadem
319 1364 630 1418 significatione
647 1365 804 1416 Virgil.
825 1364 1036 1405 vocabulo

147 1429 316 1470 utitur:
346 1430 650 1482 ‘Martemque
678 1429 916 1469 accendere
936 1441 1035 1469 can-

149 1493 231 1535 tu.'
259 1494 449 1545 Pighius.

201 1559 367 1600 Bellicis
390 1557 588 1610 operibus]
618 1557 731 1598 Nam
751 1555 834 1597 fuit
852 1557 943 1606 ille,
961 1558 1033 1610 qui

146 1622 286 1674 primo
318 1634 455 1675 remp.
505 1621 756 1662 calamitoso
793 1622 866 1661 illo
903 1621 1035 1662 Anni-

145 1686 253 1727 balis
279 1691 473 1738 tempore
501 1685 703 1727 afflictam
720 1693 763 1727 et
782 1698 918 1738 prope
941 1700 1034 1739 per·

144 1748 186 1789 di
194 1756 282 1790 tam
299 1749 546 1791 cunctando
565 1750 770 1791 restituit.
801 1749 952 1790 Oliver.

198 1813 313 1854 CAP.
341 1825 414 1856 111.
444 1814 745 1866 eapitecensos]
762 1814 918 1866 Capite
933 1827 1032 1855 cen-

144 1877 181 1918 si
213 1877 488 1930 dicebantur,
525 1878 599 1932 qui
637 1891 714 1931 pro
745 1891 822 1919 suo
854 1879 1029 1920 nomine

144 1953 231 1983 aera
275 1942 540 1996 pendebant,
591 1949 638 1984 et
680 1945 773 1984 sine
819 1943 1028 1997 suffragiis

141 2012 278 2048 erant.
338 2008 449 2048 Nam
468 2009 617 2049 horum
637 2009 741 2049 nihil
757 2015 918 2061 praeter
931 2022 1027 2063 per-

139 2082 285 2111 sonam
319 2071 574 2123 censebant,
605 2085 781 2126 quorum
817 2074 930 2114 enim
960 2086 1026 2114 res

141 2133 447 2188 censebantur,
480 2137 523 2176 in
555 2137 714 2177 classes
734 2138 1023 2189 conjicieban-

139 2204 227 2241 tur.
279 2200 414 2241 Totus
472 2202 656 2254 populus
713 2202 932 2244 Romanus
981 2204 1023 2243 in

138 2264 327 2317 quinque
360 2265 518 2305 classes
550 2264 779 2306 distinctus
814 2273 922 2318 erat,
962 2267 1024 2307 ita

139 2333 188 2367 ut
207 2327 469 2380 quicentum
487 2329 622 2370 millia
637 2330 754 2382 aeris,
769 2331 837 2371 vel
855 2343 906 2371 eo
929 2332 1023 2382 plus

138 2391 426 2444 possiderent,
470 2393 621 2445 primae
669 2395 818 2435 classis
862 2401 1024 2448 essent,

136 2455 338 2497 secundae
358 2457 508 2497 classis
528 2462 667 2509 erant,
694 2459 768 2511 qui
792 2458 905 2500 infra
923 2471 1023 2500 cen-

137 2523 228 2560 tum
251 2533 385 2574 usque
412 2521 466 2562 ad
485 2522 666 2575 quinque
685 2527 732 2563 et
748 2524 1022 2576 septuaginta

136 2583 268 2624 millia
287 2597 462 2626 censum
482 2586 715 2627 haberent:
737 2588 882 2628 tertiae
903 2600 1022 2640 vero,

135 2648 210 2701 qui
246 2650 555 2703 quinquaginta
589 2651 722 2692 millia
759 2652 854 2692 aeris
886 2653 1017 2693 habe-

134 2717 257 2754 rent:
313 2720 480 2766 quartae
519 2714 573 2755 ad
621 2716 775 2768 viginti
827 2717 1016 2772 quinque

135 2777 460 2820 descendebant
488 2791 688 2821 censum:
732 2781 907 2834 quintae,
942 2783 1016 2837 qui

134 2842 335 2884 undecim
353 2843 648 2896 possiderent:
681 2846 846 2899 reliqua
874 2848 1017 2889 multi-

134 2906 254 2960 tudo,
284 2910 359 2962 qui
393 2909 503 2950 citra
529 2910 643 2951 hunc
672 2924 846 2952 censum
867 2926 1016 2966 posse-

132 2971 312 3023 dissent,
356 2973 425 3013 vel
468 2975 710 3027 proletarii,
761 2978 829 3018 vel
867 2980 1015 3031 capite

131 3037 249 3077 censi
289 3035 564 3079 dicebantur.
611 3038 748 3080 Aulus
786 3042 904 3083 Gell.
940 3044 1015 3087 lib.

134 3109 233 3140 xvi.
250 3111 349 3152 cap.
371 3103 440 3140 10.
480 3101 492 3122 ⁴
507 3101 592 3143 Qui
613 3102 654 3142 in
675 3103 803 3156 plebe
825 3106 1015 3147 Romana

132 3163 367 3204 tenuissimi
391 3165 736 3220 pauperrimique
767 3175 908 3221 erant,
941 3183 1014 3211 ne-

133 3236 214 3279 que
233 3228 412 3281 amplius
430 3241 555 3282 quam
580 3230 697 3271 mille
732 3233 1012 3285 quingentum

132 3289 228 3330 aeris
247 3291 291 3332 in
307 3304 483 3333 censum
500 3292 773 3348 deferebant,
789 3298 1012 3349 proletarii

133 3355 338 3405 appellati
375 3362 501 3408 sunt3
546 3358 621 3411 qui
654 3371 754 3399 vero
787 3362 903 3402 nullo
935 3368 1013 3404 aut

133 3428 337 3470 perquam
382 3432 526 3472 pauco
574 3435 660 3463 aere
708 3425 1012 3479 censebantur,

131 3480 275 3532 capite
293 3484 409 3524 censi
424 3486 706 3537 vocabantur,
725 3495 771 3529 et
791 3497 915 3532 erant
935 3491 1011 3532 im·

132 3556 278 3586 munes
297 3558 323 3587 a
340 3549 522 3590 militia.'
554 3551 703 3593 Olirer.

1848 265 1991 320 1013

1160 400 1435 453 Sacramenta]
1489 400 1544 440 Id
1590 405 1674 451 est,
1726 399 1991 453 juramento,

1107 464 1219 517 quod
1258 466 1414 506 milites
1457 472 1660 517 tanquam
1697 475 1788 504 rem
1824 476 1991 505 sacram

1105 528 1366 579 Imperatori
1381 528 1666 580 praestabant.

1165 591 1302 632 Nimia
1320 593 1452 644 inopia
1461 596 1640 645 suspecta
1653 590 1759 643 erat]
1789 591 1905 634 Quia
1917 592 1994 645 qui

1105 655 1210 696 nihil
1239 657 1419 708 habent,
1450 657 1564 710 quod
1585 657 1787 698 amittere
1810 657 1993 698 timeant

1105 718 1234 772 domi,
1260 732 1343 759 non
1374 726 1462 760 tam
1491 721 1674 762 viriliter
1693 721 1916 772 dimicant,
1945 727 1992 762 et

1104 783 1231 824 citius
1271 783 1416 836 pellici
1449 791 1627 836 possunt
1666 786 1820 826 saltem
1857 797 1991 838 pecu-

1102 847 1175 888 nia
1194 848 1433 900 proposita,
1451 853 1499 887 ut
1519 848 1572 888 ad
1587 849 1732 889 hostes
1747 854 1990 900 transeant,

1103 919 1179 953 aut
1224 912 1430 964 suspecti,
1486 912 1596 965 quod
1647 913 1790 964 potius
1827 914 1991 966 rapinae

1100 989 1228 1031 quam
1267 977 1331 1016 rei
1359 975 1471 1017 bene
1502 976 1705 1028 gerendae
1735 977 1895 1018 intenti
1926 978 1990 1018 fo·

1101 1047 1212 1083 rent.
1239 1041 1409 1082 Badius.

1154 1106 1177 1157 ᾧ
1210 1108 1231 1145 l
1265 1104 1385 1145 Caius
1420 1104 1599 1156 Marius]
1650 1104 1774 1145 Dicit
1809 1105 1858 1146 C.
1891 1106 1988 1147 Ma-

1100 1170 1210 1210 rium
1240 1170 1351 1210 hanc
1375 1169 1728 1210 consuetudinem
1749 1169 1991 1223 abrupisse,

1099 1239 1148 1274 ut
1185 1246 1240 1274 ex
1277 1232 1417 1273 verbis
1444 1231 1640 1272 Sallustii
1660 1232 1703 1272 in
1723 1232 1988 1285 Jugurthino

1097 1298 1271 1349 legitur,
1290 1297 1361 1336 ubi
1377 1296 1484 1337 dicit
1501 1310 1512 1337 :
1544 1297 1556 1318 ‘
1573 1296 1674 1348 Ipse
1689 1297 1856 1338 interea
1869 1297 1988 1352 (Ma-

1098 1360 1208 1414 rius)
1242 1361 1400 1401 milites
1433 1360 1624 1401 scribere
1655 1373 1740 1401 non
1779 1374 1832 1401 ex
1866 1374 1988 1403 more

1098 1426 1324 1478 majorum,
1350 1437 1489 1479 neque
1509 1438 1563 1464 ex
1582 1425 1807 1478 classibuS,
1826 1426 1902 1466 sed
1924 1427 1988 1467 uti

1098 1492 1311 1544 cujusque
1344 1489 1477 1530 libido
1511 1494 1622 1539 erat,
1654 1490 1801 1543 capite
1831 1503 1986 1531 censos

1099 1556 1343 1608 plerosque.
1400 1544 1454 1594 Id
1506 1553 1670 1594 factum
1724 1556 1798 1595 alii
1838 1557 1987 1608 inopia

1097 1619 1308 1660 bonorum
1323 1619 1522 1670 militum,
1532 1618 1603 1658 alii
1616 1631 1694 1671 per
1708 1620 1985 1661 ambitionem

1099 1683 1300 1734 Consulis
1336 1683 1660 1734 memorabant3
1690 1684 1806 1737 quod
1842 1686 1896 1726 ab
1932 1698 1984 1727 eo

1097 1760 1256 1800 genere
1275 1748 1521 1789 celebratus
1542 1755 1777 1801 auctusque
1796 1756 1908 1798 erat,
1940 1748 1986 1791 et

1094 1811 1254 1852 homini
1286 1811 1526 1865 potentiam
1553 1814 1764 1865 quaerenti
1797 1814 1985 1865 egentis-

1094 1876 1225 1917 simus
1246 1878 1427 1931 quisque
1451 1877 1841 1930 opportunissimus
1861 1880 1986 1921 erat?

1096 1941 1248 1982 Oliver.

1145 2005 1226 2045 Sed
1258 2005 1450 2046 novitatis
1479 2017 1561 2046 suoe
1588 2006 1844 2059 conscientia]
1875 2006 1982 2049 Ideo

1088 2070 1144 2110 ad
1179 2070 1374 2110 militiam
1412 2070 1559 2123 capite
1615 2083 1770 2111 censos
1807 2071 1983 2112 admisit

1089 2135 1256 2176 Marius
1286 2139 1439 2175 contra
1466 2135 1820 2176 consuetudinem
1856 2142 1900 2177 et
1919 2137 1983 2176 in-

1088 2199 1245 2240 stituta
1281 2199 1519 2251 majorum3
1557 2200 1657 2253 quia
1691 2207 1737 2241 et
1769 2202 1862 2254 ipse
1897 2202 1981 2242 sibi

1088 2263 1287 2304 conscius
1304 2270 1399 2304 erat
1410 2264 1614 2304 novitatis
1629 2270 1673 2305 et
1690 2265 1848 2317 inopiae
1862 2278 1977 2316 suae;

1087 2339 1186 2367 nam
1206 2331 1365 2379 praeter
1385 2328 1591 2368 virtutem
1609 2329 1738 2368 animi
1757 2335 1802 2369 et
1822 2341 1976 2382 corpo-

1087 2391 1146 2438 ris
1166 2403 1319 2443 parvas
1339 2391 1533 2444 possedit
1552 2391 1743 2444 divitias,
1761 2393 1869 2433 adeo
1882 2397 1932 2433 ut
1951 2406 1978 2433 a

1086 2456 1275 2508 maligno
1309 2456 1480 2496 virtutis
1532 2455 1776 2508 interprete
1827 2456 1978 2508 capite

1085 2530 1237 2560 census
1258 2520 1468 2572 appellari
1487 2520 1682 2573 potuerit
1712 2521 1976 2574 Imperator.

1082 2584 1096 2606 ‘
1112 2583 1227 2624 Novi
1241 2583 1253 2602 '
1284 2590 1430 2625 autem
1454 2584 1675 2626 ‘homines
1693 2584 1705 2602 ²
1738 2585 1942 2625 dicuntur
1959 2599 1972 2626 ε

1083 2649 1156 2701 qui
1175 2649 1229 2690 ab
1244 2649 1391 2689 humili
1410 2653 1527 2689 statu
1553 2661 1767 2690 summum
1787 2649 1976 2702 dignita-

1082 2713 1136 2754 tis
1155 2712 1336 2766 gradum
1358 2714 1613 2763 ascendunt,
1629 2719 1678 2754 ut
1698 2715 1881 2766 Marius,
1900 2715 1974 2768 qui

1079 2790 1135 2818 ex
1155 2776 1392 2830 municipio
1410 2778 1613 2831 Arpinati
1634 2790 1800 2832 pauper
1829 2780 1973 2820 admo-

1080 2841 1181 2882 dum
1202 2843 1380 2883 Romam
1414 2848 1646 2895 provectus
1676 2856 1862 2885 summos
1900 2845 1972 2885 ho·

1077 2918 1206 2947 nores
1226 2905 1409 2959 adeptus
1437 2912 1518 2948 est.
1550 2907 1700 2962 Olicer.

1141 2970 1362 3022 Vetustati]
1391 2970 1443 3010 Id
1464 2976 1551 3022 est,
1573 2971 1806 3013 nobilibus.

1132 3037 1318 3088 Maligno
1332 3036 1528 3077 virtutum
1546 3037 1782 3090 interprete]
1811 3039 1967 3089 Malig-

1077 3114 1157 3141 nus
1188 3101 1395 3141 virtutum
1434 3102 1652 3153 interpres
1688 3102 1861 3148 dicitur,
1893 3103 1964 3154 qui

1079 3166 1286 3206 virtutem
1322 3161 1505 3206 hominis
1542 3166 1732 3207 aestimat
1768 3178 1851 3205 non
1887 3178 1965 3217 per

1076 3229 1229 3282 ipsam,
1262 3229 1339 3270 sed
1373 3241 1451 3282 per
1489 3229 1662 3269 divitias
1693 3241 1744 3269 ac
1776 3228 1963 3269 fortunae

1075 3294 1339 3346 qualitatem.
1381 3294 1496 3345 Ergo
1517 3293 1718 3344 maligno,
1739 3293 1962 3344 malevolo,

1074 3365 1120 3399 et
1138 3358 1298 3411 iniquo.

1128 3421 1340 3473 Delectus]
1367 3420 1528 3461 Modus
1561 3420 1756 3460 delectus
1784 3417 1869 3460 fuit
1899 3424 1961 3460 ta-

1072 3501 1196 3529 men:
1219 3488 1426 3528 Consules
1439 3485 1589 3538 positis
1602 3486 1727 3526 Sellis
1742 3486 1960 3526 curulibus

1076 3552 1300 3603 sedebant,
1316 3557 1360 3591 et
1373 3562 1545 3590 summae
1558 3551 1622 3590 rei
1640 3550 1956 3602 praesidebant:
