2332 4036
51 1921 53 1924 ⁴
117 1901 266 1945 ditur!

505 315 764 356 VALERu
811 314 1055 354 MAlel
1100 314 1222 354 mn.
1269 314 1304 352 t.
1344 299 1562 354 mal.

129 437 324 479 dicendae
360 437 514 487 locum,
559 440 702 488 togam
740 439 1014 489 praetextam,

129 504 283 543 sellam
300 501 530 543 Curulem.’
557 500 717 541 AEdiles
733 501 891 552 plebeii
907 500 1009 541 aedi·

129 566 206 606 bus
244 571 409 605 tantum
447 571 679 617 praeerant.
722 566 786 605 Ic.
817 566 845 604 l.
876 577 926 606 11.
962 562 1008 604 ff.

126 628 183 668 de
220 628 344 681 Orig.
375 628 471 670 Jur.
501 628 564 668 ita
592 626 805 680 loquitur:
847 627 1007 667 ‘Item-

126 705 210 747 que
230 700 278 734 nt
298 698 440 733 essent
459 693 531 747 qui
561 692 725 733 aedibus
756 697 1007 745 praeessent,

125 757 169 797 in
193 756 348 810 quibus
367 758 506 797 omnia
526 757 636 797 scita
656 768 732 796 sua
749 756 871 809 plebs
891 754 1009 796 defe-

125 820 264 874 rebat,
301 821 406 862 duos
435 833 489 861 ex
519 820 648 873 plebe
677 820 1008 871 constituerant,

126 883 199 936 qui
213 884 344 925 etiam
365 884 513 925 aediles
528 884 736 939 appellati
754 882 887 925 sunt.'
919 883 1007 923 Oli-

122 959 206 988 ver.

178 1011 452 1063 Histrionum]
480 1012 589 1053 Sunt
626 1012 698 1066 qui
730 1012 867 1052 velint
902 1011 1003 1052 His-

122 1074 289 1115 tricmem
323 1076 378 1116 ab
414 1076 544 1116 IstrIa
581 1075 763 1126 dictum,
793 1075 892 1128 quia
932 1075 1006 1128 qui

123 1138 450 1189 primusRomae
470 1141 680 1181 scenicam
707 1146 843 1181 artem
881 1153 1006 1180 exer-

121 1201 231 1252 cuit,
262 1202 316 1242 ab
348 1202 479 1243 Istria
510 1204 705 1255 venerit;
739 1203 810 1243 alii
839 1215 922 1243 non
950 1203 1005 1244 ab

119 1264 268 1315 Isti-ia,
302 1265 378 1306 sed
407 1266 460 1306 ab
491 1265 702 1306 Hetruria
731 1266 893 1307 accitos
922 1267 1006 1308 Ro-

118 1335 231 1367 mam
248 1326 495 1369 Histriones
515 1327 648 1369 fuisse
665 1329 830 1369 dicunt.
868 1331 1006 1371 Erant

121 1396 268 1431 autem
304 1392 569 1445 Histriones,
595 1393 667 1446 qui
695 1393 850 1433 Latine
878 1394 1004 1434 Ludii

119 1453 338 1502 dicuntur,
368 1455 442 1508 qui
470 1457 689 1508 personati
718 1457 761 1496 in
787 1469 914 1497 scena
933 1470 1003 1498 co-

117 1517 295 1558 moedias
315 1524 362 1559 et
382 1520 609 1571 tragoedias
630 1521 815 1571 agebant
833 1533 937 1562 voce
957 1528 1004 1563 et

119 1581 314 1633 corporis
341 1588 483 1634 gestu,
513 1584 568 1623 de
597 1584 753 1636 quibus
783 1585 938 1626 Cicero
957 1586 1002 1626 in

117 1645 331 1688 Paradox.
359 1650 372 1672 ‘
395 1649 596 1696 Histrio,’
622 1651 779 1703 inquit,
815 1651 828 1674 ‘
845 1652 879 1690 si
900 1664 1002 1703 pau-

117 1709 252 1751 lulum
271 1723 319 1752 se
338 1718 507 1754 moveat
525 1719 652 1754 extra
669 1726 905 1764 numerum,
927 1721 1002 1757 aut

117 1773 154 1814 si
175 1787 319 1815 versus
337 1778 645 1829 pronunciatus
659 1783 727 1819 est
739 1778 900 1830 syllaba
918 1791 1002 1819 una

117 1839 290 1881 brevior
301 1846 377 1882 aut
391 1843 574 1895 longior,
586 1843 833 1893 exibilatur,
852 1855 905 1883 ex
911 1845 1001 1896 plo-

337 1905 581 1959 Histrioues
627 1912 771 1947 autem
818 1905 1002 1948 infames

120 1973 260 2010 erant.
315 1969 429 2010 Vide
446 1981 497 2011 11.
516 1973 559 2011 4.
579 1974 621 2011 4.
848 2026 850 2029 Ι

166 2032 407 2085 Expiaeum]
425 2036 722 2087 Expurgatum
739 2048 749 2076 :
780 2037 876 2089 quia
891 2036 999 2078 infa-

115 2096 466 2139 miscouditionis
495 2111 676 2152 puerum
704 2100 898 2141 excubiis
924 2101 1001 2144 Jo-

117 2160 181 2201 vis
196 2160 468 2213 praefecerat.

170 2226 194 2277 ξ
224 2228 275 2266 17
311 2225 463 2266 Potitii
498 2238 697 2267 sacrorum
733 2227 818 2278 ejus
859 2229 1000 2282 ritum]

115 2286 345 2340 Hercules,
372 2293 421 2328 ut
450 2294 601 2334 auctor
629 2297 696 2330 est
717 2291 879 2342 Livius,
900 2299 1000 2345 post

115 2349 306 2391 occisum
335 2351 496 2392 Cacum
526 2360 703 2404 propter
729 2354 906 2395 abactas
926 2356 1000 2397 bo·

118 2424 210 2464 ves,
234 2425 332 2455 cum
359 2420 475 2455 esset
494 2415 548 2454 ad
569 2416 816 2456 Evandrum
839 2417 1000 2458 deduc-

117 2481 203 2528 tus,
220 2489 266 2518 se
293 2477 416 2519 Jovis
446 2477 578 2518 filium
607 2485 654 2519 et
682 2479 785 2520 Caci
815 2485 999 2520 mortem

117 2541 287 2582 virtute.
312 2541 535 2594 probavit;
567 2543 622 2583 ob
657 2555 783 2594 quam
819 2555 908 2584 rem
943 2545 997 2585 ab

116 2603 320 2645 Evandro
339 2605 524 2656 benigne
544 2611 610 2645 est
623 2605 808 2657 hospitio
824 2618 998 2659 suscep-

114 2671 184 2708 tus
204 2671 252 2708 et
284 2679 362 2720 pro
394 2668 567 2708 nurnine
595 2668 776 2717 babitus,
811 2669 997 2723 denique

114 2741 192 2770 ara
225 2732 409 2771 maxima
436 2738 506 2772 est
533 2732 574 2772 ei
603 2733 853 2785 constituta,
881 2734 996 2786 quod

114 2793 298 2834 Herculi
324 2795 563 2847 Delphicus
594 2795 754 2847 Apollo
782 2796 826 2836 in
864 2797 995 2838 Italia

113 2857 208 2898 fore
228 2857 508 2910 praedixerat,
534 2865 580 2900 et
599 2860 835 2900 Carmenta
854 2867 995 2901 mater

113 2920 302 2961 Evandri
316 2922 451 2962 multo
471 2928 571 2962 ante
589 2921 732 2963 fuerat
746 2923 994 2966 vaticinata.

114 2985 223 3026 Cum
260 2997 365 3037 ergo
401 2985 457 3026 de
491 2998 568 3026 suo
605 2992 800 3027 armento
830 2987 884 3027 ad
917 3001 995 3029 sua

112 3046 323 3088 sacrificia
340 3047 472 3088 boves
489 3048 699 3099 dedisset,
711 3050 875 3090 inventi
892 3057 995 3092 sunt

113 3109 356 3162 duo-senes,
386 3111 584 3151 Pinarius
610 3117 656 3152 et
675 3112 883 3164 Potitius,
902 3114 993 3167 qui-

114 3172 209 3225 bus,
227 3174 413 3227 qualiter
432 3186 477 3215 se
495 3175 631 3215 vellet
649 3175 745 3227 coli,
772 3177 962 3217 ostendit
979 3190 989 3216 :

114 3236 206 3278 scil.
225 3243 275 3278 ut
305 3249 428 3277 mane
453 3245 499 3278 et
528 3238 697 3290 vesperi
718 3239 757 3278 ei
777 3238 992 3280 sacrifica-

108 3303 250 3342 retur.
304 3299 510 3341 Perfecto
529 3301 675 3354 itaque
696 3303 906 3343 matutino
928 3315 992 3343 sa-

113 3361 294 3415 crificio,
336 3375 432 3403 cum
481 3364 596 3404 circa
639 3365 745 3405 Solis
792 3378 991 3407 occasum

114 3431 262 3466 essent
275 3437 396 3466 sacra
409 3427 661 3479 repetenda,
673 3429 862 3469 Potitius
878 3431 994 3482 prior

115 3487 336 3538 advenit?
353 3489 552 3530 Pinarius
584 3498 737 3543 postea
765 3494 876 3534 extis
899 3494 991 3546 jam

116 3551 388 3604 consumptis.
443 3553 571 3594 Unde
598 3554 732 3597 iratus
759 3555 990 3609 Hercule5‚
1012 3586 1020 3591 -

1847 298 1956 352 927

1074 435 1227 476 statuit
1250 440 1298 476 ut
1318 434 1591 476 Pinariorum
1612 431 1774 473 familia
1791 435 1957 472 tantum

1073 499 1265 539 ministra
1285 504 1401 539 esset
1427 497 1698 550 epulantibus
1719 495 1893 536 Potitiis
1913 500 1959 536 et

1072 563 1388 614 complentibus
1409 573 1545 602 sacra.
1574 560 1687 601 unde
1717 565 1762 600 et
1791 559 1959 599 Pinarii

1071 625 1177 665 dicti
1199 632 1342 666 sunta
1368 624 1495 676 πεῖνα,
1526 637 1621 678 quae
1657 625 1813 664 Graece
1852 622 1959 663 dici-

1071 693 1140 729 tur
1161 689 1295 738 fames
1308 703 1324 737 ;
1355 703 1454 730 uam
1474 701 1620 730 senem
1639 687 1774 738 illum,
1797 692 1846 726 ut
1866 686 1958 726 vult

1069 752 1255 803 Servius,
1292 759 1464 792 constat
1496 752 1580 792 alio
1619 750 1792 791 nomine
1824 748 1958 789 fuisse

1069 821 1378 867 nuncupatum.
1419 815 1546 856 Unde
1565 814 1797 867 Virgilius:
1830 818 1842 836 ⁸
1859 812 1959 853 Pri-

1069 892 1248 933 musque
1287 880 1480 920 Potitius
1517 885 1683 928 auctor,
1712 879 1771 919 Et
1806 877 1957 918 domus

1069 943 1279 985 Herculei
1300 951 1446 985 custos
1474 944 1654 985 Pinaria
1684 941 1827 984 sacri.'
1871 943 1958 982 Oli·

1068 1019 1150 1047 ver.
1792 1012 1794 1014 '

1121 1071 1294 1111 Auctore
1309 1071 1462 1124 Appio]
1480 1070 1593 1113 Quia
1612 1069 1781 1122 Appius
1803 1073 1957 1110 auctor

1066 1135 1225 1190 fuerat,
1256 1145 1303 1180 ut
1342 1140 1423 1180 hoc
1452 1138 1711 1179 sacrificium
1749 1132 1956 1178 transfer-

1068 1207 1166 1242 rent
1186 1203 1239 1242 ad
1260 1203 1544 1243 ministerium
1572 1214 1805 1242 servorum.
1862 1200 1958 1240 Sci-

1067 1266 1225 1306 endum
1259 1272 1345 1319 est,
1387 1267 1519 1320 quod,
1568 1271 1683 1307 teste
1730 1263 1954 1306 Macrobio

1064 1329 1238 1371 Saturn.
1260 1331 1336 1373 lib.
1355 1343 1389 1372 1.
1419 1331 1560 1372 Sacris
1579 1330 1784 1371 Herculis
1804 1328 1953 1370 mulie-

1067 1405 1135 1433 res
1156 1395 1368 1436 interesse
1390 1408 1472 1436 non
1491 1395 1667 1436 licebat.
1699 1395 1824 1435 Idem.

1120 1458 1237 1499 Intra
1263 1459 1427 1512 annum]
1476 1460 1645 1511 Festus,
1686 1459 1802 1499 intra
1840 1458 1954 1498 diem

1065 1521 1330 1575 trigesimum
1347 1537 1357 1564 :
1375 1536 1470 1564 cum
1488 1523 1666 1564 Valerio
1682 1523 1815 1563 sentit
1830 1522 1957 1563 Serv,

1065 1585 1117 1625 ad
1138 1586 1235 1626 AEn.
1252 1598 1355 1628 vm.
1374 1599 1471 1627 cum
1488 1587 1576 1628 ait:
1597 1587 1609 1608 ‘
1627 1587 1680 1626 In
1695 1586 1826 1627 sacris
1842 1585 1955 1626 Her-

1065 1650 1172 1690 culis
1193 1663 1274 1692 nec
1297 1652 1412 1693 servi
1428 1653 1668 1693 intererant
1682 1664 1761 1692 uec
1782 1651 1924 1692 liberti
1942 1665 1953 1691 :

1066 1714 1176 1755 adeo
1197 1721 1245 1756 ut
1264 1715 1450 1769 Appius,
1466 1716 1537 1769 qui
1558 1728 1682 1756 sacra
1700 1716 1794 1755 haec
1814 1721 1952 1755 trans-

1066 1778 1228 1819 tulitin
1256 1780 1455 1831 libertos,
1485 1780 1569 1831 vel,
1599 1785 1646 1820 ut
1674 1779 1847 1832 quidam
1877 1790 1953 1819 vo-

1064 1842 1175 1894 lunt,
1196 1843 1238 1882 in
1268 1855 1414 1884 servos
1448 1843 1661 1896 publicos,
1691 1848 1736 1883 et
1766 1842 1955 1883 caruerit

1063 1906 1199 1946 oculis
1234 1911 1280 1947 et
1307 1907 1422 1947 intra
1450 1920 1605 1947 annum
1635 1918 1800 1946 omnem
1831 1905 1954 1946 fami-

1063 1969 1165 2009 liam
1200 1969 1476 2022 perdiderit.’
1532 1971 1657 2011 Idem
1686 1969 1861 2011 Servius
1898 1970 1956 2009 ad

1063 2032 1167 2072 illud
1185 2047 1196 2073 ε
1228 2037 1240 2057 ‘
1260 2034 1468 2074 Herculei
1485 2041 1631 2075 custos
1647 2034 1823 2075 Pinaria
1843 2039 1953 2074 tem-

1063 2097 1157 2149 pli,'
1197 2098 1313 2139 intra
1351 2098 1484 2139 breve
1522 2104 1695 2151 tempus
1734 2099 1955 2139 extinctos

1061 2158 1195 2201 fuisse
1215 2161 1364 2203 refert.
1420 2163 1560 2203 Porro
1579 2163 1778 2203 Valerius
1799 2163 1954 2203 scribit

1061 2236 1217 2265 nomen
1249 2225 1463 2266 Potitium
1510 2239 1648 2279 prope
1695 2227 1946 2268 interiisse:

1062 2287 1233 2340 Festus,
1254 2301 1401 2329 omnes
1419 2290 1652 2332 interiisse.
1683 2291 1814 2332 Coler.

1090 2352 1354 2391 .Lumim’lms
1387 2353 1544 2404 captus]
1591 2354 1744 2394 Oculis
1774 2360 1820 2395 et
1846 2355 1950 2396 ⁷luce

1062 2414 1271 2466 privatus.
1328 2417 1400 2455 De
1437 2416 1519 2457 hoc
1565 2415 1710 2469 Appio
1759 2417 1952 2459 dicemus

1062 2478 1136 2519 lib.
1169 2489 1276 2518 vm.
1311 2490 1409 2531 cap.
1447 2483 1515 2521 13.
1571 2481 1674 2522 Fuit
1703 2487 1848 2522 autem
1877 2483 1952 2536 qui

1061 2553 1158 2581 cum
1173 2542 1340 2593 Pyrrho
1353 2543 1630 2595 Epirotarum
1644 2545 1766 2598 Rege
1783 2558 1948 2598 pacem,

1061 2605 1215 2658 quibus
1272 2606 1345 2646 ille
1389 2608 1570 2658 petebat
1613 2607 1949 2663 conditionibus,

1060 2667 1155 2708 fieri
1178 2668 1378 2709 dissuasit
1408 2682 1521 2710 anno
1541 2671 1596 2710 ab
1626 2671 1746 2711 Urbe
1773 2671 1952 2712 condita

1060 2744 1262 2775 ccccmn.
1285 2738 1399 2774 teste
1413 2735 1626 2788 Eutropio
1645 2734 1722 2775 lib.
1743 2735 1948 2776 secundo.

1063 2797 1216 2838 Oliver.

1113 2862 1135 2914 ξ
1166 2862 1351 2905 lsAcer
1379 2863 1500 2903 etiam
1526 2863 1592 2903 sui
1611 2863 1785 2904 numinis
1799 2864 1948 2905 vindex

1057 2925 1219 2977 Apollo]
1247 2925 1407 2979 Apollo
1436 2927 1569 2967 nihilo
1588 2929 1760 2980 segnius
1789 2932 1834 2968 et
1851 2927 1946 2980 ipse

1059 3000 1181 3028 suum
1216 3001 1374 3029 numen
1404 2991 1520 3030 ultus
1559 2996 1638 3032 est.
1695 2991 1802 3030 Cum
1831 2991 1947 3030 enim

1056 3051 1204 3103 Scipio
1249 3050 1481 3092 Africanus
1511 3052 1690 3094 inferior
1722 3055 1946 3106 Carthagi-

1056 3126 1155 3155 nem
1175 3115 1379 3155 militibus
1406 3116 1693 3167 diripiendam
1710 3117 1945 3156 concessis—

1058 3184 1141 3230 set,
1175 3179 1344 3231 quidam
1374 3178 1589 3231 Apollinis
1634 3179 1841 3231 templum
1881 3179 1946 3218 in-

1056 3254 1244 3293 gressus,
1267 3243 1357 3294 ejus
1378 3243 1650 3287 simulacrum
1672 3255 1805 3282 aurea
1823 3248 1943 3283 veste

1055 3305 1253 3345 indutum
1290 3306 1475 3358 spoliare
1518 3307 1733 3355 tentavit;
1773 3317 1858 3358 qua
1892 3317 1942 3346 re

1055 3368 1306 3420 indignatus
1341 3369 1512 3421 Apollo,
1540 3369 1583 3409 id
1609 3369 1714 3420 egit,
1741 3372 1789 3407 ut
1813 3367 1943 3408 sacri-

1055 3431 1167 3483 legae
1187 3443 1336 3472 manus
1355 3432 1467 3472 inter
1485 3431 1730 3483 fragmenta
1751 3430 1877 3470 vestis
1894 3435 1941 3470 et

1054 3495 1243 3537 fimbrias
1274 3509 1300 3538 a
1330 3508 1510 3549 corpore
1539 3495 1740 3536 abscissae
1776 3495 1940 3546 reperi·

1055 3565 1221 3599 rentur.
