2288 3990
550 281 808 324 munau
848 280 1091 319 ΜΑΧιΜι
1136 280 1256 321 mn.
1293 280 1362 319 ιι.
1401 279 1538 318 GAP.
1561 266 1614 318 4.

163 409 224 450 Η.
245 407 384 460 Ηιιςο.

217 471 415 527 Capuam]
445 470 558 511 Urbs
595 470 688 511 haec
720 467 967 520 Campaniae
1005 467 1049 507 in

158 539 376 579 luxuriam
413 547 584 588 semper
618 547 769 587 prona.
825 532 868 572 A
900 532 1050 584 Capye

161 602 324 642 dictam
344 601 556 652 Capuam,
589 612 686 640 cum
713 603 844 638 antea
873 596 1051 636 Vultur-

162 677 241 707 nus
259 664 499 716 diceretur,
528 670 575 704 et
596 662 791 704 Etruscis
808 660 1011 701 extinctis
1027 671 1052 700 a

159 728 421 785 Samnitibus
450 735 624 782 captam
656 734 782 769 autor
810 731 879 767 est
903 726 1050 767 Livius

81 847 86 850 1
162 793 242 836 lib.
261 805 326 834 iv.

220 858 274 904 Q.
309 856 492 909 Naem'us]
522 857 686 898 Locum
708 857 979 909 perplexum,
1007 858 1054 895 et

162 921 327 976 aliquot
346 922 481 962 modis
501 923 695 962 vitiatum
716 921 869 962 dextre
890 926 936 960 et
956 932 1053 959 eru-

162 987 256 1027 dite
295 987 554 1028 emaculavit
582 986 780 1038 Lipsius:
813 987 866 1031 Q.
892 984 1053 1025 Naevius

165 1051 372 1100 Centurio,
390 1064 410 1091 e
426 1050 624 1103 peditibus
643 1051 762 1091 lectos
775 1049 950 1102 expediti
966 1062 1053 1088 cor-

159 1115 272 1167 poris
289 1115 467 1155 brevibus
486 1120 524 1156 et
543 1115 714 1169 infirmis
731 1115 903 1167 septenis
922 1126 1052 1154 arma-

162 1185 226 1220 tos
241 1179 382 1230 hastis,
395 1192 546 1232 parmae
558 1181 744 1231 tegmine,
762 1181 828 1231 ἅμ’.
859 1180 1054 1220 Colerus.

221 1245 356 1285 Parvo
370 1245 560 1296 tegmine]
590 1245 723 1284 Brevi
739 1249 877 1284 scuto.

227 1308 362 1351 Veloci
393 1309 517 1361 saltu]
549 1309 663 1350 Quia
683 1308 927 1348 didicerant
947 1307 1056 1348 mili·

174 1376 242 1413 tes
275 1373 519 1413 exercendo
539 1385 586 1413 se
606 1372 706 1424 agili
729 1372 843 1412 saltu
861 1372 901 1411 in
923 1381 1056 1423 equos

169 1435 410 1488 conjicere,
428 1443 472 1477 et
488 1436 645 1477 deinde
665 1436 833 1489 pedites
855 1436 896 1475 in
913 1436 1058 1474 hostes

169 1498 363 1550 desilire,
415 1500 478 1540 ita
512 1501 652 1552 primo
683 1500 852 1556 impetu
889 1499 1058 1552 equites

169 1574 264 1603 esse
295 1563 564 1605 dicebantur.
619 1564 737 1615 Ergo
767 1563 906 1603 veloci
931 1563 1062 1615 saltu,

167 1627 267 1681 quia
285 1626 329 1668 in
351 1640 481 1681 equos
500 1628 797 1669 ascendebant
817 1627 917 1680 agili
934 1628 1059 1679 saltu,

168 1697 217 1734 et
233 1705 332 1733 cum
352 1693 406 1733 ad
426 1705 611 1746 pugnam
639 1699 896 1746 perventum
929 1698 1061 1745 esset,

167 1755 448 1810 desiliebant,
468 1757 591 1798 etita
605 1756 766 1810 duplici
783 1769 922 1809 pugna
942 1758 1059 1810 equi-

169 1825 311 1861 tatum
331 1821 519 1862 hostium
538 1821 821 1863 deludebant.
854 1822 1005 1863 Oliver.

228 1886 442 1938 Campam
455 1885 655 1940 perfidias]
678 1886 794 1929 Quia
807 1885 1061 1928 defecerant

170 1960 200 1989 a
230 1947 466 2004 Romanis:
501 1950 724 1990 historiam
746 1950 781 1990 si
801 1951 896 2003 quis
911 1950 1060 1991 videre

174 2010 294 2066 velit,
312 2016 430 2067 legat
447 2015 592 2056 Titum
609 2015 780 2056 Livium
796 2016 839 2058 in
856 2017 1060 2059 Secundo

163 2080 297 2122 Bello
312 2081 494 2133 Punico,
511 2081 584 2123 ubi
606 2080 790 2134 plurima
806 2082 861 2122 de
878 2081 1062 2135 Campa-

171 2145 239 2186 nis
252 2145 507 2186 recitantur.

227 2209 338 2250 Car.
358 2221 424 2250 ιν.
449 2211 528 2262 §L
572 2209 802 2260 Proximus,
828 2210 917 2262 lya]
957 2209 1061 2251 Dic-

173 2277 296 2313 turus
315 2272 371 2314 de
406 2274 687 2325 spectaculis,
714 2274 780 2314 ita
812 2274 982 2324 transit,
1012 2278 1063 2315 ut

171 2350 258 2378 non
287 2350 347 2379 ex·
361 2339 549 2390 abrupto
570 2337 756 2379 transire
776 2337 988 2389 videatur,
1015 2343 1064 2378 ut

173 2401 293 2443 dicat
312 2413 398 2443 non
418 2413 512 2442 esse
532 2401 749 2442 dissonum
772 2401 886 2454 quod
908 2402 950 2442 in
972 2404 1065 2443 the·

174 2467 282 2507 atris
300 2464 368 2513 fit,
386 2465 441 2506 ab
461 2477 514 2506 eo
534 2465 647 2519 quod
663 2465 707 2505 in
736 2466 892 2506 castris
914 2465 1063 2509 fuerit.

174 2528 301 2569 Dicit
319 2541 446 2581 ergo:
489 2530 692 2570 Diximus
726 2529 779 2570 de
812 2531 937 2572 bellis
967 2545 1063 2585 quae

173 2592 280 2634 foris
299 2599 522 2646 geruntur,
541 2606 654 2634 nuuc
671 2594 902 2635 dicendum
922 2602 990 2637 est
1009 2597 1064 2638 de

172 2657 483 2699 certaminibus
504 2670 602 2710 quae
629 2657 746 2698 intra
770 2659 919 2700 urbem
938 2659 1064 2714 fiunt,

176 2721 380 2762 videlicet
396 2722 442 2762 in
459 2721 649 2763 theatro.
682 2722 836 2764 Oliver.

230 2787 424 2840 Theatra]
470 2788 705 2829 Theatrum
741 2788 924 2841 primum
971 2795 1067 2832 erat

176 2851 470 2904 Hemicyclus,
489 2851 590 2896 iude
610 2851 776 2893 factum
795 2858 862 2894 est
882 2853 1065 2906 ἀμφιθέα-

172 2926 283 2966 τρον,
302 2927 359 2955 ex
391 2915 557 2955 duobus
588 2915 724 2955 veluti
758 2917 938 2958 theatris
964 2931 1064 2959 con-

176 2983 314 3030 stans,
334 2978 450 3031 quod
481 2991 536 3018 ex
568 2979 778 3031 quadrato
813 2981 959 3033 lapide
980 2983 1066 3035 pri-

175 3053 270 3082 mus
318 3041 552 3093 Pompeius
598 3043 786 3095 Magnus
832 3045 1065 3099 inchoavit,

178 3106 374 3158 Caligula
393 3105 600 3159 perfecit,
630 3107 687 3147 ab
717 3108 914 3160 Augusto
934 3111 1066 3152 desti-

176 3176 343 3218 natum,
376 3183 401 3210 a
428 3171 696 3223 Vespasiano
729 3171 1007 3228 aedificatum,
1042 3188 1068 3216 a

176 3235 280 3276 'rito
314 3243 629 3286 consecratum,
660 3247 686 3275 a
714 3236 892 3277 Nerone
917 3237 1067 3278 insano

179 3304 354 3351 sumptu
375 3298 645 3351 deauratum,
671 3306 720 3339 ut
753 3299 797 3339 in
819 3300 893 3341 illo
915 3301 1066 3343 Arme-

178 3361 346 3403 niorum
360 3373 509 3414 regem
529 3363 767 3415 exciperet.
809 3365 1068 3407 celebratur

181 3429 227 3464 et
251 3425 316 3467 M.
333 3426 487 3467 Scauri
519 3427 754 3478 theatrum,
785 3428 841 3468 de
871 3442 955 3483 quo
974 3432 1065 3472 Pli-

182 3488 277 3527 nius
294 3489 553 3531 lib.xxxv1.
574 3503 669 3544 cap.
688 3494 755 3532 15.
790 3493 863 3534 ubi
894 3501 941 3535 et
960 3495 1065 3536 duo·

179 3562 272 3592 rum
311 3552 578 3594 theatrorum
619 3555 817 3598 Curionis
859 3559 1067 3602 meminit.

1852 265 1996 320 1015

1110 401 1290 454 Legitur
1303 405 1350 442 et
1364 401 1413 441 L.
1425 398 1675 450 Mummius,
1687 396 1836 438 deleta
1847 399 1998 439 Corin-

1112 467 1201 516 tho,
1235 465 1428 505 erexisse
1456 464 1694 515 theatrum,
1723 462 1798 502 sed
1830 467 1997 516 tempo-

1112 532 1287 571 rarium.
1309 531 1349 571 F
1348 543 1487 581 unger.

1165 595 1376 636 Animos-as
1392 594 1515 647 acies]
1555 593 1648 634 Aut
1685 592 1785 647 quia
1816 591 2000 633 viriliter

1112 661 1156 701 in
1173 672 1304 700 arena
1332 659 1635 709 decertabant,
1666 663 1712 698 et
1744 670 1800 698 ex
1820 662 2003 709 aspectu

1115 724 1244 764 animi
1262 729 1463 775 tyronum
1487 723 1542 763 ad
1569 722 1738 763 caedem*
1754 721 2005 762 imbueban-

1115 795 1215 840 tur-3
1247 794 1321 828 aut
1356 787 1643 839 potissimum,
1671 795 1769 827 narn
1795 786 1838 827 id
1869 786 2006 827 sentit

1116 861 1282 906 auctor,
1293 853 1395 908 quia
1413 865 1498 893 non
1527 853 1695 893 minore
1723 853 2006 894 contentione

1116 920 1406 973 digladiantes
1439 918 1481 957 in
1513 930 1646 958 arena
1671 917 2006 969 contendebant,

1115 997 1241 1039 quam
1263 985 1304 1023 in
1328 995 1427 1022 vera
1445 982 1557 1022 acie.
1586 981 1754 1022 Badius.

1164 1050 1307 1089 Cultus
1320 1046 1516 1098 Deorum]
1534 1045 1803 1086 Venationes
1818 1045 2007 1089 Saturno

1117 1114 1316 1167 primitus
1333 1112 1565 1153 attributas
1578 1110 1729 1162 fuisse,
1749 1109 1886 1151 refert
1900 1112 2010 1151 Lac·

1119 1180 1282 1220 tantius
1303 1179 1378 1219 lib.
1396 1191 1463 1220 vl.
1482 1190 1521 1218 c.
1541 1181 1608 1219 20.
1663 1178 1890 1219 Salvianus
1907 1189 2011 1218 vero

1118 1244 1411 1286 Massiliensis
1431 1243 1585 1285 lib.v1.
1613 1243 1655 1283 in
1684 1242 1826 1283 arenis
1846 1242 1930 1283 coli
1950 1242 2013 1283 ait

1119 1310 1341 1359 Martem3
1370 1308 1568 1362 quoniam
1603 1307 1772 1348 scilicet
1804 1307 1895 1347 ludi
1920 1306 2012 1360 qui-

1121 1374 1220 1414 dem
1242 1374 1518 1427 ipsi,ssuempe
1544 1372 1814 1424 venationes,
1849 1375 1902 1412 ac'
1922 1372 2012 1425 gla-

1121 1438 1294 1478 diatorii
1316 1437 1502 1478 Saturno
1523 1435 1648 1486 sacri,
1676 1435 2012 1487 ampitheatrum

1122 1506 1268 1541 autem
1302 1512 1472 1540 sacrum
1504 1498 1657 1539 Marti.
1734 1498 1846 1538 Nam
1882 1509 2014 1537 vena·

1123 1564 1280 1613 tiones,
1302 1570 1532 1617 antequam
1555 1567 1774 1615 repertum
1795 1566 1912 1602 esset
1928 1574 2016 1603 am-

1122 1629 1434 1681 phitheatrum,
1455 1627 1670 1668 dabantur
1689 1627 1732 1666 in
1752 1626 1885 1666 circo.
1941 1625 2014 1666 Sic

1121 1693 1215 1733 ludi
1262 1693 1433 1734 Scenici
1481 1691 1614 1732 etiam
1664 1691 1814 1731 Romae
1863 1689 2014 1730 usitati

1124 1758 1374 1810 prinsquam
1409 1756 1628 1797 theatrum
1647 1753 1812 1795 Veneri
1841 1753 2015 1794 dedica-

1124 1828 1214 1862 tum
1235 1821 1394 1863 fuisset
1414 1835 1438 1862 a
1458 1823 1536 1863 Cn.
1555 1820 1783 1874 Pompeio.
1840 1820 1940 1862 Qua
1960 1820 2014 1860 de
2091 1873 2094 1876 Ι

1123 1898 1169 1926 re
1189 1887 1373 1927 Tertull.
1406 1886 1478 1928 lib.
1498 1886 1552 1926 de
1573 1885 1844 1939 Spectaculis
1865 1898 1959 1938 cap.
1975 1889 2014 1927 6.

1123 1951 1282 2004 Itaque
1301 1951 1474 1992 tametsi
1496 1951 1712 1991 theatrum
1742 1950 1921 2003 proprie
1950 1961 2016 1990 sa-

1123 2016 1310 2056 crarium
1335 2021 1452 2056 esset
1475 2015 1676 2066 Veneris,
1707 2019 1851 2054 tamen
1883 2012 2015 2055 etiam

1125 2079 1272 2120 Liberi
1293 2080 1467 2121 domum
1495 2079 1646 2130 fuisse,
1673 2079 1816 2133 inquit
1843 2079 2016 2119 Tertul-

1123 2143 1261 2185 lianus
1279 2145 1372 2186 loco
1391 2145 1543 2187 citato.
1594 2143 1746 2185 Cereri
1762 2156 1865 2184 vero
1881 2144 2017 2185 etiam

1124 2208 1168 2248 in
1187 2210 1360 2250 theatro
1380 2210 1521 2250 locum
1541 2209 1676 2249 fuisse
1706 2208 1902 2250 declarat
1921 2207 2017 2248 Cae-

1126 2272 1249 2312 cilius
1279 2273 1522 2325 Cyprianus
1542 2274 1681 2326 Epist.
1696 2284 1798 2314 clu.
1830 2272 1903 2325 qui
1923 2284 2018 2312 sce-

1127 2335 1246 2376 nicos
1263 2336 1404 2389 inquit
1417 2336 1540 2377 ludos
1554 2349 1695 2378 sacros
1711 2335 1843 2378 fuisse
1857 2335 2018 2377 Libero

1128 2407 1175 2441 et
1217 2402 1381 2442 Cereri.
1458 2402 1604 2442 Etiam
1643 2402 1817 2455 Apollo,
1861 2403 2020 2455 Musae,

1129 2465 1345 2516 Minerva,
1381 2466 1626 2506 Mercurius
1653 2466 1698 2507 in
1718 2467 1889 2507 theatro
1909 2479 2020 2520 prae-

1127 2526 1236 2568 fecti
1257 2529 1512 2582 tliemelicis,
1532 2531 1642 2582 sive,
1672 2535 1722 2571 ut
1743 2530 1887 2584 inquit
1914 2531 2019 2571 Ter-

1130 2593 1336 2633 tullianus
1356 2593 1432 2634 lib.
1461 2593 1517 2634 de
1550 2594 1752 2647 Spectac.
1788 2599 1944 2648 cap.7.
1967 2596 2019 2636 iis

1130 2670 1228 2711 quae
1251 2670 1372 2709 voce,
1400 2659 1551 2707 modia
1585 2663 1630 2699 et
1659 2661 1831 2713 organis
1864 2661 2022 2702 transi-

1129 2729 1307 2774 guntur.
1359 2723 1548 2764 Saturno
1571 2729 1716 2765 autem
1733 2726 1934 2777 primitus
1955 2739 2020 2767 sa-

1129 2800 1250 2828 crum
1266 2801 1438 2839 munus,
1456 2794 1683 2842 utrumque
1699 2802 1872 2843 nempe,
1890 2803 2020 2832 vena-

1128 2852 1191 2893 tio
1212 2858 1259 2894 et
1278 2853 1539 2906 gladiatores
1555 2867 1567 2904 ;
1600 2853 1699 2907 quia
1714 2854 1750 2894 is
1766 2854 1885 2896 Deus
1902 2855 2020 2908 apud

1129 2917 1346 2958 Romanos
1383 2918 1719 2970 antiquissimus.
1790 2919 2021 2971 Legendus

1126 2982 1423 3029 Tertullianus,
1476 2982 1758 3036 Apologetici
1814 2983 2020 3025 adversus

1127 3053 1282 3099 gentes
1311 3061 1408 3100 cap.
1425 3051 1492 3088 11.
1525 3047 1792 3088 Prudentius
1811 3047 2017 3088 adversus

1128 3113 1434 3164 Symmachum
1452 3112 1564 3153 libro
1583 3124 1615 3154 1.
1661 3113 1747 3153 Sed
1767 3112 1854 3152 alia
1880 3123 2018 3152 emer-

1128 3179 1192 3231 git
1206 3179 1423 3219 dubitatio
1442 3191 1497 3220 ex
1512 3178 1744 3219 Prudentii
1759 3177 1903 3218 verbis
1920 3189 2020 3218 con-

1128 3248 1198 3286 tra
1238 3244 1552 3295 Symmachum,
1586 3243 1662 3284 lib.
1681 3255 1715 3284 1.
1753 3243 1826 3295 qui
1862 3254 2017 3284 munus

1129 3306 1433 3358 gladiatorium
1467 3307 1566 3347 Diti
1593 3317 1761 3346 sacrum
1795 3316 1891 3345 esse
1925 3305 2018 3347 ait:

1128 3371 1343 3423 ‘Respice
1372 3370 1552 3411 terrifici
1585 3369 1799 3409 scelerata
1825 3370 2018 3411 sacraria

1128 3434 1270 3475 Ditis:
1306 3435 1386 3475 Cui
1406 3434 1534 3474 cadat
1565 3431 1756 3472 infausta
1783 3431 1904 3474 fusus
1927 3436 2017 3487 gla-

1130 3497 1277 3538 diator
1308 3496 1470 3547 arena,’
1505 3498 1586 3536 διο.
1649 3496 1745 3536 Nec
1775 3502 1920 3538 tamen
1950 3511 2015 3539 re-

1130 3562 1390 3614 sponderim,
1411 3566 1459 3601 ut
1483 3560 1688 3614 nonnulli,
1709 3560 1855 3603 Ditem
1875 3567 1920 3603 et
1939 3562 2013 3603 Sa·
