2288 3990
362 274 468 328 996

363 406 527 447 Plinius
546 407 618 447 lib.
637 419 691 448 Π.
715 418 808 459 cap.
829 410 894 446 36.
923 406 1162 458 Stephanus
1191 406 1235 446 in

360 482 466 511 voce
487 469 656 511 ἆνδανία.
691 472 864 511 coleras.

415 535 438 585 §
467 538 518 573 16
547 534 760 589 Antipater
794 532 995 584 Sidonius]
1033 532 1132 571 Fuit
1169 532 1234 572 hic

361 597 534 650 quidem
556 596 695 636 Poeta
728 596 1082 647 promptissimus,
1110 608 1235 648 quem

359 660 404 699 in
424 660 541 700 libris
561 660 614 699 de
635 659 817 700 Oratore
838 660 899 700 M.
917 660 1078 698 Tullius
1097 661 1235 699 clam-0

358 723 443 766 isse
470 724 531 763 ait
562 723 700 763 Cottae
730 728 774 762 et
794 722 938 761 Crassi
957 721 1234 773 temporibus,

355 799 440 833 non
457 786 591 826 multo
607 792 721 826 ante.
775 785 861 825 Sed
882 785 934 825 de
949 786 1069 837 hujus
1084 784 1234 824 Poetae

289 903 293 906 .
359 851 532 902 ingenio
578 855 623 889 et
661 850 878 899 memoria,
925 861 1008 889 non
1045 848 1236 898 alterius,

361 926 483 966 quam
518 913 649 964 ipsius
683 913 744 952 M.
777 913 906 952 Tullii
939 913 1078 953 verbis
1109 925 1235 964 agen-

362 978 476 1018 dum.
506 974 691 1030 ‘Quom'
724 978 878 1030 inquit,
912 978 924 1000 ‘
942 979 976 1017 si
1003 978 1235 1028 Antipater

356 1042 430 1081 ille
449 1041 666 1093 Sidonius,
697 1053 822 1093 quem
854 1048 898 1081 tu
925 1041 1059 1092 probe
1081 1041 1234 1081 Catule

355 1104 603 1154 meministi,
633 1105 782 1144 solitus
817 1110 882 1144 est
912 1116 1057 1144 versus
1089 1105 1234 1144 Hexa-

359 1174 535 1217 metros,
555 1167 744 1219 aliosque
783 1167 910 1207 variis
939 1167 1076 1206 modis
1104 1174 1234 1219 atque

356 1230 542 1271 numeris
576 1229 757 1271 fundere
795 1242 848 1269 ex
894 1235 1103 1281 tempore,
1144 1235 1234 1268 tan·

354 1297 527 1345 tumque
548 1292 726 1331 hominis
744 1292 951 1343 ingeniosi
969 1305 1018 1332 ac
1039 1293 1233 1332 memoris

354 1355 489 1396 valuit
509 1354 780 1405 exercitatio,
816 1359 862 1394 ut
894 1366 990 1394 cum
1022 1367 1067 1394 se
1087 1362 1232 1395 mente

352 1430 403 1457 ac
431 1419 652 1458 voluntate
683 1417 943 1468 conjecisset
975 1417 1018 1456 in
1049 1429 1234 1469 versum,

353 1480 483 1521 verba
502 1478 814 1533 sequerentur,'
833 1484 879 1519 et
899 1480 1079 1532 reliqua.
1104 1481 1232 1521 Vale-

353 1544 441 1583 rius
461 1555 562 1583 vero
589 1543 659 1583 bic
689 1548 836 1582 noster
868 1548 913 1583 et
941 1543 1107 1584 Plinius
1136 1557 1232 1585 eum

353 1608 529 1648 tradunt
548 1607 741 1646 omnibus
762 1605 904 1657 annis,
931 1618 1015 1646 uno
1048 1611 1233 1647 tantum-

355 1669 482 1714 modo
521 1670 591 1710 die
627 1682 703 1709 suo
735 1669 884 1720 natali,
922 1668 1044 1713 febre
1075 1671 1234 1723 corripi

354 1733 541 1785 solitum,
574 1739 617 1773 et
650 1733 800 1773 eodem
833 1732 1015 1785 denique
1036 1732 1106 1773 die
1134 1746 1234 1773 con·

353 1803 566 1849 sumptum
587 1811 681 1838 esse
701 1798 743 1837 in
771 1798 919 1837 ultima
940 1803 1083 1838 aetate.
1138 1799 1233 1839 Me·

354 1859 477 1900 minit
497 1861 719 1913 Antipatri
751 1861 883 1901 etiam
915 1861 1137 1901 Cornelius
1155 1863 1233 1901 Ta-

354 1923 466 1964 citus
487 1924 529 1964 in
557 1924 826 1975 Oratoribus,
856 1929 902 1964 et
922 1924 1078 1964 Fabius
1099 1925 1233 1967 Quin-

355 1988 540 2028 titianus.
615 1989 749 2030 Erant
792 1987 925 2039 ipsius
965 1987 1009 2027 in
1044 2000 1232 2039 praesens

354 2051 562 2102 quaedam,
591 2064 685 2104 quae
715 2052 932 2103 leguntur,
951 2051 1234 2103 epigramma·

354 2120 411 2153 ta.
444 2113 608 2165 Gyrald.

407 2179 430 2229 ξ
465 2180 514 2217 17
552 2177 736 2228 Epicuri]
774 2178 844 2217 De
881 2177 973 2228 ejus
1010 2177 1099 2218 vita
1136 2178 1232 2228 lege

353 2238 592 2290 Diogenem
607 2238 840 2279 Laertium.
898 2240 1005 2279 Cum
1026 2239 1067 2278 in
1087 2241 1231 2292 volup-

352 2306 443 2342 tate
473 2314 678 2342 summuui
712 2303 867 2343 bonum
904 2304 1140 2354 constituit,
1161 2317 1232 2345 vo·

353 2367 563 2417 luptatem
584 2366 865 2416 intellexisse,
885 2378 980 2417 quae
1001 2378 1054 2405 ex
1072 2366 1232 2407 virtute

355 2428 588 2480 colligitur,
606 2429 791 2468 videtur.
836 2428 1012 2468 Diocles
1029 2431 1232 2470 eumsim-

353 2490 575 2542 plicissimi
599 2492 738 2531 victus
755 2495 800 2530 et
819 2504 994 2530 summae
1010 2492 1233 2532 eontinen-

355 2552 427 2591 tiae
465 2552 598 2591 fuisse
631 2553 751 2592 dicit.
806 2552 893 2592 Alii
933 2553 1059 2592 aliter
1097 2557 1233 2606 scrip-

355 2625 467 2654 sere.
491 2662 493 2665 ·
521 2613 648 2654 Unde
678 2614 912 2654 Horatius:
946 2615 1149 2666 ‘Epicuri
1178 2616 1233 2656 de

355 2688 486 2728 grege
507 2675 693 2728 porcus!

414 2739 660 2791 Concordia’]
699 2739 814 2779 Hinc
853 2739 1232 2782 Genethliacorum

356 2806 474 2842 secta
494 2802 692 2842 sustineri
712 2808 870 2854 posset.

367 2864 369 2866 ’
411 2867 433 2918 §
463 2869 513 2906 18
543 2865 713 2917 Liberis]
739 2866 861 2906 Sicut
887 2866 930 2905 in
958 2866 1044 2906 filia
1063 2866 1234 2907 Mithri-

355 2926 482 2969 datis.

406 2995 494 3033 Aut
510 2993 554 3033 in
572 2993 701 3045 Rege]
718 2992 895 3033 Scilicet
914 2991 1082 3032 Prusia.

404 3053 462 3094 'In
479 3053 586 3105 vate]
609 3054 783 3094 Scilicet
804 3053 1045 3105 Antipatro.

415 3119 524 3159 Viris
567 3117 862 3170 eruditissimis]
907 3119 1154 3171 Polystrato
1189 3125 1235 3160 et

359 3182 636 3235 Hippoclide.

412 3245 583 3284 Homine
600 3243 719 3284 sortis
733 3242 896 3295 igmtoe]
915 3243 1093 3284 Scilicet
1118 3245 1232 3284 Stra-

356 3306 482 3358 bone,
498 3307 570 3359 qui
590 3312 677 3347 tam
694 3312 862 3346 acutam
883 3306 1016 3346 aciem
1033 3307 1195 3348 habuit.

411 3371 628 3423 sylvestres
645 3368 823 3421 capreas]
854 3369 1019 3409 Plinius
1040 3370 1098 3410 lib
1118 3380 1232 3411 xxv-

360 3446 526 3484 cervas,
545 3445 626 3473 non
646 3445 844 3484 capreas,
863 3431 983 3474 dicit.

417 3496 565 3548 Cretae]
594 3497 728 3537 Maris
748 3495 1050 3537 mediterranei
1081 3496 1233 3547 insula,

944 288 1120 328 No'rAE
1164 287 1497 328 VARIORUM
1541 289 1605 328 IN
1669 332 1671 334 v

1298 406 1419 447 Jovis
1459 404 1739 456 incunabulis,
1782 410 1827 447 et
1868 411 2039 448 centum
2077 408 2176 456 olim

1300 470 1476 509 urbibus
1493 472 1623 510 clara.
1656 471 1796 511 Hodie
1816 472 1967 511 Candia
1986 470 2158 512 dicitur.

1352 533 1576 583 Dictamni]
1619 533 1716 572 Non
1751 533 1924 585 ubique,
1943 533 2017 573 sed
2040 534 2089 578 ,in
2108 545 2178 573 an-

1298 601 1422 646 gusto
1445 597 1536 635 loco
1557 596 1767 635 duntaxat
1787 597 2010 647 provenire
2029 603 2179 643 auctor

1299 664 1365 697 est
1397 659 1732 709 Theophrastus,
1765 659 1837 710 qui
1870 659 1946 699 lib.
1974 671 2043 699 lx.
2079 671 2176 712 cap,

1297 725 1364 762 26.
1390 721 1608 761 historiam
1637 721 1762 772 hujus
1789 722 1948 771 plantae
1977 729 2179 765 accurate

1298 783 1489 824 tradidit.
1535 783 1648 824 Vide
1686 790 1731 825 et
1766 784 2064 837 Dioscoridem
2101 786 2176 837 lib.

1299 858 1372 888 111.
1400 853 1446 887 et
1476 847 1520 886 in
1553 859 1649 887 eum
1668 847 1957 888 Matthiolum.
2012 848 2080 897 De
2108 861 2179 888 ea·

1297 909 1394 949 dem
1428 910 1599 962 egregie
1638 910 1840 960 Virgilius
1876 910 1969 951 AEn.
2002 920 2089 952 ΧΠ.
2115 911 2181 951 ita

1297 974 1480 1014 cecinit:
1522 975 1533 996 ‘
1558 974 1642 1014 Hic
1675 975 1821 1014 Venus
1866 974 2044 1027 indigno
2087 974 2179 1015 nati

1296 1049 1504 1078 concussa
1516 1037 1678 1088 dolore,
1697 1038 1975 1077 Dictamnum
1995 1037 2181 1089 genitrix

1297 1100 1468 1141 Cretaea
1483 1101 1625 1152 carpit
1646 1101 1699 1140 ab
1715 1099 2067 1152 Ida,Puberibus
2082 1112 2181 1140 cau-

1294 1163 1376 1203 lem
1394 1163 1523 1216 foliis,
1548 1170 1593 1204 et
1611 1162 1719 1204 flore
1747 1169 1985 1204 comantem
2012 1164 2180 1214 Purpu-

1294 1238 1392 1267 reo:
1421 1238 1504 1266 non
1538 1227 1613 1266 illa
1648 1226 1751 1267 feris
1785 1227 2005 1278 incognita
2036 1227 2179 1279 capris

1295 1289 1520 1340 Gramina,
1539 1302 1636 1330 cum
1657 1295 1785 1342 tergo
1806 1291 1998 1331 volucres
2011 1289 2178 1331 haesere

1295 1352 1498 1404 sagittae.’

1352 1415 1605 1468 cephalenia]
1633 1415 1743 1456 Ionii
1762 1415 1890 1456 maris
1910 1415 2049 1458 insula
2074 1417 2180 1459 Ptoe

1294 1478 1460 1518 lemaeo.

1350 1541 1420 1580 Ex
1436 1540 1535 1592 alto]
1563 1542 1708 1594 Caput
1733 1541 1776 1582 in
1809 1542 1940 1583 altum
1961 1542 2178 1595 porrigen-

1295 1607 1380 1654 tes,
1397 1609 1446 1644 ut
1463 1610 1616 1645 ventos
1637 1606 1898 1646 commodius
1919 1607 2109 1658 capiant.

1352 1667 1552 1719 Crotonoe]
1581 1669 1713 1709 Croto
1729 1669 1828 1710 urbs
1842 1670 2090 1710 Brutiorum
2110 1681 2183 1710 ce·

1292 1731 1537 1771 leber-rima.
1578 1731 1749 1772 Livius:
1778 1732 1790 1754 ‘
1810 1732 1925 1772 Urbs
1943 1733 2074 1773 Croto
2088 1743 2179 1770 mu-

1296 1809 1388 1836 rum
1414 1796 1456 1835 in
1487 1796 1670 1836 circuitu
1700 1801 1922 1848 patentem
1950 1795 2178 1836 duodecim

1294 1861 1424 1900 millia
1445 1873 1641 1913 passuum
1660 1860 1822 1912 habuit,
1839 1865 1940 1901 ante
1957 1860 2114 1913 Pyrrhi
2135 1859 2179 1898 in

1294 1923 1466 1963 Italiam
1498 1923 1746 1963 adventum.
1802 1923 1909 1963 Post
1930 1923 2177 1962 vastitatem

1294 1998 1345 2026 eo
1366 1986 1477 2027 bello
1493 1985 1667 2037 factam,
1684 1986 1755 2027 vix
1783 1998 1885 2038 pars
1911 1985 2087 2033 dimidia
2106 1987 2180 2026 ha-

1296 2049 1549 2092 bitabatur.’
1593 2050 1910 2090 Fortitudinem
1929 2055 1976 2090 et
1993 2049 2178 2090 omn-ium

1293 2125 1435 2160 rerum
1452 2111 1729 2153 adfluentiam
1751 2113 1815 2153 ita
1826 2113 2037 2165 praedicat
2049 2113 2178 2154 Scho-

1292 2177 1438 2218 liastes
1456 2177 1657 2228 antiquus
1676 2176 1908 2228 Theocriti,
1931 2182 1981 2217 ut
2010 2177 2052 2217 in
2084 2189 2180 2228 pro·

1293 2241 1487 2280 verbium
1507 2240 1661 2280 abiisse
1681 2239 1810 2288 dicat,
1830 2240 1934 2280 nihil
1954 2251 2049 2280 esse
2071 2240 2176 2279 alias

1292 2305 1437 2354 urbes,
1470 2304 1505 2343 si
1537 2315 1632 2343 cum
1664 2303 1853 2342 Crotone
1882 2300 2178 2343 conferantur.

1293 2367 1401 2408 Quae
1423 2367 1478 2407 de
1507 2372 1602 2406 ortu
1627 2366 1827 2406 Crotonis
1855 2365 1983 2406 Urbis
2012 2364 2178 2417 prolixe

1295 2443 1320 2470 a
1339 2430 1599 2481 gravissimis
1628 2428 1850 2469 autoribus
1879 2433 2008 2481 atque
2027 2427 2177 2468 Poetis

1294 2492 1539 2541 traduntur,
1557 2502 1652 2530 cum
1688 2502 1828 2530 meras
1859 2490 2030 2541 sapiant
2056 2489 2177 2530 fabu-

1293 2555 1374 2604 las,
1393 2553 1498 2593 nihil
1516 2552 1566 2592 iis
1587 2557 1787 2592 auctores
1814 2547 1929 2592 aliud
1951 2553 2178 2596 voluerunt

1293 2615 1499 2662 indicare,
1518 2627 1644 2667 quam
1676 2614 2026 2656 celebratissimae
2054 2615 2175 2656 urbis

1294 2679 1610 2731 antiquitatem,
1645 2678 1814 2731 locique
1859 2677 2172 2719 salubritatem.

1297 2744 1452 2783 Cluver.

1348 2803 1723 2855 JunonisLacinioe]
1749 2803 1862 2844 Vide
1877 2815 2006 2856 supra
2020 2815 2116 2855 cap.
2134 2807 2176 2843 1.

1298 2869 1321 2920 ς
1341 2870 1408 2907 20.

1351 2929 1602 2980 Macedonia]
1630 2931 1814 2982 Europae
1842 2929 2024 2971 celebris
2044 2929 2178 2983 regio,

1295 2993 1406 3034 hanc
1453 3006 1479 3032 a
1514 2993 1836 3045 Septentrione‚
1884 3006 1910 3034 a
1956 2993 2177 3034 Dalmatia

1295 3058 1532 3111 Moesiaque
1571 3062 1769 3098 montana
1811 3058 2073 3111 sejungunt:
2122 3056 2175 3096 ab

1296 3133 1450 3162 occasu
1494 3121 1603 3160 mari
1647 3121 1868 3162 Adriatico
1898 3121 1988 3161 sive
2025 3120 2174 3162 Ionio:

1295 3183 1349 3224 ab
1369 3191 1464 3224 ortu
1477 3183 1619 3234 AEgaeo
1635 3182 1836 3225 abluitur.
1890 3184 2175 3224 Meridianam

1296 3258 1413 3285 oram
1432 3246 1671 3298 Epiroticae
1692 3253 1843 3298 gentes
1864 3251 1910 3287 et
1940 3242 2036 3300 ipsa
2055 3246 2188 3292 Grae-‚

1295 3309 1360 3349 cia
1379 3308 1556 3362 excipit.
1610 3308 1780 3350 Passim.

1318 3423 1320 3425 Ι
1346 3372 1397 3411 In
1428 3371 1570 3411 Caleno
1597 3371 1714 3423 agro]
1744 3370 1783 3410 A
1831 3370 2003 3411 Calibus
2041 3369 2198 3421 dicto„

1292 3432 1404 3485 quod
1425 3433 1628 3484 oppidum
1649 3442 1713 3473 est
1739 3433 1784 3475 in
1821 3431 2082 3491 Campania3
2110 3434 2195 3483 est⁴

1292 3496 1404 3536 enim
1426 3496 1526 3537 etin
1548 3497 1704 3544 Gallia,
