2346 3996
359 290 499 344 1336

355 428 524 470 nerent,
539 429 588 465 ut
607 424 830 476 diligenter
847 426 1014 468 videret
1032 423 1229 480 'quorsum

354 487 586 528 evaderent
606 489 785 529 Caesaris
805 501 922 541 opes,
945 504 1038 543 quae
1060 493 1230 543 reipub-

354 550 450 591 licae
498 552 747 603 periculosae
795 553 1068 606 videbantur,
1103 555 1229 596 Pom-

354 615 476 667 peius
492 615 652 656 otiosos
669 628 739 655 eos
755 627 850 656 esse
860 616 1003 669 jussit,
1020 618 1228 670 quiacum

353 678 535 730 primum
556 679 664 730 pede
693 684 851 719 terram
881 682 1154 733 percusserit,
1180 693 1227 723 se

355 745 492 781 totum
522 742 667 782 orbem
706 749 1013 784 commoturum
1045 745 1226 797 diceret,

351 803 488 844 fretus
508 805 674 846 scilicet
693 807 885 858 potentia
903 813 948 848 et
970 810 1226 850 auctoritate

354 879 431 907 sua
449 873 582 908 totum
614 869 760 909 orbem
792 871 1030 923 complexa.
1086 873 1227 913 Occu-

351 931 464 982 patis
485 931 640 972 deinde
659 933 811 985 Gallis,
835 935 1056 987 auctisque
1089 937 1228 976 Caesa-

351 996 408 1036 ris
427 996 605 1048 viribus,
631 1003 679 1038 ut
694 998 785 1050 jam
807 1004 1003 1051 apertum
1025 1001 1228 1053 reipubli-

353 1073 417 1101 cae
439 1061 676 1113 periculum
695 1062 929 1113 videretur;
960 1070 1061 1105 tunc
1079 1065 1228 1105 Muna-

350 1123 438 1164 tius
481 1124 563 1164 iste
611 1125 819 1177 Pompeio
863 1126 1020 1167 dixisse
1063 1126 1228 1168 fertur:

350 1188 481 1228 Nunc
501 1188 610 1240 pede
638 1195 817 1240 percute
851 1196 1026 1241 terram,
1055 1202 1080 1230 o
1106 1191 1228 1230 Pom·

350 1251 437 1303 pei.
489 1251 574 1291 Sed
595 1252 707 1304 quod
728 1252 781 1292 ad
807 1252 898 1304 ejus
926 1252 1228 1293 crudelitatem

351 1313 555 1366 pertinet,
569 1319 691 1355 tanta
707 1313 807 1365 fuit,
822 1322 867 1355 ut
879 1315 981 1354 nihil
994 1316 1229 1368 immanius,

349 1376 455 1416 nihil
475 1377 756 1416 truculentius
773 1377 911 1417 audiri
931 1385 1087 1429 posset.
1108 1380 1212 1422 Oliv.

405 1439 575 1479 Inclasis
591 1441 774 1481 moenibus
790 1441 1131 1495 Attingaensium]
1157 1444 1228 1484 Ita

350 1503 492 1554 vulgo.
546 1502 748 1555 Veteres,
772 1505 1088 1556 Abteguensium.
1117 1507 1230 1547 Scri-

349 1568 465 1620 ham,
494 1569 807 1622 Atteguensium.
864 1570 1059 1624 Attegua
1077 1577 1226 1613 notum

349 1631 575 1684 Hispanias
595 1633 800 1686 oppidum
821 1628 902 1676 esf.
932 1635 1043 1688 Lips.

395 1697 621 1750 Foeminas,
640 1699 726 1751 mn]
755 1698 856 1739 Alia
875 1699 1096 1740 teterrima
1125 1698 1227 1740 feri·

351 1765 436 1799 tas·
491 1760 598 1802 Cum
618 1762 808 1803 nonnulli
828 1775 882 1803 ex
911 1762 1135 1816 oppidanis
1171 1763 1224 1803 ad

352 1822 566 1864 Caesarem
613 1824 909 1878 confugissent
967 1827 1011 1866 in
1067 1833 1228 1879 castra,

352 1886 535 1927 Flaccus
555 1887 637 1928 iste
658 1888 976 1930 crudelissimus
1003 1902 1156 1930 uxores
1179 1896 1228 1931 ’et

349 1948 507 1990 liberos
526 1961 672 1992 eorum
694 1953 736 1991 in
755 1964 896 1992 muros
915 1952 1074 1993 adduci
1084 1953 1227 2007 jussit,

350 2012 506 2054 deinde
526 2015 669 2056 citatis
692 2028 836 2057 earum
859 2017 975 2069 viris,
1003 2018 1140 2058 veluti
1173 2017 1228 2059 ad

350 2076 625 2130 colloquium,
680 2080 722 2119 in
768 2080 933 2120 illorum
993 2086 1230 2132 conspectu

344 2140 480 2192 jussit
522 2142 759 2183 crudeliter
805 2144 967 2194 necari,
1006 2144 1231 2185 trucidatis

351 2204 532 2255 prinsin
565 2211 750 2246 matrum
785 2205 1051 2260 amplexibus
1087 2207 1231 2249 liberis

350 2266 598 2310 infantibus.
630 2271 737 2311 Otiv.

411 2331 575 2374 Vecordi
607 2334 847 2386 pertinacia]
880 2334 994 2377 Quia
1030 2334 1233 2387 sperabat

348 2409 394 2437 se
415 2396 566 2439 divinis
584 2400 788 2453 operibus
808 2401 990 2454 Caesaris
1015 2412 1138 2453 posse
1167 2413 1231 2440 re·

352 2461 523 2514 sistere,
570 2476 596 2504 a
644 2476 725 2517 quo
777 2463 950 2505 tandem
995 2469 1234 2516 superatus,

344 2524 486 2576 justas
506 2527 774 2566 crudelitatis
794 2539 938 2579 poenas
956 2526 1089 2566 dedit.
1110 2527 1233 2569 Idem.

408 2591 524 2631 Ex'r.
543 2592 566 2643 ᾧ
588 2595 610 2630 l
642 2590 1014 2642 Transgrediamur]
1043 2591 1113 2630 De
1133 2601 1232 2642 snp-

354 2653 482 2706 plicio
506 2654 651 2696 Attilii
685 2656 855 2707 Reguli,
895 2661 939 2695 et
970 2654 1234 2694 crudelitate

354 2731 441 2772 qua
469 2720 534 2759 usi
565 2718 728 2760 fuerint
758 2720 801 2760 in
837 2729 934 2760 eum
966 2719 1234 2770 Carthagini·

354 2795 496 2835 enses,
513 2782 694 2822 diximus
709 2782 752 2822 in
769 2795 866 2834 cap.
883 2782 936 2822 de
950 2783 1132 2822 Servata
1153 2783 1235 2821 Re-

353 2846 530 2899 ligione.
584 2846 686 2887 Non
716 2846 848 2898 igitur
882 2844 1119 2897 repetenda
1149 2843 1234 2884 his·

355 2911 469 2952 toria
487 2915 568 2950 est.
601 2910 709 2950 Oliv.

411 2972 640 3027 Palpebris]
685 2970 962 3024 cooperantis
1015 2971 1234 3011 oculorum

357 3038 550 3079 resectis.

413 3100 634 3152 Machinae]
663 3099 750 3140 Alii
778 3099 859 3140 alio
891 3098 1042 3139 mortis
1079 3109 1236 3150 genere

359 3166 540 3219 periisse
585 3163 807 3206 referunt:
857 3162 1051 3214 sequitur
1097 3168 1237 3201 autem

359 3230 581 3270 Valerium
600 3226 865 3280 Augustinus
897 3225 951 3265 de
972 3225 1065 3265 Civ.
1086 3225 1168 3265 Dei
1203 3237 1240 3266 c.

362 3298 429 3334 15.
486 3293 558 3333 Ita
576 3291 687 3332 enim
706 3290 919 3344 loquitur:
951 3288 964 3310 ‘
984 3287 1045 3328 At
1062 3287 1123 3327 illi
1144 3300 1240 3327 eum

363 3357 618 3410 excogitatis
637 3361 767 3408 atque
792 3350 1012 3394 horrendis
1040 3351 1241 3391 cruciati-

364 3422 445 3461 bus
476 3423 760 3461 necaverunt.
814 3416 1034 3457 Inclusum
1079 3415 1240 3467 quippe

369 3492 551 3536 angusto
581 3483 709 3534 ligno,
735 3481 810 3522 ubi
850 3485 963 3520 stare
999 3483 1241 3530 cogeretur,

369 3548 582 3600 clavisque
615 3545 872 3593 acutissimis
898 3542 1080 3590 confixo,
1112 3547 1160 3583 ut
1194 3553 1240 3581 se

941 305 1116 343 NOTAE
1159 305 1482 348 VARIORUM
1528 311 1593 350 IN

1292 430 1333 469 in
1369 433 1527 472 nnllam
1563 433 1653 484 eJus
1688 439 1854 484 partem
1891 435 1981 474 sine
2027 437 2172 488 poenis

1292 495 1563 535 atrocissimis
1608 497 1846 549 inclinaret,
1890 499 2018 539 etiam
2062 501 2169 551 vigi·

1290 557 1416 597 lando
1435 559 1738 609 peremerunt!

1345 619 1492 659 Eadem
1510 620 1739 663 crudelitate
1756 624 1819 663 usi
1835 623 1878 664 in
1908 625 2052 665 milites
2078 639 2166 666 nos·

1289 686 1387 732 tros,
1415 683 1566 723 Martis
1579 686 1789 725 certamine
1805 687 1849 727 in
1871 700 1981 728 suam
1995 692 2165 740 potesta-

1289 750 1366 785 tem
1410 748 1597 798 redactos,
1644 749 1806 800 navibus
1857 751 2168 803 substraverunt]

1288 808 1359 848 Ita
1405 810 1542 860 vulgo.
1615 810 1665 850 In
1710 812 1952 864 campensi,
1989 814 2167 867 aliisque

1289 871 1456 922 melius,
1486 873 1633 912 Eadem
1660 873 1722 913 usi
1747 879 1839 915 sunt
1868 877 2098 918 crudelitate
2121 878 2165 918 in

1288 935 1432 975 milites
1448 940 1615 987 nostros,
1633 950 1726 988 qnos
1743 939 1938 978 maritimo
1955 941 2168 980 certamine

1289 998 1332 1038 in
1360 1003 1590 1050 potestatem
1608 1002 1808 1052 redactos,
1840 1003 1909 1052 85⁶.
1964 1003 2168 1044 Meminit

1292 1061 1430 1101 Varro
1463 1062 1514 1101 de
1534 1063 1637 1103 Vita
1673 1064 1785 1116 Pop.
1823 1064 1950 1105 Rom.
1986 1065 2061 1106 lib.
2100 1077 2164 1106 ιν.

1290 1126 1302 1147 ‘
1319 1126 1425 1166 Cum
1444 1126 1634 1175 Poenus,’
1650 1127 1804 1180 inquit,
1821 1127 1889 1168 ‘in
1909 1127 2068 1168 fretum
2089 1128 2165 1169 ob-

1291 1188 1400 1228 viam
1438 1189 1626 1230 venisset
1664 1190 1835 1242 nostris,
1878 1195 1925 1231 et
1962 1190 2165 1243 quosdam

1291 1253 1490 1304 cepisset,
1531 1253 1832 1306 ‘crudelissime
1887 1254 2166 1307 propalangis

1291 1315 1443 1355 carinis
1462 1315 1724 1367 subjecerat,
1753 1327 1837 1367 quo
1867 1321 1986 1356 metu
2014 1315 2167 1356 debili-

1290 1384 1406 1420 taret
1425 1378 1621 1420 nostros?
1674 1379 1792 1419 Citat
1810 1378 1941 1419 verba
1968 1378 2066 1420 haee
2077 1379 2169 1421 No-

1290 1442 1386 1482 nius
1434 1442 1667 1483 Marcellus
1710 1441 1755 1481 in
1801 1453 1908 1482 voce
1946 1441 2170 1495 Palangoe.

1294 1505 1414 1556 Pigh.
2148 1518 2149 1521 ’

1344 1572 1366 1623 §
1385 1573 1411 1610 2
1440 1571 1588 1610 Eorum
1605 1571 1689 1610 dux
1707 1568 1893 1620 Annibal,
1912 1568 2002 1622 ξω]
2021 1568 2168 1610 Livius

1291 1637 1434 1672 tamen
1453 1633 1564 1674 hunc
1584 1634 1724 1673 multis
1755 1632 1982 1673 virtutibus
2012 1633 2170 1685 praedi‘·

1291 1702 1380 1736 tum
1401 1696 1528 1748 dixit,
1555 1709 1659 1750 quas
1691 1695 1884 1748 ingentia
1915 1694 2019 1735 vitia
2051 1694 2169 1737 adae·

1292 1762 1496 1815 (mebant,
1523 1762 1751 1802 inhumana
1782 1760 2030 1812 erudelitas,
2069 1773 2170 1813 per-

1290 1824 1392 1865 fidia
1425 1826 1646 1878 plusquam
1684 1825 1866 1876 Punica,
1911 1824 2015 1864 nihil
2061 1825 2171 1875 veri,

1291 1888 1396 1928 nihil
1415 1889 1570 1940 sancti,
1582 1889 1720 1930 nullus
1735 1888 1819 1928 Dei
1834 1892 1988 1939 metim,
2006 1888 2170 1927 nullum

1287 1951 1603 2003 jusjurandum,
1633 1951 1747 1990 nulla
1765 1949 1926 2001 religio.
1979 1949 2080 1989 Fuit
2102 1961 2171 1989 er-

1294 2026 1348 2066 go
1367 2014 1680 2055 crudelissimus
1700 2013 1950 2064 imperator.
1981 2012 2089 2053 oliv.

1348 2078 1397 2117 In
1424 2077 1595 2129 flamine
1631 2076 1748 2128 Gelo]
1776 2075 1981 2127 Virgilius
2013 2074 2171 2115 Gelam

1294 2140 1545 2192 appellavit,
1562 2153 1586 2179 a
1605 2152 1688 2192 quo
1707 2138 1914 2190 oppidum
1929 2137 2170 2190 appositum

1293 2203 1637 2255 cognominatum
1658 2208 1750 2243 est:
1778 2202 1791 2224 ‘
1809 2200 2006 2254 Apparet
2021 2201 2174 2242 Came-

1263 2265 1388 2306 -rina
1416 2267 1580 2319 procul,
1609 2265 1835 2318 campique
1871 2265 2060 2314 Geloni3
2084 2263 2186 2304 Im-.

1295 2330 1513 2383 manisque
1559 2329 1685 2380 Gela,
1729 2327 1846 2368 fluvii
1902 2328 1957 2368 de
2000 2326 2174 2367 nomine

1296 2393 1439 2434 dicta?
1490 2394 1570 2433 Est
1614 2397 1757 2433 autem
1803 2391 1963 2432 Siciliae
2006 2388 2177 2442 fluvius,

1294 2457 1407 2498 inter
1455 2457 1723 2497 Camerinam
1782 2462 1827 2496 et
1873 2453 2172 2506 Agrigentum.

1299 2522 1446 2561 Oliver.
1513 2521 1565 2560 In
1599 2519 1769 2572 flamine
1812 2519 1911 2559 Gelo
1953 2517 2177 2570 corporibus

1295 2583 1485 2624 Romanis
1495 2587 1613 2636 ponte
1619 2582 1733 2632 facto
1748 2581 1960 2622 exercitum
1973 2578 2177 2630 traduxit]

1297 2647 1367 2688 lta
1399 2648 1539 2698 vulgo.
1597 2645 1863 2697 Campensis,
1890 2643 2177 2693 Cauchianns,

1297 2715 1342 2750 et
1363 2708 1680 2758 Atrebatensis,
1702 2709 1751 2747 In
1766 2707 1936 2759 flumine
1957 2706 2084 2757 Gella,
2112 2705 2177 2745 le-

1297 2779 1420 2824 gunt.
1453 2771 1539 2811 Alii
1554 2770 1813 2820 libri,Gallo.
1840 2768 2182 2816 Winchelianus,

1296 2837 1457 2887 Sigello.
1513 2835 1702 2874 Restitni
1732 2836 1885 2874 'verum
1920 2845 2076 2874 nomen
2119 2845 2175 2874 ex

1297 2902 1345 2941 L.
1376 2901 1523 2953 Floro,
1549 2899 1622 2951 qui
1666 2897 1816 2938 scribit
1853 2896 1930 2938 lib.
1968 2909 2022 2938 11.
2058 2909 2097 2938 e.
2135 2902 2177 2939 6.

1299 2969 1472 3017 pontem
1487 2976 1510 3003 e
1524 2961 1803 3003 cadaveribus
1813 2961 1936 3013 jussu
1952 2961 2178 3002 Annibalis

1299 3029 1463 3069 factum
1498 3027 1542 3067 in
1581 3031 1773 3065 torrente
1805 3025 2023 3076 Vergello.
2052 3024 2174 3074 Pigh.

1302 3092 1483 3134 Flumine
1506 3087 1707 3139 Vergello]
1736 3088 1807 3128 stc
1836 3099 1979 3127 omnes
2006 3091 2176 3127 veteres

1302 3157 1397 3196 libri
1418 3155 1523 3195 Eliae
1539 3152 1701 3193 Vineti.
1755 3150 2014 3190 Mitallerius
2033 3154 2178 3190 tamen

1302 3218 1527 3271 utrobique
1547 3215 1665 3268 legit,
1693 3215 1734 3254 in
1740 3213 1911 3266 flumine
1930 3211 2104 3264 Cerbalo,
2121 3224 2176 3253 ex

1303 3283 1460 3333 Plinio,
1505 3280 1575 3333 qui
1618 3277 1772 3319 fluvius
1821 3274 1989 3328 Apuliae
2044 3287 2180 3329 prope

1303 3347 1468 3387 Cannas
1487 3343 1583 3383 fuit.
1638 3341 1691 3380 In
1705 3340 1942 3381 petaviano
1962 3339 2181 3391 scribitur,

1305 3409 1437 3450 Galea.
1465 3407 1653 3447 Colerus.

1363 3474 1418 3513 Ut
1453 3483 1560 3522 aeque
1594 3467 1839 3509 terrestrium
1874 3463 2092 3516 scelestum]
2119 3465 2180 3505 Ut

1304 3538 1366 3578 ita
1380 3544 1539 3577 terram
1554 3539 1779 3575 terrestres
1796 3529 2052 3583 polluerent,
2066 3526 2182 3571 sicut
