2332 4036
525 320 785 362 vALEuu
827 319 1070 358 MAXIMI
1117 319 1232 356 mu.
1277 318 1315 354 1.
1357 315 1495 354 CAP.
1523 301 1574 352 1.

141 445 254 486 trudi
265 437 412 498 jussit,
429 439 498 482 ubi
524 439 764 494 pediculari
784 438 946 489 morht),
966 443 1015 477 ut

139 509 310 563 quidam
325 509 485 558 volunt,
500 512 600 547 ante
613 517 750 545 causae
766 503 1014 552 dictionem,

138 577 415 624 consumptus
435 575 518 611 est.
575 571 732 609 Verum
764 579 846 607 non
879 567 1016 607 minus

137 636 234 688 ipsa
251 647 295 675 se
314 636 423 685 Dea,
445 645 570 686 qnam
599 632 691 683 ejus
719 641 875 670 numen
894 641 1016 668 sena-

138 705 208 739 tus
227 698 477 738 vindicavit.
533 697 712 736 Constat
743 695 872 744 enim,
901 698 1015 733 teste

138 761 230 802 Liv.
249 761 327 802 lib.
355 771 458 801 xxx.
493 759 670 800 secundi
701 757 856 798 Punici
885 757 1015 807 Belli,

137 828 237 876 post
255 824 543 876 direptionem
557 835 689 867 sacrae
710 821 905 874 pecuniae
922 825 1015 861 tau-

137 893 228 928 tum
245 887 438 928 omnibus
458 886 682 937 sacrilegio
710 884 922 925 contactis
949 884 1014 924 in·

129 950 299 1003 jectum
334 960 429 991 esse
460 948 630 1000 furoris,
666 953 716 988 ut
746 947 928 987 numinis
955 946 1015 986 in·

137 1014 299 1054 stinctu
328 1024 474 1054 omnes
506 1012 622 1052 inter
652 1023 715 1062 se,
735 1011 839 1050 Dux
858 1010 901 1050 iu
919 1011 1013 1050 Du·

137 1089 248 1128 cem,
269 1077 388 1117 miles
408 1077 450 1116 in
469 1076 647 1117 militem
667 1074 809 1115 hostili
829 1073 1013 1127 quadam

135 1139 256 1180 rabie
270 1144 652 1188 converterentur3
672 1150 770 1177 nam
789 1142 913 1190 rapto
938 1150 1013 1189 po-

137 1204 237 1244 culo
252 1207 459 1255 argenteo
490 1214 543 1242 ex
568 1200 772 1254 oppidani
790 1199 1014 1252 cujusdam

136 1267 278 1317 domo,
294 1267 528 1319 pernitiosa
557 1266 706 1306 statim
737 1270 832 1306 orta
861 1269 929 1304 est
949 1276 1015 1304 se-

136 1331 244 1372 ditio
261 1330 375 1371 inter
395 1329 652 1370 Pleminium
671 1333 715 1369 et
732 1328 1014 1368 Tribuuorum

135 1395 310 1445 milites,
324 1393 397 1434 ubi
413 1405 593 1434 accensa
609 1404 767 1444 pugna,
784 1391 1016 1431 vulneratis

136 1458 344 1510 caesisque
378 1456 607 1504 nonnullis,
651 1466 748 1495 cum
780 1453 1016 1494 Pleminius

135 1521 190 1561 de
207 1519 426 1572 Tribunis,
445 1525 649 1571 tauquam
678 1516 899 1557 seditionis
919 1529 1015 1557 auc-

134 1585 314 1636 toribus,
350 1589 524 1636 pararet
557 1593 725 1622 sumere
747 1581 1017 1632 supplicium,

133 1646 303 1687 illorum
340 1645 498 1685 milites
533 1656 589 1684 ex
632 1644 798 1684 recenti
836 1643 1017 1683 victoria

132 1709 364 1750 ferociores
382 1708 506 1760 facti,
523 1720 576 1748 ex
598 1707 796 1748 omuibus
825 1707 931 1747 locis
960 1707 1013 1747 ad

134 1785 261 1826 opem
277 1772 497 1813 ferendam
516 1775 778 1812 concurrunt
794 1783 806 1821 ;
825 1770 899 1823 qui
919 1783 1014 1810 cum

131 1836 295 1877 violata
339 1835 466 1888 virgis
520 1836 788 1875 tribunorum
833 1847 1017 1886 corpora

131 1898 357 1951 vidissent,
399 1899 443 1938 in
489 1899 626 1938 multo
667 1898 1014 1950 impotentiorem

133 1962 240 2002 iram
260 1962 443 2014 accensi,
473 1958 568 2002 sine
599 1966 803 2014 respectu
821 1973 905 2001 non
925 1974 1013 2001 ma-

124 2024 299 2077 jestatis
313 2024 453 2077 modo,
473 2025 549 2065 sed
569 2025 699 2064 etiam
720 2024 1013 2073 humanitatis,

133 2088 176 2127 in
207 2088 414 2139 legatum,
447 2088 638 2128 multatis
669 2089 910 2141 lictoribus,
935 2090 1011 2128 im-

134 2155 283 2203 petum
301 2150 483 2201 faciunt,
501 2151 724 2204 ipsumque
741 2164 764 2191 a
781 2151 866 2192 suis
882 2152 1014 2192 inter-

135 2219 310 2265 ceptum
329 2218 373 2254 et
393 2214 604 2254 seclusum
623 2214 838 2254 hostiliter
853 2215 1012 2255 lacera-

133 2281 251 2327 runt,
281 2280 326 2316 et
355 2287 492 2329 prope
521 2288 760 2328 exanguem
780 2289 881 2317 naso
901 2278 1014 2317 auri·

134 2339 296 2393 busque
313 2339 517 2380 mutilatis
537 2341 792 2391 relinquunt.
849 2342 1014 2383 Quibus

133 2405 260 2445 rebus
277 2404 331 2444 ad
349 2405 593 2456 Scipionem
620 2404 792 2456 delatis,
819 2406 891 2458 qui
911 2410 1013 2445 tunc

134 2471 228 2508 erat
246 2467 481 2518 Messanae,
511 2471 609 2518 post
633 2479 791 2519 paucos
821 2465 914 2508 dies
934 2469 1014 2508 Lo-

133 2542 228 2572 cros
245 2542 341 2571 cum
368 2530 564 2570 exercitu
597 2531 732 2582 venit,
764 2536 811 2570 et
839 2531 1014 2582 cognita

133 2605 280 2645 causa,
299 2593 478 2634 tribunis
508 2593 699 2633 sontibus
712 2593 936 2646 judicatis,
965 2599 1014 2634 et

131 2656 176 2696 iu
207 2656 378 2698 vincula
413 2657 639 2709 conjectis,
667 2661 716 2696 ut
748 2657 928 2697 Romam
956 2657 1012 2697 ad

131 2719 336 2762 Senatum
362 2720 654 2771 mitterentur,
684 2720 928 2760 Messanam
947 2731 1011 2759 re-

134 2781 231 2824 diit.
299 2783 533 2823 Pleminius
562 2783 778 2834 impotens
807 2783 900 2834 irae,
932 2783 1011 2823 tri-

134 2847 270 2888 bunos
298 2847 351 2888 ad
381 2859 426 2888 se
446 2847 600 2888 attrahi
616 2848 763 2900 jussit,
780 2850 1012 2889 laceratos-

133 2922 218 2963 que
259 2910 455 2952 omuibus
501 2911 736 2964 suppliciis,
783 2925 878 2964 quae
921 2913 1014 2964 pati

134 2983 289 3025 corpus
308 2974 438 3014 ullum
474 2976 625 3027 possit,
649 2974 899 3026 interfecit;
928 2989 1010 3017 nec

134 3037 311 3077 satiatus
356 3039 547 3078 vivorum
588 3051 730 3091 poena,
775 3040 1011 3092 insepultos

134 3101 329 3154 projecit.
382 3102 521 3144 Simili
560 3104 819 3145 crudelitate
851 3105 894 3144 iu
928 3107 1010 3146 Lo·

133 3165 344 3205 creusium
364 3167 581 3218 principes
609 3173 675 3207 est
696 3180 811 3219 usus,
832 3181 937 3221 quos
956 3170 1011 3210 ad

132 3227 454 3280 conquerendas
485 3229 660 3281 injurias
692 3229 747 3269 ad
774 3231 828 3270 P.
849 3232 1012 3283 Scipio-

133 3299 230 3328 nem
247 3288 466 3340 profectos
495 3291 674 3333 audivit.
729 3293 859 3334 Hunc
879 3294 1011 3347 igitur

134 3352 297 3392 catenis
317 3353 506 3394 vinctum
532 3355 710 3395 Romam
743 3361 929 3398 tractum
948 3357 1011 3398 fu·

132 3412 218 3454 isse
237 3413 397 3467 ferunt,
413 3421 458 3457 et
476 3416 519 3456 in
537 3429 754 3459 carcerem
772 3421 1009 3475 conditum,

134 3482 181 3516 et
211 3483 310 3518 ante
342 3479 573 3521 dictionem
610 3494 750 3523 causae
780 3491 1009 3527 mortuum.

137 3540 309 3583 Clodius
347 3549 488 3587 tamen
521 3546 707 3588 Licinius
738 3548 898 3590 Rerum
926 3551 1010 3591 Ro-

1852 301 1959 355 931,

1080 448 1300 477 manarum
1320 434 1398 476 lib.
1435 445 1509 474 111.
1541 431 1675 474 refert
1707 433 1820 472 hunc
1852 432 1962 472 ludis

1080 499 1254 548 votivis,
1274 511 1380 551 quos
1414 499 1560 538 Romae
1592 496 1862 549 Aphricanus
1881 497 1960 536 ite-

1080 575 1170 603 rum
1208 563 1368 603 Consul
1404 561 1610 611 faciebat,
1647 565 1848 602 conatum
1884 571 1964 611 per

1080 626 1301 679 quosdam,
1349 638 1455 679 quos
1503 625 1644 678 pretio
1691 628 1973 676 corruperat,

1079 689 1243 742 aliquot
1291 690 1396 729 locis
1444 689 1595 730 urbem
1632 687 1879 738 incendere,
1914 692 1964 726 ut

1077 751 1302 805 frangendi
1332 765 1552 793 carcerem
1581 751 1861 804 fugiendique
1889 751 1963 790 ha-

1078 816 1205 856 beret
1223 815 1508 857 occasionem.
1561 813 1791 856 Patefacto
1805 813 1965 854 deinde

1078 880 1260 929 scelere,
1290 879 1534 930 delegatum
1565 879 1608 919 in
1638 879 1883 919 Tullianum
1911 890 1967 917 ex

1077 943 1474 992 senatusconsulto,
1533 942 1680 995 ibique
1737 942 1963 982 teterrimo

1077 1007 1224 1046 mortis
1243 1018 1401 1058 genere
1418 1011 1730 1057 consumptum.
1760 1006 1910 1046 Oliver.

1133 1070 1348 1110 Teterrimo
1379 1082 1524 1120 genere
1558 1070 1684 1109 morbi
1719 1074 1966 1122 consumptus

1077 1133 1155 1184 est]
1201 1132 1339 1185 Alias,
1382 1145 1526 1184 genere
1560 1133 1715 1174 mortis.
1753 1134 1846 1174 Liv.
1890 1133 1964 1173 lib.

1079 1208 1244 1238 xxxvl.
1265 1197 1307 1237 in
1337 1197 1577 1238 Tullianum
1611 1209 1684 1237 seu
1717 1195 1963 1238 inferiorem

1079 1268 1232 1314 postea
1251 1273 1468 1302 carcerem
1488 1260 1720 1301 demissum
1740 1265 1872 1313 atque
1890 1271 1965 1299 ne-

1080 1330 1227 1365 catum
1248 1324 1414 1376 scribit,
1441 1335 1536 1365 cum
1568 1323 1623 1363 de
1654 1323 1761 1364 urbe
1778 1333 1858 1376 per
1873 1334 1966 1363 sce-

1079 1389 1242 1428 leratos
1262 1388 1449 1428 homines
1467 1387 1738 1428 incendenda
1763 1387 1965 1428 habuisse

1080 1453 1258 1493 coucilia
1292 1458 1541 1505 compertus
1567 1458 1697 1495 esset.
1750 1452 1835 1493 Sed
1871 1452 1965 1493 haec

1080 1516 1226 1556 Livius
1262 1528 1317 1557 ex
1339 1516 1478 1556 Clodii
1498 1517 1651 1558 Licinii
1683 1518 1842 1557 Rerum
1876 1517 1963 1557 Ro-

1079 1591 1192 1619 man.
1208 1579 1354 1621 liban.
1364 1579 1519 1631 refert;
1535 1580 1607 1620 alii
1618 1585 1834 1620 mortuum
1846 1579 1964 1631 prius

1079 1643 1123 1682 in
1152 1643 1348 1694 vinculis,
1380 1656 1505 1696 quam
1540 1643 1595 1683 de
1632 1656 1684 1684 eo
1722 1643 1869 1696 populi
1898 1643 1967 1695 ju·

1078 1706 1238 1747 dicium
1259 1706 1557 1759 perficeretur,
1575 1707 1741 1748 volunt.
1774 1706 1957 1757 Pighius.

1133 1771 1251 1811 Ex'r.
1285 1772 1308 1822 ξ
1343 1774 1365 1810 1
1399 1771 1514 1816 Quod
1546 1770 1703 1822 quidem
1730 1771 1782 1809 ad
1814 1769 1967 1810 Plemi-

1077 1835 1153 1886 m'i,
1189 1835 1274 1887 mu]
1304 1836 1494 1888 Pyrrhus
1532 1848 1631 1877 cum
1666 1847 1690 1875 e
1724 1835 1874 1875 Sicilia
1902 1846 1969 1874 re-

1078 1899 1218 1951 diens,
1231 1900 1392 1939 Locros
1406 1900 1542 1939 classe
1556 1899 1966 1952 praeterveheretur,

1077 1962 1191 2002 inter
1228 1962 1313 2002 alia
1347 1961 1479 2014 foeda,
1517 1974 1613 2015 quae
1647 1963 1691 2002 in
1729 1963 1965 2003 Locrenses

1078 2025 1270 2066 facinora
1315 2025 1471 2077 edidit,
1517 2027 1738 2067 thesauros
1791 2037 1964 2079 quoqne

1078 2089 1357 2142 Proserpinae
1394 2091 1582 2131 intactos
1622 2090 1676 2131 ad
1715 2103 1808 2131 eam
1850 2089 1964 2130 diem

1078 2154 1296 2206 spoliavit,
1316 2159 1446 2207 atque
1475 2154 1538 2194 ita
1567 2154 1750 2206 pecunia
1770 2154 1814 2193 in
1833 2164 1964 2193 naves

1077 2216 1278 2268 imposita
1322 2217 1414 2269 ipse
1458 2222 1576 2257 terra
1620 2223 1686 2257 est
1724 2215 1963 2269 profectus.

1077 2279 1235 2319 Classis
1272 2286 1445 2331 postero
1478 2280 1549 2319 die
1587 2279 1824 2320 foedissima
1858 2284 1964 2319 tem-

1077 2347 1250 2392 pestate
1264 2343 1454 2382 lacerata
1465 2341 1801 2394 fuit‚omnesque
1816 2353 1965 2392 naves,

1079 2415 1173 2454 quae
1195 2416 1359 2445 sacram
1381 2405 1607 2457 pecuniam
1631 2405 1889 2455 habuerant,
1919 2406 1963 2444 iu

1077 2466 1226 2506 littora
1258 2467 1490 2508 Locrensia
1526 2474 1730 2508 revectae.
1759 2468 1854 2508 Liv.
1884 2468 1961 2509 lib.

1079 2542 1214 2571 xxxx.
1260 2532 1333 2571 ubi
1380 2532 1432 2572 de
1479 2533 1692 2572 Pleminio
1740 2532 1959 2585 loquitur:

1076 2594 1088 2616 ‘
1103 2594 1213 2634 Nam
1233 2594 1447 2646 avaritia,'
1467 2596 1621 2649 inquit,
1640 2597 1653 2619 ‘
1671 2609 1724 2636 ne
1744 2608 1962 2636 sacrorum

1077 2657 1251 2710 quidem
1266 2659 1522 2710 spoliatione
1537 2659 1761 2711 abstinuit,
1776 2671 1858 2700 nec
1878 2660 1962 2700 alio

1076 2721 1203 2761 modo
1223 2723 1388 2774 templa
1406 2723 1580 2775 violata,
1597 2723 1673 2763 sed
1690 2723 1962 2775 Proserpinae

1077 2784 1207 2824 etiam
1244 2785 1398 2825 intacti
1435 2787 1551 2825 omni
1588 2792 1720 2827 aetate
1758 2787 1961 2836 thesauri,

1076 2853 1365 2901 praeterquam
1385 2862 1478 2902 quae
1501 2862 1525 2889 a
1544 2850 1726 2903 Pyrrho,
1758 2851 1831 2903 qui
1864 2863 1962 2891 cum

1076 2925 1230 2965 magno
1247 2913 1417 2965 piaculo
1433 2914 1648 2966 sacrilegii
1661 2914 1726 2954 sui
1741 2915 1961 2955 manubias

1077 2977 1243 3027 retulit,
1279 2977 1454 3028 spoliati
1489 2976 1776 3018 dicebantur!
1844 2978 1960 3030 Ergo

1076 3040 1138 3080 sic
1169 3046 1270 3080 ante
1303 3040 1437 3092 regiae
1471 3052 1601 3081 naves
1630 3043 1835 3086 laceratae
1854 3053 1962 3081 nau-

1075 3102 1242 3156 fragiis,
1260 3103 1364 3144 nihil
1384 3104 1428 3144 in
1448 3109 1606 3145 terram
1639 3106 1816 3158 integri,
1848 3118 1959 3157 prae·

1077 3171 1143 3206 ter
1184 3178 1349 3206 sacram
1395 3169 1620 3219 pecuniam
1659 3171 1787 3219 Deae,
1832 3181 1959 3222 quam

1077 3231 1375 3283 asportabant,
1403 3232 1665 3287 extulerant.
1719 3233 1826 3271 Tum
1855 3244 1960 3284 quo·

1076 3306 1160 3346 que
1199 3294 1281 3333 alio
1318 3306 1479 3345 genere
1517 3295 1651 3335 cladis
1688 3295 1839 3335 eadem
1885 3296 1958 3336 illa

1078 3360 1261 3411 pecunia
1297 3360 1491 3401 omnibus
1535 3361 1764 3412 contactis,
1802 3362 1856 3402 ad
1892 3364 1957 3403 ul-

1075 3425 1232 3464 tionem
1261 3425 1412 3477 templi
1444 3425 1634 3466 furorem
1662 3425 1845 3479 adJecit:
1876 3428 1956 3469 hac

1074 3488 1207 3541 igitur
1226 3493 1348 3529 tanta
1377 3494 1636 3541 tempestate
1664 3497 1710 3530 et
1737 3491 1860 3531 clade
1888 3504 1956 3532 su-

1075 3552 1353 3606 perbissimus
1384 3565 1460 3593 rex
1493 3553 1672 3595 edoctus
1695 3554 1814 3595 Deos
1842 3567 1953 3606 esse,
