2288 3990
322 238 464 292 1084

321 370 426 410 litiae
462 375 643 424 accepta
671 378 923 413 enumerata
952 386 1067 426 saepe
1087 375 1206 416 vide·

322 445 429 473 mus.
485 436 787 487 Fragmentum
817 438 937 477 unius
960 439 1206 491 inscriptio-

322 496 387 534 nis
402 498 721 549 proponendum
738 501 883 551 putavi
903 514 914 540 :
944 502 1109 544 Dorus.
1126 515 1206 544 Do-

323 570 459 599 NA'ro.
498 571 571 600 ΑΒ.
610 563 753 602 D1vo.
800 559 1032 605 TnAJAivo.
1086 566 1204 607 Ave.

321 622 606 664 Tonovmns.
670 624 914 667 Anmms.
972 628 1205 670 Pmmms

323 686 489 725 Remo.
510 687 768 728 PAR'rmco.
824 689 891 729 De
906 690 1206 732 distributione

322 748 472 788 horum
506 749 711 789 donorum
743 752 948 792 memoria
977 755 1205 807 quoquein

322 813 529 852 nummis:
557 825 662 852 unus
697 813 807 866 Imp.
835 817 945 856 Caes.
973 818 1079 858 Ner.
1103 819 1207 859 Tra·

315 873 410 924 jani
432 874 580 925 optimi
608 883 805 927 repertus
836 884 916 918 est.
970 880 1084 920 Item
1112 882 1206 922 has·

322 940 401 975 tas.
455 938 594 977 Testis
615 939 846 991 Pompeius
867 943 1022 982 Festus
1043 944 1084 983 in
1102 957 1205 985 voce

324 997 483 1049 Hasta,
500 1007 544 1040 et
565 1001 607 1040 in
641 1001 916 1053 optionatus.
972 1006 1083 1046 Item
1107 1020 1206 1046 vex-

320 1060 410 1101 illa.
466 1063 607 1102 Divus
644 1064 911 1105 Octavianus
948 1068 1012 1107 M.
1051 1069 1207 1121 Agrip·

323 1137 420 1175 pam
441 1125 482 1164 in
498 1126 650 1166 Cilicia
664 1135 759 1178 post
775 1130 966 1169 navalem
984 1131 1205 1171 victoriam

324 1191 515 1229 coernleo
534 1190 688 1230 vexillo
702 1192 894 1242 donavit,
908 1194 1112 1233 Suetonio
1126 1201 1208 1234 tes-

322 1257 381 1292 te.
440 1254 599 1293 Eadem
634 1255 687 1294 de
716 1267 762 1294 re
793 1256 923 1295 etiam
948 1257 1114 1307 lapides
1136 1271 1204 1298 ve-

322 1321 433 1353 teres
448 1316 758 1371 meminerunt:
792 1319 1007 1358 DONATO.
1023 1319 1205 1360 HAsus.

322 1378 479 1418 Pvms.
518 1392 559 1419 v.
595 1381 826 1420 VEx1L1.1s.
856 1393 956 1420 vm.
989 1383 1207 1424 Cononis.

322 1442 613 1483 MvRAquS.
633 1455 682 1482 11.
699 1443 1005 1486 VALLARmvS.
1027 1457 1080 1485 11.
1096 1447 1206 1486 Item

322 1506 575 1546 corniculus.
635 1507 781 1547 Livius
799 1508 873 1549 lib.
895 1520 941 1549 x.
969 1511 980 1530 ‘
1002 1509 1210 1561 Equites:

322 1569 475 1622 inquit,
494 1570 506 1591 ‘
522 1583 666 1610 omnes
683 1571 738 1610 ob
759 1571 967 1623 insignem
988 1573 1132 1612 multis
1148 1575 1210 1613 lo·

322 1633 384 1671 cis
406 1644 578 1684 operam
598 1634 843 1686 corniculis,
860 1635 1123 1688 armillisque
1144 1649 1206 1676 ar·

323 1697 491 1747 genteis
525 1698 687 1739 donat!
741 1698 853 1738 Item
882 1706 1039 1740 vestes.
1097 1701 1208 1740 Livi-

325 1771 399 1799 us:
441 1762 453 1783 ‘
480 1762 595 1801 Data
627 1774 680 1801 ex
701 1763 852 1814 praeda
885 1763 1092 1803 militibus
1113 1765 1208 1804 aeris

322 1826 525 1876 octogeni
571 1826 674 1876 bini,
714 1839 902 1880 sagaque
944 1833 992 1867 et
1035 1830 1209 1880 tunicae,

322 1889 503 1938 praemia
522 1889 595 1928 illa
620 1896 883 1942 tempestate
902 1891 1066 1931 militiae
1096 1891 1207 1932 haud

323 1962 530 2002 quaquam
552 1951 823 2004 spernenda.'
881 1953 1135 1995 stewechius.

379 2015 547 2065 Torques
578 2015 829 2066 chxx111.]
877 2015 1097 2056 Delendus
1134 2029 1209 2056 nu-

322 2089 464 2118 merus
480 2079 765 2119 centenarius.
799 2079 870 2118 Sic
890 2079 1000 2118 enim
1018 2079 1209 2131 Agellius

324 2146 370 2180 et
390 2141 556 2193 reliqui.
615 2142 788 2182 coleras.

375 2205 576 2256 Armillae]
605 2206 869 2245 Ornameuta
885 2206 1171 2257 brachiorum,
1187 2219 1211 2246 a

323 2268 519 2318 tegendis
549 2269 690 2318 armis,
715 2268 766 2307 -id
800 2275 884 2319 est,
919 2270 1209 2320 superioribus

323 2329 594 2370 brachiorum
618 2331 828 2383 partibus.
875 2332 1026 2372 Oliver.
1062 2333 1210 2372 Armil-

324 2394 372 2432 1ae
402 2394 523 2446 ch.]
550 2393 770 2446 Agellius:
801 2394 983 2434 Armillis
1009 2397 1099 2446 plus
1124 2409 1211 2436 cen·

322 2460 408 2495 tum
422 2457 644 2506 sexaginta.
677 2457 811 2496 Porro
831 2469 884 2496 ex
906 2457 1101 2497 Varrone
1122 2458 1212 2498 haec

321 2526 565 2570 sumpserat
586 2519 800 2570 Valerius,
818 2532 943 2572 quem
965 2524 1010 2559 et
1030 2521 1212 2572 Fulgen-

325 2580 411 2620 tius
450 2582 700 2634 compilavit
732 2582 774 2622 in
809 2582 954 2622 libello
982 2583 1034 2622 de
1073 2584 1212 2634 prisco

327 2655 539 2684 sermone.
610 2644 757 2685 Verba
794 2646 887 2696 ejus
925 2645 1211 2687 subscribam:

324 2709 337 2731 ⁴
359 2708 422 2748 At
442 2709 552 2760 apud
576 2711 784 2749 Romanos
806 2711 946 2750 Varro
975 2710 1126 2751 scribit
1149 2711 1213 2751 Si-

324 2773 480 2813 cinium
517 2775 753 2814 Dentatum
792 2776 956 2815 centies
998 2781 1042 2814 et
1078 2775 1211 2814 vicies

326 2848 543 2888 pugnasse
578 2837 783 2889 singulari
821 2838 1071 2889 certamine,
1110 2839 1214 2878 rica-

329 2900 458 2939 trices
479 2900 678 2939 habuisse
713 2900 916 2939 adversas
935 2901 1214 2953 quadraginta

326 2962 531 3015 quinque,
566 2968 664 3013 post
698 2967 867 3010 tergum
900 2965 1073 3014 nullam,
1095 2976 1214 3004 coro-

326 3038 403 3065 nas
432 3027 655 3077 accepisse
677 3036 806 3065 xxvr.
826 3027 1013 3064 armillas
1045 3037 1148 3066 cxi..
1170 3034 1215 3067 et

326 3089 454 3129 istum
475 3089 658 3140 primum
679 3100 842 3128 sacrum
870 3087 1027 3127 fecisse
1047 3086 1215 3130 Marti.’

327 3152 563 3193 Mendosus
601 3151 732 3191 locus.
786 3150 928 3202 Lege:
977 3152 989 3174 ‘
1031 3152 1215 3191 armillas

328 3215 445 3255 cmx?
481 3217 549 3257 De
568 3215 649 3255 hoc
663 3214 825 3255 Sicinio
845 3219 989 3254 exstat
1010 3214 1215 3255 breviari-

329 3291 400 3318 um
421 3279 462 3318 in
483 3277 828 3331 Antiquitatibus
850 3277 1047 3317 Fabritii.
1106 3277 1215 3317 Cole-

331 3354 415 3381 rus.

387 3404 498 3444 ExT.
532 3406 554 3455 ξ
594 3407 615 3443 l
660 3404 735 3443 Ille
769 3402 930 3455 quoque]
991 3402 1218 3453 Campani,

333 3470 380 3509 ut
407 3477 536 3520 supra
569 3465 768 3519 diximus,
798 3478 892 3508 cum
921 3465 975 3506 ad
995 3465 1211 3508 Hanniba·

900 258 1074 296 NOTAE
1119 259 1451 301 VAR10RUM
1496 263 1559 303 ΙΝ

1268 379 1351 418 lem
1384 379 1657 430 defecissent,
1685 385 1730 421 et
1767 382 1946 422 Romani
1985 382 2143 424 deinde

1268 442 1487 483 civitatem
1534 444 1719 495 illorum,
1748 451 2022 498 torpescente
2055 447 2144 498 jam

1269 505 1525 546 Hannibalis
1558 506 1745 559 fortuna,
1782 509 1822 548 in
1853 521 1968 548 suam
2002 516 2146 560 potes-

1269 573 1402 607 tatem
1440 570 1723 622 redegissent,
1752 571 1927 611 Fulvius
1964 572 2146 611 Flaccus

1269 630 1440 682 Consul,
1455 633 1680 683 asperioris
1700 634 1860 683 ingenii
1878 635 2019 685 homo,
2033 636 2147 686 prin-

1267 691 1385 743 cipes
1419 694 1623 745 civitatis,
1643 696 1714 747 qui
1745 695 2000 737 defectionis
2028 703 2150 738 auto·

1268 766 1336 794 res
1355 756 1608 806 extiterant,
1629 758 1755 797 Cales
1776 765 1819 798 et
1837 761 2051 800 Tlieanum
2071 761 2148 802 du·

1268 818 1426 857 cendos
1446 821 1625 868 curavit,
1647 827 1694 860 ut
1712 821 1766 860 de
1786 822 1867 861 illis
1888 823 2147 874 supplicium

1268 887 1455 922 sumeret
1474 888 1625 922 contra
1657 884 1836 935 collegae
1869 884 1933 924 sui
1954 886 2147 927 volunta-

1269 947 1371 994 tem,
1395 946 1464 996 qni
1486 957 1571 985 rem
1591 952 1754 986 tantam
1783 947 1838 987 ad
1861 948 2063 988 Senatum
2083 961 2151 988 re·

1261 1007 1494 1056 jiciendam
1512 1021 1603 1048 esse
1621 1010 1837 1050 censebat.
1893 1011 1972 1051 Ille
1988 1011 2150 1051 veritus
2179 1040 2182 1043 -

1267 1068 1458 1110 futurum
1476 1072 1587 1124 quod
1609 1074 1768 1121 evenit,
1787 1079 1836 1114 ut
1852 1085 1875 1113 a
1895 1075 2063 1126 collega
2081 1087 2150 1114 su·

1269 1145 1347 1184 per
1364 1134 1444 1174 hac
1466 1147 1510 1173 re
1530 1136 1667 1175 literae
1698 1135 1752 1176 ad
1784 1138 1988 1178 Senatum
2006 1137 2152 1178 mitte·

1268 1203 1432 1246 rentur,
1450 1196 1578 1248 idque
1609 1197 1703 1238 fore
1724 1212 1748 1238 a
1765 1200 1845 1240 sibi
1874 1201 2151 1252 impedimen·

1269 1263 1376 1308 tum,
1408 1272 1490 1311 quo
1522 1261 1658 1300 minus
1688 1273 1804 1302 suam
1834 1263 1878 1302 in
1909 1264 2150 1315 Campanos

1269 1321 1530 1361 voluntatem
1549 1323 1762 1375 expleret,
1781 1326 1992 1375 praeveuit
2011 1326 2151 1377 ipsum

1269 1384 1492 1424 celeritate
1532 1397 1621 1425 sua.
1681 1387 1791 1426 Nam
1823 1399 1918 1427 cum
1954 1388 2152 1440 equitatu

1270 1446 1491 1498 profectus
1523 1453 1652 1488 nocte
1686 1454 1755 1488 est
1784 1451 2015 1503 Tlieanum,
2033 1455 2078 1491 et
2097 1451 2153 1492 de

1271 1510 1520 1562 Campanis,
1532 1511 1603 1564 qui
1617 1511 1705 1552 illic
1718 1511 2003 1560 habebantur,
2016 1526 2159 1565 sump-

1271 1579 1315 1611 to
1336 1574 1564 1625 supplicio,
1593 1581 1795 1626 properat
1814 1574 1939 1615 Cales
1965 1575 2155 1627 proficis·

1271 1638 1327 1687 ci,
1349 1642 1392 1675 et
1413 1649 1507 1676 cum
1522 1636 1613 1688 jam
1636 1637 1833 1689 producti
1855 1645 2001 1679 essent
2030 1639 2153 1679 eam-

1270 1702 1386 1751 pani,
1407 1705 1455 1739 ut
1488 1701 1632 1752 capite
1662 1702 1985 1752 mulctarentur,
2012 1702 2152 1742 literae

1270 1768 1610 1813 supervenerunt
1630 1776 1655 1803 a
1672 1765 1844 1813 Senatu,
1860 1764 2012 1816 quibus
2026 1763 2154 1804 finem

1271 1827 1494 1877 exigendae
1530 1840 1666 1879 poenae.
1687 1827 1740 1867 de
1762 1828 1990 1880 Campanis
2018 1833 2155 1869 statu-

1272 1900 1346 1928 ere
1385 1890 1652 1941 cogebatur:
1683 1903 1787 1943 quas
1823 1897 2040 1943 acceptas,
2074 1902 2156 1930 nec

1272 1951 1498 2002 resolutas,
1515 1964 1608 1991 cum
1639 1952 1681 1992 in
1700 1952 1863 2004 gremio
1883 1952 2159 2005 reposuisset,

1271 2015 1461 2065 praeconi
1494 2014 1735 2066 imperavit,
1757 2020 1803 2054 ut
1837 2015 2031 2054 lictorem
2062 2015 2157 2066 lege

1273 2089 1402 2129 agere
1432 2077 1610 2129 juberet
1628 2092 1638 2118 :
1680 2078 1793 2130 quod
1832 2090 1929 2118 cum
1963 2077 2156 2128 fecisset,

1273 2152 1324 2179 ea
1344 2153 1436 2192 quae
1455 2141 1508 2179 de
1525 2140 1714 2181 Jubellio
1737 2141 1778 2179 in
1795 2141 1922 2181 litera
1935 2140 2159 2181 continen-

1273 2210 1357 2252 tur,
1378 2209 1473 2243 acta
1492 2210 1605 2243 sunt.
1665 2204 1815 2245 Olicer.

1326 2265 1376 2304 ln
1394 2265 1530 2317 unum]
1563 2265 1614 2305 In
1643 2278 1773 2305 unum
1807 2266 2048 2317 permixtus
2075 2271 2159 2319 est,

1274 2328 1371 2380 quia
1390 2341 1522 2368 uxore
1553 2335 1598 2369 et
1616 2329 1765 2369 liberis
1785 2331 2071 2383 interemptis,
2089 2343 2160 2371 su-

1276 2403 1354 2442 per
1373 2391 1453 2431 hoc
1474 2392 1642 2443 pectori
1662 2392 1850 2444 gladium
1871 2392 2069 2446 infigens,
2085 2406 2158 2434 ex-

1275 2455 1420 2506 pirans
1446 2455 1623 2495 corruit.
1679 2457 1738 2495 Et
1758 2456 1818 2495 ita
1837 2456 2068 2497 multorum
2088 2468 2160 2497 ca-

1275 2516 1478 2556 daverum
1497 2529 1623 2558 cruor
1643 2517 1684 2558 in
1704 2530 1836 2558 unum
1853 2518 2057 2560 confusus
2077 2526 2160 2561 est.

1279 2579 1431 2619 Oliver.
2115 2628 2120 2634 ,

1334 2641 1511 2693 Calibus]
1539 2641 1594 2681 In
1613 2653 1663 2682 eo
1679 2643 1838 2694 oppido
1859 2644 2122 2696 Campaniae.
2190 2697 2194 2700 η

1330 2706 1502 2757 Propter
1523 2706 1763 2757 Campanam
1782 2706 2008 2759 perfidiam]
2048 2707 2162 2749 Quia

1279 2769 1486 2820 Campani
1506 2768 1559 2808 ad
1582 2768 1868 2808 Hannibalem
1887 2768 2150 2810 defecerant.

1336 2831 1510 2882 Capituli
1531 2832 1718 2882 supplicio
1745 2831 1982 2883 adficiendus
2002 2832 2162 2882 ,iudiea-

1277 2895 1357 2946 ret]
1385 2894 1493 2945 Imo,
1515 2906 1609 2933 cum
1631 2893 1673 2933 id
1695 2895 1959 2947 evenit,jam
1978 2896 2162 2937 maxime

1280 2955 1489 3007 supplicio
1521 2968 1593 2995 eos
1630 2955 1878 2998 adficiebat.
1933 2958 2053 2999 Bene
2085 2959 2164 3011 igi-

1280 3025 1366 3069 tur,
1386 3019 1598 3073 adficiendo
1617 3021 1846 3062 vindicaret.
1900 3023 2083 3075 Lipsius.

1334 3083 1555 3134 Sagittam]
1587 3085 1768 3135 Notare,
1801 3091 1851 3126 ut
1885 3098 1965 3138 per
1999 3086 2163 3127 caedem

1280 3159 1394 3186 suam
1415 3159 1465 3187 ac
1481 3147 1728 3197 liberorum,
1741 3153 1786 3187 et
1799 3148 1894 3200 conj
1902 3147 2013 3199 ugis,
2026 3148 2165 3188 Fulvii

1280 3209 1510 3250 crudelitas
1530 3210 1583 3249 ad
1603 3209 1804 3251 invidiam
1825 3216 1941 3251 esset
1969 3211 2163 3264 insignis.

1283 3274 1435 3313 Oliver.

1334 3337 1357 3387 ς
1376 3339 1402 3375 2
1428 3334 1531 3384 Age,
1547 3335 1635 3386 δῖα]
1660 3335 1893 3387 Cambyses
1913 3336 2012 3388 Cyri
2034 3337 2165 3388 Regis

1280 3400 1509 3439 Persarum
1530 3398 1641 3439 tilius
1668 3411 1744 3449 per
1764 3399 1949 3451 quietem
1979 3400 2165 3443 monitus

1281 3467 1344 3502 est
1359 3460 1599 3513 Men-gidem
1617 3467 1908 3514 regnaturum,
1922 3474 2053 3516 seque
2070 3475 2163 3515 reg-
