2320 4004
372 295 513 350 1186

372 431 485 471 tides
510 430 732 471 servandae
767 429 926 484 praedae
954 430 1124 472 Graecis
1144 444 1252 485 prae·

370 494 550 546 positus,
581 493 862 534 continentias
907 499 952 534 et
989 494 1250 548 integritatis

370 557 627 609 opinionem,
663 569 789 609 quam
836 557 891 596 de
934 569 980 597 se
1025 559 1250 599 maximam

370 620 677 671 concitaverat,
710 619 904 660 omnibus
926 622 1251 663 consummavit.

370 684 483 724 Nam
515 695 611 725 cum
640 684 809 735 argenti
827 689 873 724 et
890 685 982 725 auri
999 685 1062 724 vis
1092 686 1249 737 passim

368 752 413 787 et
433 748 779 787 vestimentorum
799 748 932 788 omnis
950 749 1116 799 generis
1135 755 1249 789 esset

365 811 409 849 in
438 811 746 863 tabernaculis,
766 811 918 864 quibus
954 812 1154 852 barbaros
1174 825 1247 853 nu-

364 872 587 924 daverant,
608 885 686 917 nec
720 874 814 926 ipse
833 881 1107 915 contrectare
1125 876 1247 928 quip-

363 937 479 989 piam
499 938 650 990 voluit,
668 949 766 989 nec,
794 943 842 978 ut
869 938 921 978 ab
950 938 1044 978 aliis
1063 938 1246 990 attinge-

363 1006 499 1052 retur,
515 1013 663 1054 passus
697 1008 778 1043 est.
834 1002 969 1041 Paulo
1002 1007 1102 1053 post
1129 1002 1244 1042 urbis

362 1065 648 1118 principatum
683 1071 956 1117 consecutus,
983 1077 1080 1106 cum
1110 1065 1245 1106 omnis

362 1130 550 1182 virtutis,
584 1135 674 1170 tum
712 1129 896 1169 maxime
939 1130 1156 1181 aequitatis
1194 1141 1244 1170 ac

351 1192 534 1244 justitiae
553 1193 669 1244 apud
703 1194 905 1245 populum
926 1193 1164 1244 periculum
1185 1192 1244 1232 fe·

361 1256 439 1306 cit,
476 1256 538 1296 ita
575 1261 623 1296 ut
660 1256 847 1295 omnium
888 1267 1096 1296 consensu
1133 1257 1242 1307 justi

360 1331 596 1372 cognomen
624 1319 679 1359 sit
706 1325 952 1358 assecutus:
984 1330 1038 1358 ex
1060 1330 1144 1370 quo
1164 1318 1242 1358 sibi

359 1394 442 1421 non
475 1383 682 1422 minorem
713 1381 896 1432 gratiam
928 1386 974 1421 et
1008 1381 1240 1421 authorita-

359 1451 464 1496 tem,
499 1457 625 1497 quam
656 1444 801 1484 odium
833 1448 880 1483 et
906 1443 1111 1484 invidiam
1144 1457 1242 1485 con·

355 1508 505 1548 traxit.
562 1508 674 1549 Nam
715 1507 1023 1548 Themistocles
1056 1508 1150 1560 ejus
1185 1521 1240 1549 ae-

355 1571 495 1610 mulus
527 1575 573 1611 et
603 1571 745 1622 gravis
780 1570 1049 1611 adversarius
1085 1583 1241 1612 sermo·

355 1646 454 1674 nem
484 1634 686 1687 jactabat
722 1635 765 1674 in
801 1635 966 1686 vulgus,
1001 1634 1238 1675 Aristidem

354 1698 435 1737 hac
470 1710 547 1737 sua
578 1698 811 1749 judiciaria
850 1698 1162 1739 consuetudine
1194 1705 1239 1739 et

352 1759 516 1801 forensi
536 1765 766 1813 potestate,
790 1762 901 1801 clam
930 1760 1109 1801 sublatis
1122 1761 1238 1813 judi-

353 1824 431 1864 ciis
466 1826 557 1864 sine
591 1818 892 1877 stipatoribus,
935 1823 1015 1864 sibi
1058 1836 1237 1876 regnum

353 1900 636 1940 comparasse.
677 1889 843 1930 Quibus
863 1887 1005 1928 verbis
1024 1894 1238 1930 commota

351 1952 520 2003 civitas,
534 1951 786 2002 Aristidem,
797 1963 878 1991 non
892 1949 1084 1992 affectati
1097 1954 1238 2005 regni,

350 2021 400 2056 nt
426 2028 514 2067 prae
547 2027 594 2055 se
622 2014 836 2066 ferebant,
865 2016 941 2055 sed
970 2016 1116 2068 gloriae
1146 2017 1236 2069 ejus

347 2079 526 2131 invidia,
545 2080 795 2120 ostracismo
811 2080 855 2120 in
874 2079 1050 2120 exilium
1069 2081 1235 2131 relega-

349 2148 462 2183 runt.
518 2143 625 2183 Erat
662 2148 806 2182 autem
843 2142 1117 2183 ostracismus
1148 2155 1234 2184 non

348 2208 640 2260 improbitatis
656 2208 896 2259 castigatio,
914 2209 989 2248 sed
1011 2210 1063 2249 ad
1083 2210 1233 2251 hones·

349 2271 525 2312 tandum
544 2270 708 2312 facinus
725 2272 915 2312 elatioris
947 2279 993 2313 et
1024 2274 1231 2325 gravioris

345 2336 575 2388 potestatis
595 2336 846 2388 moderatio,
864 2349 992 2389 poena
1018 2337 1063 2377 in
1082 2338 1229 2379 decem

348 2411 480 2440 annos
498 2400 612 2440 data.
672 2399 825 2440 Fiebat
855 2405 999 2440 antem
1031 2402 1229 2441 ostracis·

346 2476 439 2503 mus
467 2464 550 2504 hoc
570 2463 718 2504 modo:
755 2463 958 2514 Ostraca,
975 2464 1020 2504 id
1041 2471 1122 2516 est,
1144 2467 1228 2506 cal-

347 2528 447 2578 culi,
466 2532 512 2567 et
540 2533 666 2567 testae
688 2526 844 2567 viritim
881 2527 923 2565 in
957 2527 1136 2567 concilio
1156 2529 1228 2568 da-

345 2591 520 2641 bantur,
556 2598 601 2631 et
631 2591 675 2630 in
707 2590 768 2630 eis
804 2590 984 2643 quisque
1019 2603 1143 2643 quem
1174 2603 1228 2632 ex

345 2653 452 2694 urbe
483 2652 637 2694 cedere
672 2654 849 2704 vellent,
886 2653 1030 2693 literis
1063 2653 1227 2694 indica-

343 2716 468 2768 bant,
484 2729 590 2770 quos
609 2722 761 2768 postea
778 2717 822 2756 in
840 2728 968 2756 unum
986 2716 1069 2757 fori
1083 2718 1227 2757 locum

343 2782 545 2821 cancellis
583 2782 914 2834 circumseptum
958 2780 1226 2823 deferebant.

344 2845 625 2897 Magistratus
644 2857 761 2895 vero,
780 2845 932 2898 quibus
960 2844 1142 2885 dabatur
1156 2857 1227 2885 ne-

344 2909 507 2961 gotium
535 2909 641 2948 illud
669 2909 904 2961 publicum,
930 2908 1149 2948 universos
1169 2909 1223 2949 si-

344 2973 431 3012 mul
449 2972 750 3022 recensebant,
762 2972 833 3025 qui
848 2970 928 3011 nisi
945 2983 1021 3011 sex
1045 2971 1222 3013 millium

342 3049 567 3078 nnmerum
599 3036 900 3086 excessissent,
925 3035 1028 3074 nihil
1053 3034 1222 3076 confec-

344 3105 434 3140 tum
451 3104 559 3140 erat.
598 3100 772 3151 Postea,
789 3099 1117 3151 uniuscujusque
1138 3100 1222 3139 cal-

343 3164 450 3203 culis
482 3164 700 3215 sepositis,
744 3175 841 3204 cum
873 3175 998 3216 quem
1030 3163 1221 3215 pluribus

342 3228 569 3268 sententiis
607 3227 852 3267 damnatum
892 3232 1223 3279 cognoscerent,

340 3292 492 3333 decem
511 3303 644 3332 annos
670 3295 885 3332 extorrem
910 3288 1004 3330 fore
1036 3289 1224 3330 declara·

341 3355 464 3407 bant,
481 3368 531 3395 ea
551 3361 692 3396 tamen
712 3354 973 3405 conditione,
991 3357 1040 3392 ut
1055 3351 1223 3392 fructus

342 3432 439 3460 suos
461 3431 618 3472 capere
642 3418 824 3459 liberum
848 3417 928 3457 sibi
961 3416 1223 3468 relinquere-

342 3488 428 3522 tur.
484 3483 538 3522 In
569 3495 620 3522 eo
653 3481 785 3534 igitur
807 3479 973 3533 judicio
995 3477 1224 3530 Aristides,

344 3555 439 3585 cum
465 3545 751 3587 multitudinis
782 3544 984 3584 adversus
1013 3553 1060 3582 se
1080 3541 1220 3582 conci-

954 312 1133 351 No'rAE
1181 313 1507 357 VARIORUM
1551 317 1615 357 IN

1317 438 1421 474 tatae
1455 434 1644 475 studium
1674 434 1967 488 admiraretur,
1998 439 2197 491 qnaesivit

1314 508 1445 537 unum
1464 498 1517 537 ab
1537 509 1604 548 eo,
1622 511 1748 551 quem
1767 501 1807 539 in
1829 502 2002 540 exilium
2021 503 2196 544 mittere

1312 561 1585 612 statuissent,
1619 574 1672 601 an
1702 564 1804 603 mali
1831 565 2059 616 quicquam
2097 578 2195 617 per-

1312 623 1424 674 pessi
1456 630 1629 673 essent;
1658 626 1725 665 cni
1752 627 1855 666 nihil
1888 627 1970 667 sibi
1987 628 2084 667 mali
2102 627 2192 669 fac-

1310 690 1416 737 tum,
1438 698 1518 726 nec
1538 700 1562 726 a
1586 699 1632 726 se
1662 688 1797 728 virum
1825 691 2038 742 cognitum
2068 704 2191 741 esse3

1309 748 1384 787 sed
1403 750 1583 789 moleste
1603 749 1715 791 ferre
1736 752 1951 803 dixerunt,
1967 754 2082 806 quod
2102 765 2190 795 om·

1308 811 1435 851 nibus
1471 812 1513 852 in
1557 814 1664 854 locis
1705 815 1816 855 hunc
1852 816 1991 867 ipsum
2021 817 2190 868 justum

1308 876 1520 917 audirent.
1560 878 1685 920 Quod
1699 891 1794 919 cum
1813 881 2050 932 accepisset
2068 881 2190 929 Aris-

1307 939 1434 991 tides,
1458 942 1561 981 nihil
1583 943 1750 983 locutus
1781 950 1848 983 est
1870 943 1967 993 illis,
1988 944 2063 984 sed
2084 944 2191 985 urbe

1307 1002 1480 1055 cedens,
1501 1011 1546 1044 et
1565 1018 1713 1045 manus
1734 1005 1787 1046 ad
1809 1004 1962 1045 coelum
1993 1006 2190 1057 tendens,

1305 1079 1408 1118 non,
1419 1069 1530 1109 sicut
1544 1068 1730 1109 Achilles
1741 1070 1903 1109 Graeeis
1915 1070 2066 1119 iratus,
2078 1070 2190 1111 mala

1303 1131 1562 1183 imprecatus
1583 1141 1670 1182 est;
1699 1133 1772 1172 sed
1788 1137 1836 1172 ut
1854 1132 2187 1172 Atheniensibus

1304 1207 1571 1248 quaecunque
1592 1197 1754 1236 vellent
1781 1195 1859 1235 sibi
1879 1195 2003 1246 bene,
2023 1194 2186 1245 fauste,

1302 1256 1571 1311 feliciterque
1607 1259 1848 1306 evenirent,
1890 1250 1938 1298 ut
1969 1257 2189 1299 Aristides

1302 1331 1516 1372 nunqnam
1562 1321 1643 1361 sibi
1685 1322 1850 1362 veniret
1895 1322 1937 1361 in
1983 1327 2186 1362 mentem.

1307 1383 1457 1423 Oliver.

1359 1447 1493 1487 Totius
1511 1445 1869 1497 Groecioejustitia]
1897 1445 2002 1486 Cum
2018 1446 2071 1486 ad
2085 1458 2186 1487 con·

1301 1508 1500 1550 ferendas
1530 1511 1573 1550 in
1609 1510 1768 1550 bellum
1806 1510 2010 1562 pecunias
2054 1511 2185 1551 totius

1301 1571 1483 1612 Graeciae
1517 1584 1671 1612 census
1696 1572 2022 1613 constituendus
2054 1579 2186 1624 esset,

1300 1637 1450 1687 populi
1469 1637 1656 1676 universi
1677 1635 1909 1676 Aristidem
1929 1635 1982 1676 ab
2005 1635 2185 1677 Atheni-

1299 1698 1472 1738 ensibus
1502 1699 1737 1750 petierunt,
1769 1705 1819 1739 ut
1846 1710 1899 1738 eo
1929 1699 2104 1740 authore
2135 1704 2184 1740 et

1298 1773 1477 1801 censore
1523 1762 1700 1813 singulis
1748 1762 1996 1802 civitatibus
2033 1761 2182 1814 justus

1298 1837 1449 1866 census
1483 1826 1818 1867 describeretur.
1889 1826 2006 1868 Quid
2042 1825 2181 1866 illud?

1299 1890 1413 1941 quod
1451 1902 1546 1930 cum
1581 1890 1624 1928 in
1664 1891 1837 1930 exilium
1881 1890 2050 1942 ejectus
2085 1889 2184 1942 fuit,

1295 1954 1598 1993 Themistocles
1617 1952 1811 1993 inimicus
1824 1953 1917 2005 ejus
1931 1953 2182 2006 acerrimus,

1295 2023 1450 2070 utpote
1486 2019 1559 2071 qui
1596 2017 1786 2058 factione
1829 2030 1906 2058 sua
1941 2018 2178 2058 Aristidem

1296 2082 1499 2134 ejecerat,
1530 2094 1626 2121 cum
1659 2079 1875 2121 referendi
1905 2080 2102 2122 maleficii
2132 2088 2178 2122 et

1295 2145 1512 2187 sumendae
1558 2144 1735 2185 ultionis
1780 2145 1948 2185 occasio
1994 2144 2179 2185 maxima

1293 2209 1372 2248 sibi
1401 2208 1514 2249 foret
1533 2209 1692 2258 oblata,
1710 2208 1773 2247 sic
1801 2207 1845 2246 in
1863 2206 2006 2247 officio
2025 2213 2071 2247 et
2101 2207 2177 2248 de·

1293 2283 1403 2311 core.
1425 2272 1677 2323 permansit,
1702 2274 1749 2309 ut
1778 2282 1860 2311 nec
1891 2269 2176 2312 accusationis

1292 2335 1501 2386 conscius,
1533 2346 1614 2375 nec
1643 2333 1927 2373 damnationis
1955 2333 2177 2384 particeps

1291 2411 1386 2439 esse
1407 2400 1609 2449 voluerit,
1625 2410 1705 2438 nec
1724 2410 1785 2447 re,
1801 2409 1883 2438 nec
1903 2397 2036 2437 verbo
2055 2397 2175 2450 quie-

1289 2475 1416 2516 quam
1436 2462 1610 2513 fecerit,
1623 2462 1735 2501 unde
1752 2473 1806 2500 ex
1821 2459 1993 2500 afflictis
2012 2459 2175 2501 inimici
2239 2492 2243 2501 ‚

1289 2527 1355 2566 sui
1387 2525 1515 2565 rebus
1537 2525 1802 2577 voluptatem
1833 2534 1992 2576 capere
2012 2521 2175 2563 videre·-

1288 2595 1374 2629 tur.
1432 2589 1581 2629 Oliver.

1345 2652 1607 2692 Continentiae
1620 2651 1833 2703 specimen]
1862 2650 2043 2690 Constat
2059 2649 2171 2688 hunc

1287 2715 1330 2754 in
1366 2727 1521 2767 magna
1564 2721 1820 2767 paupertate
1858 2712 2028 2765 vixisse,
2063 2711 2171 2752 adeo

1287 2785 1335 2819 ut
1355 2780 1513 2819 Callias
1527 2781 1616 2832 ejus
1631 2779 1914 2832 propinquus,
1925 2781 1971 2817 et
1983 2776 2168 2817 omnium

1286 2842 1614 2883 Atheniensium
1634 2842 1767 2882 ferme
1782 2842 2032 2892 ditissimus,
2043 2850 2170 2881 aecn-

1285 2914 1400 2947 satus
1434 2906 1577 2953 fuerit,
1595 2906 1709 2960 quod
1734 2905 1970 2946 Aristidem
1996 2911 2167 2957 patere-

1285 2974 1356 3010 tur
1381 2969 1495 3011 fame
1515 2971 1767 3023 plerumque
1785 2970 2007 3019 laborare3
2038 2980 2167 3022 quem

1278 3034 1450 3086 judices
1498 3034 1789 3084 damnassent,
1853 3033 1937 3073 nisi
1983 3031 2166 3072 dixisset

1283 3096 1502 3138 Aristides
1546 3109 1592 3137 se
1641 3098 1766 3149 longe
1825 3097 1959 3148 magis
2004 3095 2166 3147 inopia,

1285 3173 1409 3214 quam
1441 3161 1620 3202 Calliam
1640 3160 1834 3200 maximis
1852 3159 2008 3211 opibus
2039 3157 2168 3210 glori·

1285 3226 1362 3276 ari,
1376 3225 1475 3278 quia
1493 3225 1731 3276 complures
1763 3223 1946 3272 videret,
1965 3220 2037 3274 qui
2056 3220 2166 3260 divi·

1285 3289 1382 3339 tias,
1418 3288 1569 3340 quibus
1607 3286 1844 3335 abundant,
1878 3284 1921 3324 in
1955 3296 2056 3324 usus
2093 3283 2163 3323 vel

1284 3357 1448 3403 turpes,
1469 3352 1536 3391 vel
1563 3351 1809 3390 inhonestos
1834 3349 2068 3399 collocent,
2091 3346 2164 3400 qni

1282 3427 1385 3455 vero
1415 3418 1710 3467 paupertatem
1742 3412 2065 3464 generosissime
2099 3410 2161 3451 fe-

1283 3483 1396 3528 rant,
1428 3477 1704 3528 paucissimos
1730 3488 1841 3518 esse.
1895 3476 2024 3516 Hunc
2051 3474 2160 3515 adeo

1283 3553 1516 3595 pauperem
1541 3540 1671 3582 fnisse
1703 3540 1809 3582 dicit
1840 3539 2087 3591 Frontinus,
2110 3542 2159 3578 ut
