2346 3996
315 279 459 336 1286

314 413 601 455 Quintilianus
630 411 738 452 libro
767 423 797 451 1.
828 411 1048 464 Appianus
1076 412 1186 453 libro

310 487 372 515 νι.
406 477 614 515 Corradus.

365 541 432 589 §3
464 540 500 578 A
520 536 758 588 triumviris]
788 535 972 590 Lepido,
1005 539 1069 582 M.
1097 538 1184 579 An-

308 602 442 652 tonio,
463 607 504 641 et
524 601 729 655 Augusto.

365 665 474 704 CAP.
495 676 557 705 1v.
588 667 610 717 ᾧ
633 669 652 704 1
686 664 839 705 Fannio
865 665 1035 717 deditus]
1065 666 1182 718 Lege

305 726 420 766 enim
457 733 628 766 cautum
664 734 772 777 erat,
819 733 868 767 ut
911 729 1023 768 servi
1057 741 1180 768 noxae

303 789 582 830 dederentur.
637 791 742 830 Erat
761 797 902 831 autem
932 792 1023 832 haec
1057 805 1182 844 poena

301 863 536 904 servorum,
571 865 674 905 quos
706 854 864 894 domini
891 855 1108 896 malebant
1126 856 1180 896 ad

299 928 469 967 poenam
487 918 676 970 tradere,
692 931 815 971 quam
829 925 1038 972 praestare
1053 921 1180 962 male-

300 979 457 1031 ficium,
491 981 601 1033 quod
619 981 682 1021 illi
702 982 990 1022 admisissent.
1022 984 1126 1025 Oliv.

355 1044 431 1095 §2
479 1045 628 1086 Contra
667 1045 832 1096 Fannii]
882 1047 1025 1098 Longe
1062 1048 1176 1088 aliud

298 1115 451 1146 nomen
465 1115 531 1149 est
545 1108 587 1147 in
601 1108 676 1148 lib.
690 1108 805 1150 Dan.
832 1111 977 1151 Contra
991 1110 1176 1154 Piccinii.

301 1169 444 1211 Coler.

350 1234 403 1272 In
421 1235 591 1286 erucem]
621 1236 733 1276 Vide
753 1248 894 1287 supra.

350 1298 414 1348 §3
445 1297 546 1337 Item
572 1299 710 1338 Fulvio
739 1300 896 1352 Flacco]
922 1299 1079 1340 Laelius
1105 1313 1173 1342 ac-

295 1359 465 1399 cusavit
484 1361 666 1401 Lucium
686 1363 904 1414 Flaccum,
932 1364 1083 1404 Cicero
1099 1366 1170 1406 de-

290 1421 445 1464 fendit.
487 1424 644 1476 Capita
664 1427 950 1467 accusationis
969 1428 1060 1468 haec
1078 1427 1172 1470 fue-

294 1491 422 1526 runt:
463 1487 625 1539 Primo,
664 1489 776 1542 quod
810 1491 955 1531 classis
1000 1493 1170 1532 nomine

289 1551 516 1601 pecuniam
536 1551 782 1594 civitatibus
797 1554 1066 1607 imperasset.
1094 1556 1170 1596 Se-

290 1614 446 1665 cundo,
461 1615 574 1667 quod
595 1616 817 1657 drachmas
834 1622 930 1659 206.
949 1619 1171 1660 AEmonen-

289 1689 357 1717 ses
389 1678 622 1732 dedissent,
658 1681 700 1720 id
740 1682 853 1733 quod
886 1681 1167 1734 Asclepiades

287 1741 455 1794 legatus
477 1743 660 1785 dixerat.
714 1745 877 1797 Tertio,
891 1745 1001 1799 quod
1015 1746 1168 1786 drach·

285 1817 451 1846 marum
494 1809 708 1849 sexdecim
752 1808 886 1849 millia
915 1809 1169 1862 accepisset,

287 1881 390 1927 quas
412 1870 638 1924 Philippus
658 1878 702 1914 et
725 1871 980 1919 Hermobius
1011 1883 1059 1912 se
1091 1872 1164 1912 de-

287 1932 402 1973 disse
418 1933 636 1975 dicebant.
691 1935 873 1983 Quarto,
894 1935 1006 1988 quod
1026 1935 1164 1976 Hera-

285 1997 536 2051 eliensibus,
574 2000 818 2052 pecuniam,
847 2013 941 2054 quae
976 2001 1089 2053 apud
1118 2014 1162 2042 se

284 2060 432 2103 Flacci
451 2062 586 2115 patris
606 2064 670 2103 sui
691 2065 859 2104 nomine
878 2069 987 2112 erat,
1016 2064 1161 2106 abstu-

278 2124 416 2166 lisset.
472 2127 649 2178 Quinto,
668 2128 781 2181 quod
800 2139 965 2179 aurum,
984 2127 1163 2173 Judaeo-

282 2200 378 2230 rum
415 2191 587 2231 nomine
614 2193 838 2244 quotannis
867 2205 921 2233 ex
948 2192 1089 2243 Italia,
1117 2197 1163 2233 et

281 2264 335 2292 ex
357 2254 551 2295 omnibus
572 2255 800 2307 provinciis
819 2255 1161 2307 Hierosolymam

279 2318 500 2369 exportari
520 2318 707 2370 solitum,
733 2319 829 2371 ipse
864 2318 1011 2359 edicto
1037 2330 1161 2358 sanx-

274 2380 398 2432 isset,
427 2394 482 2422 ne
517 2395 571 2423 ex
602 2382 704 2424 Asia
739 2384 959 2437 exportari
996 2383 1160 2424 liceret.

276 2444 428 2497 Sexto,
457 2445 572 2498 quod
597 2446 814 2487 Falcidius
846 2448 1011 2488 talenta
1041 2446 1162 2499 quin-

277 2508 483 2560 quaginta
514 2521 562 2550 se
589 2510 746 2552 Flacco
776 2511 942 2562 dedisse
973 2512 1162 2556 dicebat.

279 2570 384 2610 Oliv.

333 2633 500 2676 Canv.
530 2637 553 2688 ᾗ
574 2639 594 2675 1
628 2636 727 2676 Item
741 2636 947 2684 fratribus
963 2637 1159 2689 Metellis]

277 2696 394 2737 Piin.
428 2699 459 2738 l.
478 2710 563 2739 v11.
585 2712 682 2751 cap.
701 2703 770 2740 43.
801 2701 906 2740 Nat.
928 2700 1044 2742 Hist.
1063 2701 1159 2752 pul-

277 2761 488 2802 cherrima
508 2763 659 2804 scribit
678 2764 732 2804 de
765 2763 972 2815 MetelliS,
1002 2764 1075 2805 ubi
1102 2764 1157 2805 de

274 2823 485 2866 felicitate
505 2827 707 2880 loquitur.
740 2827 889 2867 Oliver.

333 2889 401 2940 §2
429 2890 492 2929 M.
521 2890 642 2928 etiam
671 2889 875 2941 AEmilius]
906 2888 1154 2940 Memmium

276 2956 322 2991 et
358 2952 547 2992 Flavium
585 2953 916 3004 repetundarum
956 2964 1062 3003 reos,
1100 2965 1154 2992 ex

274 3015 396 3067 Asia,
423 3022 471 3056 ut
490 3016 730 3068 conjicitur,
756 3015 936 3056 diversis
953 3016 1152 3068 tempori-

275 3081 355 3121 bus
378 3082 610 3133 postulavit
639 3082 853 3122 Scaurus:
883 3079 964 3121 fuit
997 3088 1155 3132 autem,

275 3151 324 3185 ut
343 3145 509 3186 Plinius
529 3150 672 3185 orator
690 3144 839 3195 tradit,
868 3144 1020 3184 nobilis
1051 3157 1151 3197 pau-

271 3220 364 3260 per,
385 3208 591 3260 patricius
605 3208 792 3260 quidem,
808 3207 882 3248 sed
898 3208 970 3260 qui
987 3211 1152 3260 patrem

270 3272 474 3313 habuerit
531 3271 820 3311 carbonariam
866 3277 1152 3323 exercentem,

272 3341 423 3388 postea
442 3341 584 3376 tamen
605 3334 659 3374 ad
690 3347 896 3375 summum
929 3334 1151 3386 dignitatis

270 3399 490 3451 fastigium
505 3398 654 3439 evasit.
675 3398 820 3439 Oliver.
843 3399 1011 3452 Contig.
1031 3398 1148 3440 A.U.

272 3472 375 3501 nen.
395 3467 441 3501 et
460 3472 636 3503 nxnvn.
656 3467 701 3502 et
716 3472 852 3503 ncnx.

327 3524 540 3578 Districto]
569 3524 620 3565 Id
640 3529 722 3578 est,
739 3524 977 3573 vehementi
1011 3529 1056 3565 et
1083 3535 1146 3566 ar-

899 295 1079 333 No'rAE
1124 296 1449 337 VARIORUM
1490 300 1556 339 IN

1253 420 1383 455 mat0.
1437 415 1675 457 Translatio
1710 422 1791 468 est,
1822 423 1866 459 et
1902 424 2070 472 sumpta
2097 432 2125 460 a

1251 478 1501 530 gladiatore,
1538 480 1610 532 qui
1645 479 1930 521 adversarium
1962 481 2124 523 nudato

1248 542 1390 593 gladio
1403 543 1580 584 invadit.
1611 543 1761 583 Oliver.

1305 606 1352 646 C.
1366 605 1563 657 Flavium]
1577 605 1620 646 Is
1636 611 1701 646 est
1717 606 1766 647 C.
1783 606 1954 647 Flavius
1971 605 2123 656 Pusio,

1247 667 1512 707 adversarius
1526 669 1590 708 M.
1610 668 1751 709 Druso
1771 669 1846 712 Tr.
1861 668 1929 708 Pl.
1966 669 2121 709 Memi-

1245 730 1310 770 nit
1327 731 1420 783 ejus
1440 731 1592 771 Cicero
1611 743 1690 782 pro
1719 729 1774 772 A.
1795 730 2007 787 Cluentio.
2061 730 2120 771 Et

1244 794 1439 834 Valerius
1457 794 1598 846 capite
1616 793 1827 847 sequenti.
1858 794 1986 834 Coler-

1303 858 1446 897 Eadem
1465 856 1568 908 lege]
1597 855 1959 908 Repetundarum.

1298 921 1403 960 Nam
1422 922 1468 962 C.
1499 918 1746 971 Norbanum]
1787 918 1875 960 Hic
1913 918 2062 959 missos
2092 930 2120 959 a

1242 983 1359 1034 Sylla
1395 984 1573 1035 legatos,
1607 983 1676 1036 qni
1714 983 1768 1023 de
1798 993 1904 1034 pace
1924 988 2122 1035 agerent,

1242 1048 1387 1088 consul
1410 1048 1668 1088 violaverat:
1697 1047 1813 1087 idem
1832 1052 1985 1101 postea
2017 1039 2139 1099 pro?

1237 1110 1437 1161 scriptus,
1453 1110 1494 1149 in
1515 1110 1620 1150 urbe
1639 1109 1787 1151 Rhodo
1806 1122 1902 1150 cum
1921 1120 2118 1161 compre·

1237 1173 1514 1224 henderetur,
1541 1175 1726 1226 seipsum
1747 1174 1920 1225 occidit..
1953 1174 2059 1214 Oliv.

1291 1238 1358 1290 §3
1388 1237 1438 1277 In
1461 1237 1525 1279 M.
1554 1237 1809 1291 Marcellum]
1836 1237 2112 1290 Repetunda·

1236 1312 1327 1339 rum
1362 1312 1497 1352 reum,
1534 1313 1588 1340 ex
1627 1300 1799 1341 Graecia
1828 1299 2032 1342 videlicet
2064 1307 2111 1340 et

1236 1363 1414 1414 Achaia,
1433 1371 1480 1404 nt
1494 1365 1735 1417 conjicitur.
1766 1364 1873 1406 oliv.

1290 1430 1356 1480 §4
1387 1430 1436 1468 C.
1474 1428 1646 1469 Cornelii
1671 1428 1889 1479 majestatis
1916 1429 1994 1482 rei]
2021 1429 2117 1471 Hic*

1233 1492 1357 1532 homo
1385 1505 1469 1533 non
1498 1493 1716 1546 improbus
1737 1492 1823 1532 vita
1841 1492 2008 1534 habitus
2026 1488 2109 1536 est.

1234 1556 1395 1596 Fuerat
1411 1562 1596 1609 quaestor
1615 1556 1692 1597 Cn.
1712 1556 1925 1607 Pompeii,
1952 1556 2111 1598 deinde

1230 1621 1444 1660 Tribunus
1478 1619 1630 1672 plebis,
1665 1620 1713 1660 C.
1732 1618 1892 1659 Pisone
1912 1619 2110 1662 Consule.

1231 1684 1283 1723 In
1297 1696 1349 1724 eo
1363 1684 1614 1735 magistratu
1626 1683 1692 1723 ita
1704 1694 1751 1723 se
1764 1683 1916 1735 gessit,
1928 1683 2111 1737 ntjusto

1230 1747 1489 1799 pertinacior
1506 1746 1738 1787 videretur.
1792 1744 2016 1786 Alienatus
2031 1757 2108 1789 an-

1230 1814 1316 1849 tem
1348 1821 1372 1848 a
1404 1810 1566 1849 Senatu
1591 1808 1733 1848 multis
1752 1819 1806 1848 ex
1825 1807 1980 1863 causis,
1998 1820 2107 1864 quas

1228 1886 1342 1914 nunc
1362 1873 1523 1915 referre
1555 1885 1639 1914 non
1674 1873 1845 1921 attinet,
1880 1872 1958 1913 sed
1989 1871 2106 1912 inter

1226 1945 1384 1979 caetera
1402 1938 1746 1990 promulgaverat
1758 1938 1915 1988 legem,
1933 1947 2016 1989 qna
2030 1948 2108 1976 au·

1225 2001 1442 2042 toritatem
1461 2002 1644 2041 Senatus
1669 2000 1903 2050 minuebat,
1923 2010 1978 2050 ne
2006 1999 2104 2053 quis

1225 2065 1307 2105 nisi
1337 2077 1418 2117 per
1443 2064 1643 2117 populum
1663 2063 1830 2116 legibus
1849 2062 2105 2112 solveretur,

1226 2128 1339 2182 quod
1367 2130 1541 2182 antiquo
1571 2139 1739 2180 quoque
1761 2127 1861 2179 jure
1885 2131 1982 2178 erat
1999 2137 2102 2167 cau-

1226 2198 1329 2234 tum.
1367 2191 1526 2245 Itaque
1545 2191 1587 2231 in
1608 2189 1800 2231 omnibus
1817 2188 2102 2239 senatuscon-

1224 2256 1365 2307 sultis,
1384 2255 1538 2309 quibus
1557 2255 1738 2308 aliquem
1759 2252 1865 2293 solvi
1885 2251 2102 2309 placebat,

1224 2320 1351 2373 adjici
1369 2327 1462 2360 erat
1482 2319 1671 2368 solitum,
1690 2321 1736 2357 ut
1755 2328 1805 2357 ea
1823 2316 1879 2356 ad
1897 2316 2100 2370 populum

1224 2384 1427 2436 ferretur,
1457 2383 1532 2424 sed
1558 2383 1762 2435 paulatim
1781 2379 1887 2421 ferri
1904 2384 2000 2438 erat
2022 2378 2099 2420 de-

1224 2447 1367 2489 situm.
1429 2446 1612 2499 Indigne
1646 2457 1750 2498 ergo
1786 2456 1878 2484 eam
1913 2441 2101 2485 Cornelii

1223 2511 1486 2562 rogationem
1506 2511 1693 2550 tulerant
1711 2505 1991 2561 potentissimi
2006 2505 2099 2559 qui-

1223 2586 1305 2627 que
1324 2587 1378 2613 ex
1398 2573 1686 2614 Senatoribus.
1740 2570 1896 2623 Itaque
1923 2569 1977 2610 P.
2003 2569 2099 2610 Ser-

1223 2637 1345 2677 vilius
1357 2636 1565 2677 Globulus
1586 2634 1686 2676 trib.
1699 2635 1758 2688 pl.
1774 2633 1970 2674 inventus
1985 2636 2100 2681 erat,

1221 2700 1294 2752 qui
1327 2701 1377 2741 L.
1412 2700 1608 2740 Cornelio
1636 2698 1882 2740 obsisteret.
1933 2696 1995 2743 Is,
2022 2695 2099 2736 ubi

1220 2762 1325 2814 legis
1357 2761 1543 2803 ferendae
1575 2762 1668 2802 dies
1704 2761 1838 2811 venit,
1871 2765 1918 2800 et
1949 2769 2095 2814 praeco

1219 2826 1476 2878 subjiciente
1487 2825 1630 2866 scriba
1642 2825 1748 2877 legis
1762 2823 1893 2865 verba
1907 2824 2094 2869 recitare

1218 2890 1378 2941 populo
1399 2889 1544 2941 caepit,
1576 2894 1622 2929 et
1653 2887 1837 2928 scribam
1867 2886 2095 2938 subjicere,

1217 2957 1262 2992 et
1282 2963 1522 3005 praeconem
1544 2950 1820 3004 pronuntiare
1840 2962 1985 3002 passus
2007 2962 2094 2995 non

1217 3021 1299 3055 est.
1354 3015 1471 3054 Tunc
1508 3014 1727 3055 Cornelius
1761 3013 1854 3066 ipse
1895 3011 2092 3054 codicem

1215 3080 1437 3129 recitavit,
1466 3078 1579 3131 quod
1603 3090 1699 3120 cum
1718 3077 1911 3130 improbe
1929 3075 2022 3117 fieri
2041 3076 2092 3117 C.

1216 3143 1317 3182 Piso
1347 3142 1622 3183 vehementer
1653 3145 1908 3193 quereretur
1940 3145 2092 3182 contra

1214 3206 1479 3246 tribunitiam
1491 3203 1850 3253 intercessionem,
1859 3201 1979 3254 gravi
1993 3214 2092 3243 con·

1214 3270 1320 3309 vitio
1338 3281 1362 3308 a
1383 3268 1538 3320 populo
1557 3271 1764 3318 exceptus
1784 3270 1866 3305 est.
1920 3265 1979 3305 Et
1992 3277 2089 3307 cum

1213 3332 1286 3371 ille
1315 3342 1402 3380 eoS‚
1434 3330 1503 3383 qui
1534 3329 1616 3369 sibi
1635 3326 1905 3368 intentabant
1922 3339 2088 3379 manus,

1212 3391 1421 3446 prehendi
1456 3403 1482 3430 a
1516 3391 1667 3430 lictore
1703 3389 1919 3440 jussisset,
1960 3388 2091 3431 fracti

1211 3457 1304 3509 ejus
1337 3455 1473 3496 fasces
1506 3453 1664 3504 cuncti,
1692 3453 1938 3506 lapidesque
1956 3453 2088 3503 etiam

1212 3533 1265 3562 ex
1281 3519 1427 3561 ultima
1446 3517 1652 3560 concione
1666 3517 1710 3558 in
1725 3517 1938 3558 consulem
1945 3517 2079 3570 jacti;
