2346 3996
366 303 507 365 1306

364 437 568 490 tonitrua,
598 438 782 493 fulgura,
801 446 846 482 et
866 442 1035 485 similia.
1091 446 1237 488 Quare

361 502 551 541 nonnulli
603 501 765 555 ferunt,
822 505 934 557 quod
989 506 1238 550 Alexander

362 564 544 615 Magnus
573 577 598 604 a
630 566 746 605 nullo
777 567 860 607 alio
890 581 935 607 se
965 581 1089 620 posse
1120 571 1236 623 pingi

361 627 500 667 edicto
521 628 659 679 posito
683 630 863 682 capitali
881 631 1029 674 edixit.
1086 635 1234 688 Lysip-

360 701 439 741 pus
474 690 561 732 fuit
596 692 639 731 in
675 698 769 733 arte
811 696 1046 747 sculptoria
1077 699 1234 739 artifex

358 750 626 805 clarissimus,
655 754 709 795 de
737 769 820 809 quo
839 758 1077 801 Martialis:
1109 761 1121 782 ‘
1143 762 1234 801 No-

358 815 446 854 bile
477 817 658 869 Lysippi
686 831 836 860 munus
866 833 1054 875 opusque
1082 824 1233 866 vides.'

357 878 471 919 Nam
501 881 713 933 spirantes
745 885 904 936 vultus,
931 891 1058 939 atque
1085 899 1158 928 ora
1178 891 1232 929 si-

355 943 534 984 millima
567 946 689 999 vivis,
730 954 776 989 et
819 949 1002 1002 denique
1043 952 1232 993 animosa

356 1008 477 1059 signa
512 1007 673 1063 fingere
710 1014 952 1057 videbatur.
1009 1018 1082 1066 Et,
1121 1023 1230 1058 teste

356 1070 634 1125 Quintiliano,
660 1075 715 1115 ad
735 1078 962 1118 veritatem
982 1081 1144 1132 optime
1164 1093 1230 1122 ac·

354 1135 509 1186 cessit,
531 1141 576 1176 et
610 1138 663 1177 ad
694 1146 896 1181 sexcenta
925 1142 1073 1183 decem
1093 1144 1229 1195 signo·
1259 1155 1261 1157 ·

355 1210 447 1238 rum
468 1213 601 1252 opera
620 1201 816 1245 effecisse
835 1205 1008 1248 dicitur.
1040 1209 1188 1250 Oliver.

399 1265 549 1316 Tenet]
578 1267 833 1308 Remoratur
851 1275 896 1310 et
916 1271 1120 1311 delectat.

404 1326 648 1380 Alcamenis]
690 1331 814 1371 Inter
850 1334 1024 1374 aemulos
1062 1335 1227 1377 Phidiae

339 1389 539 1431 v¹refertur
567 1405 590 1431 a
618 1394 758 1435 Plinio
787 1396 857 1437 lib.
878 1407 1046 1437 xxxiv.
1101 1399 1226 1451 Ejus-

335 1453 447 1494 ‘dem
479 1455 704 1509 aliquoties
741 1459 935 1500 meminit
972 1460 1084 1500 idem
1119 1462 1226 1504 libro

349 1529 523 1559 xxxvt.
552 1532 648 1571 cap.
668 1525 709 1561 5.
740 1521 868 1562 Celer.

401 1582 465 1632 §4
485 1582 604 1633 Cujus
621 1582 836 1636 coniugem,
863 1585 952 1637 ξω]
983 1587 1225 1628 Praxiteles

334 1643 461 1685 inter
496 1646 727 1688 statuarios
763 1650 899 1700 gloria
940 1650 1115 1702 primus,
1157 1653 1225 1691 vel

346 1714 466 1749 certe
488 1722 692 1761 summus,
717 1712 771 1753 de
791 1725 876 1766 quo
905 1716 1038 1755 multa
1057 1715 1223 1756 Plinius

334 1771 448 1811 Nat.
482 1772 598 1813 Hist.
635 1773 748 1814 libro
781 1787 946 1826 xxxvi.
999 1778 1084 1817 Sed
1112 1778 1225 1818 inter

345 1839 504 1874 caetcra
546 1835 666 1887 dicit,
712 1837 818 1878 duas
868 1839 1098 1891 sculpsisse
1137 1841 1222 1881 Ve-

341 1907 484 1948 neres,
527 1898 705 1939 alteram
754 1901 966 1954 Cnidiam,
1023 1903 1102 1944 hoc
1140 1911 1223 1955 est,

331 1970 441 2009 vquaa
463 1958 588 1999 Cnidi
605 1961 843 2014 colebatur,
869 1977 962 2017 quae
983 1978 1066 2005 non
1089 1951 1238 2009 solum·

329 2020 520 2073 .ibi‚-sed
549 2023 591 2063 in
621 2028 712 2065 toto
742 2030 953 2067 terrarum
978 2029 1079 2069 orbe
1114 2042 1222 2081 prae·

342 2085 467 2136 cipua
485 2084 592 2137 fuit;
619 2100 749 2141 quam
776 2096 825 2130 ut
856 2090 1068 2143 viderent,
1098 2094 1220 2133 multi

342 2146 524 2187 Cnidum
555 2150 837 2202 navigarunt:
869 2154 1045 2194 alteram
1080 2155 1221 2195 velata

327 2211 504 2262 specie,
547 2225 673 2265 quam
710 2214 882 2267 quidam
920 2219 1218 2270 praetulerunt,

339 2274 504 2325 optime
537 2288 732 2316 severum
770 2278 813 2317 id
854 2284 983 2332 atque
1007 2281 1218 2333 pudicum

340 2336 631 2380 arbitrantes:
662 2352 758 2380 uam
790 2354 885 2394 quae
915 2343 1041 2383 Cnidi
1073 2343 1167 2396 fuit,
1195 2358 1219 2385 a

340 2400 504 2441 Cnidiis
541 2402 756 2455 coempta,
794 2403 957 2456 effigies
998 2406 1125 2456 Deae,
1155 2406 1218 2447 fa-

327 2470 468 2505 -vente
508 2467 600 2519 ipsa
637 2467 748 2517 Dea,
776 2472 824 2508 ut
855 2470 1067 2522 creditur,
1103 2469 1218 2512 facta

339 2528 523 2570 artificio
544 2535 682 2580 tanto,
709 2538 756 2570 ut
785 2544 870 2572 non
899 2539 1015 2574 esset
1032 2545 1058 2573 a
1075 2534 1218 2574 libidi-

335 2605 443 2633 noso
481 2595 704 2646 complex-n
741 2599 848 2636 tuta.
913 2597 1074 2637 Ferunt
1105 2597 1216 2638 enim

325 2657 546 2708 *quendam
567 2658 660 2708 ejus
680 2670 822 2698 amore
838 2665 1101 2712 correptum,
1120 2673 1215 2701 cum

334 2724 468 2758 noctu
500 2718 737 2760 delituisset
767 2720 810 2759 in
844 2722 1020 2773 templo,
1047 2723 1215 2763 simula-

336 2782 439 2822 chro
479 2782 722 2834 cohaesisse,
752 2784 928 2836 ejusque
967 2786 1214 2837 cupiditatis

324 2845 469 2884 etiam
507 2845 691 2884 indicem
727 2847 934 2885 maculam
978 2847 1214 2899 reliquisse.

334 2908 478 2947 Multa
509 2907 633 2959 hujus
665 2908 918 2948 simulachra
944 2910 1120 2950 Romam
1141 2911 1214 2952 de·

336 2978 510 3024 portata
537 2970 725 3022 fuerunt,
754 2985 849 3025 quae
881 2974 1020 3014 onmia
1047 2975 1213 3016 Plinius

337 3041 655 3076 commemorat.
709 3037 780 3076 De
800 3048 883 3088 quo
906 3049 1076 3090 quoque
1098 3051 1213 3078 men-

335 3099 495 3139 tionem
524 3098 630 3138 facit
657 3098 947 3141 Quintilianus
979 3099 1033 3139 de
1064 3101 1212 3142 Instit.

337 3163 467 3202 Orat.
495 3161 569 3201 lib.
596 3173 648 3202 ιι.
678 3161 751 3202 ubi
785 3162 918 3202 dicit:
952 3162 964 3184 ‘
983 3163 1026 3202 Si
1063 3163 1212 3204 Praxi-

336 3225 447 3264 teles
466 3225 627 3275 signum
642 3224 813 3277 aliquod
832 3236 885 3264 ex
900 3226 1047 3266 molari
1068 3227 1212 3278 lapide

335 3293 515 3328 conatus
567 3294 680 3327 esset
728 3288 1000 3340 exsculpere,
1040 3290 1213 3329 Parium

333 3364 518 3392 marmor
541 3351 708 3392 mallem
728 3350 859 3391 rude:
890 3356 936 3392 at
967 3354 1002 3391 si
1031 3352 1076 3391 id
1111 3353 1211 3392 arti-

331 3415 405 3456 fex
425 3415 672 3466 expolisset,
699 3415 794 3467 plus
826 3414 870 3454 in
897 3414 1088 3455 manibus
1107 3414 1211 3455 fuis-

333 3484 418 3528 set,
447 3490 574 3530 quam
593 3479 635 3519 in
655 3477 896 3525 marmore.’
929 3478 1078 3520 Oliver.
1115 3526 1117 3528 q

386 3541 632 3594 ,Spin-antem]
674 3542 914 3583 viventem.
975 3542 1206 3594 Virgilius:

933 325 1111 367 NoTAE
1153 328 1483 373 VARIORUM
1524 336 1589 375 IN

1298 449 1311 471 ‘
1326 451 1554 493 Excudent
1570 454 1639 494 alii
1663 455 1870 507 spirantia
1887 458 2050 500 mollius
2070 471 2171 514 aera,

1297 512 1437 553 Credo
1456 515 1795 568 equidem,vivos
1815 519 1975 560 ducent
1994 521 2047 561 de
2058 534 2171 562 mar·

1295 587 1413 615 more
1435 578 1612 618 vultus!

1347 639 1398 678 In
1431 641 1570 691 templo
1603 642 1855 695 Cnidiorum]
1886 645 2051 686 Gnidos
2084 657 2170 686 una

1294 712 1349 741 ex
1369 701 1552 754 quinque
1585 705 1834 746 civitatibus
1847 708 2023 748 ⁴Doricae
2044 711 2167 750 Grae-
2239 754 2251 765 .

1293 764 1390 815 cine,
1419 765 1492 804 ubi
1530 768 1732 818 templum
1769 768 1854 810 fuit
1891 771 2092 822 Veneris,
2122 779 2168 812 et

1294 826 1374 866 hoc
1422 827 1736 881 simulachrum,
1778 832 1889 883 quod
1929 833 2185 883 Praxiteles·

1294 891 1487 943 sculpsit,
1513 897 1651 943 tanta,
1680 898 1729 932 ut
1751 893 1949 945 diximus,
1977 900 2086 946 arte,
2117 901 2166 935 ut

1294 963 1317 990 a
1336 952 1562 993 libidinoso
1596 955 1824 1006 complexu
1844 968 1928 996 non
1946 955 2078 997 fuerit
2101 969 2166 997 sa-

1293 1015 1347 1054 tis
1367 1020 1520 1068 tutum,
1549 1017 1655 1057 adeo
1688 1029 1830 1058 veram
1857 1018 1995 1071 ipsam
2025 1020 2166 1060 Deam

1291 1076 1523 1119 referebat.
1557 1080 1706 1120 Oliver.

1343 1140 1569 1182 Libidinosa
1603 1142 1820 1195 cujusdam]
1850 1144 2042 1184 Macarei
2080 1145 2165 1185 Pe·

1290 1202 1451 1254 rinthii‚
1482 1210 1595 1245 teste
1630 1207 1832 1247 Luciano.
1887 1207 1940 1246 Id
1960 1220 2062 1248 vero
2080 1221 2165 1248 non

1289 1268 1333 1305 in
1365 1268 1520 1318 Gnido‚
1549 1269 1623 1309 sed
1660 1270 1787 1310 Samo
1825 1270 2032 1312 accidisse
2070 1273 2165 1312 vult

1281 1328 1539 1371 Athenaeus.
1564 1333 1695 1371 Coler-

1343 1392 1496 1432 Parum
1514 1396 1659 1447 tutam]
1688 1395 1802 1437 Quia
1832 1395 1978 1436 vitium
2010 1396 2069 1436 illi
2101 1396 2164 1456 in·

1286 1451 1400 1494 ferre
1422 1456 1556 1496 voluit
1582 1456 1849 1510 adolescens,
1877 1464 2076 1512 tanquam
2106 1459 2166 1500 vi-

1282 1528 1385 1557 -vum
1405 1526 1520 1559 esset
1542 1532 1712 1571 corpus.
1745 1522 1893 1563 Oliver.

1340 1580 1582 1632 Sacrilegum
1608 1584 1879 1636 cupiditatem]
1905 1585 2003 1628 Qua
2020 1586 2162 1627 Deam

1285 1645 1438 1697 ipsam,
1471 1652 1627 1690 ennon
1658 1647 1970 1700 simulachrum,
2002 1649 2161 1689 violare

1285 1708 1546 1760 concupivit.
1575 1710 1698 1750 Idem.

1340 1773 1609 1823 Euphranoris
1623 1772 1779 1825 manus]
1799 1773 1909 1814 Plin.
1923 1773 2001 1816 lib.
2016 1785 2160 1816 xxxv,

1284 1847 1379 1886 cap.
1399 1838 1464 1876 11.
1512 1835 1744 1875 Pausanias
1765 1837 1807 1876 in
1826 1836 1987 1876 Atticis
2007 1837 2170 1877 Praxi-·

1283 1898 1359 1937 teli
1398 1897 1562 1940 tribuit.
1605 1901 1814 1939 Corradus.
1871 1899 2159 1951 Euphranoris]

1282 1962 1551 2013 Euphranor,
1578 1966 1690 2001 teste
1726 1961 1992 2004 Quintiliano
2013 1962 2066 2002 de
2085 1962 2159 2002 In·

1281 2022 1371 2063 stit.
1407 2023 1532 2064 Orat.
1568 2024 1639 2065 lib.
1663 2035 1752 2065 ΧΠ.
1779 2025 1921 2077 pictor
1947 2025 2157 2079 fictorque

1282 2085 1365 2127 fuit
1393 2091 1525 2127 aetate
1551 2099 1625 2127 sua
1652 2087 1981 2130 laudatissimus.
2032 2088 2158 2130 Dicit

1282 2151 1420 2190 euim:
1463 2151 1475 2173 ‘
1505 2151 1826 2204 Euphranorem
1863 2151 2156 2193 admirandum

1281 2213 1400 2261 facit,
1426 2214 1540 2267 quod
1561 2220 1607 2255 et
1626 2215 1794 2255 caeteris
1810 2215 1990 2267 optimis
2007 2215 2160 2256 studiis

1281 2277 1394 2317 inter
1406 2277 1662 2330 praecipuos,
1673 2277 1870 2329 pingendi
1883 2276 2157 2330 fingendique

1281 2340 1395 2381 idem
1415 2340 1542 2380 mirus
1561 2339 1715 2381 artifex
1734 2339 1847 2381 fuit!
1904 2336 1984 2380 Vir
2002 2340 2156 2382 docilis

1280 2402 1364 2444 fuit
1385 2408 1430 2443 et
1446 2403 1678 2444 laboriosus
1710 2407 1755 2443 et
1780 2403 1825 2442 in
1853 2403 1966 2443 omni
1996 2414 2154 2454 genere

1281 2469 1514 2520 excellens,
1540 2467 1627 2521 qui,
1655 2479 1750 2507 cum
1785 2466 2006 2507 duodecim
2034 2467 2154 2507 Deos

1280 2542 1525 2572 consessum
1567 2530 1694 2572 ..lovis
1744 2531 2034 2581 honestantes,
2078 2542 2154 2570 sex

1278 2592 1444 2633 scilicet
1479 2605 1507 2633 a
1544 2591 1708 2633 dextris
1736 2598 1781 2632 et
1814 2592 1995 2632 totidem
2037 2603 2063 2631 a
2102 2593 2156 2632 si·

1280 2655 1441 2705 nistris,
1478 2655 1680 2708 pingeret
1728 2653 1924 2706 Athenis,
1959 2655 2153 2706 Neptuni

1280 2717 1506 2769 imaginem
1529 2722 1650 2758 tauta
1679 2723 1743 2756 est
1775 2723 1868 2756 arte
1887 2718 2153 2768 complexus,

1280 2786 1328 2820 ut
1341 2779 1463 2821 Jovis
1484 2779 1638 2819 deinde
1655 2778 1941 2832 augustiorem
1959 2791 2009 2819 ac
2027 2791 2154 2819 vene·

1279 2842 1522 2883 rabiliorem
1552 2854 1647 2882 cum
1670 2843 1798 2881 vellet
1829 2846 2155 2894 repraesentare,

1278 2917 1363 2946 non
1381 2913 1554 2957 posset;
1581 2904 1693 2956 quod
1728 2904 1831 2944 artis
1865 2904 1951 2944 vim
1985 2916 2150 2946 omnem

1277 2969 1320 3008 in
1339 2968 1731 3021 superioripictnra
1746 2967 2093 3020 consumpsisset,
2107 2975 2154 3009 et

1277 3032 1356 3072 hoc
1376 3032 1501 3072 modo
1531 3043 1599 3070 ars
1629 3043 1704 3070 suo
1732 3030 1877 3072 labore
1902 3031 2024 3072 irrita
2041 3037 2110 3072 est
2127 3044 2153 3072 a

1277 3103 1430 3136 natura
1449 3094 1671 3135 destituta.
1695 3094 1852 3134 Otiver.

1331 3158 1560 3209 Maiestatis
1588 3156 1802 3207 coloribus]
1848 3157 1900 3196 In
1936 3156 2151 3209 pingendo

1279 3222 1483 3274 Neptuno
1528 3221 1694 3260 colores
1740 3218 1948 3268 adhibuit,
1989 3220 2059 3271 qui
2095 3219 2151 3259 ad

1276 3282 1594 3335 exprimendam
1612 3281 1880 3332 majestatem
1900 3288 2043 3322 essent
2059 3282 2150 3322 ido-

1274 3347 1358 3386 nei.
1388 3347 1510 3385 Idem.

1329 3412 1351 3462 ξ
1371 3413 1396 3448 6
1416 3409 1521 3454 Quid
1540 3408 1623 3459 ille]
1639 3407 1910 3446 Timanthem
1929 3407 2148 3459 intelligit.

1275 3472 1318 3511 Is
1372 3471 1548 3522 Ajacem
1597 3481 1892 3521 armorumque
1937 3469 2148 3521 judicium

1276 3535 1490 3590 pinxerat.
1530 3532 1793 3587 Iphigeniam
1810 3532 2149 3585 ejusOratorum
