2346 3996
394 295 539 349 1344

392 427 585 468 omnibus
619 428 860 469 auctoribus
896 428 1098 470 dissentit
1138 430 1265 470 Vale-

393 491 495 542 rius,
513 493 797 544 quod-Syllam
818 492 925 533 dicit
953 493 1082 532 nimia
1101 495 1264 534 iracun-

392 553 475 594 diae
494 555 694 594 violentia
714 555 905 607 periisse,
923 568 1020 596 cum
1041 567 1137 596 eum
1163 568 1262 596 con-

390 622 477 656 stet
497 617 608 668 apud
629 618 749 668 alios,
769 623 817 657 ut
845 617 1044 668 diximus,
1063 618 1263 659 incidisse

387 679 432 718 in
453 679 643 719 morbum
660 692 714 719 ex
733 681 875 722 ulcere
894 682 1060 733 oborto,
1073 684 1143 735 qui
1161 686 1265 734 φθει-

393 741 515 794 ρίασις
530 743 681 783 Graece
702 743 873 796 dicitur,
888 757 973 798 quo
989 750 1181 797 tempore
1201 746 1262 786 vis

388 812 510 846 tanta
528 807 824 859 pediculorum
845 814 937 849 toto
966 809 1055 860 ejus
1083 821 1263 861 corpore

390 873 618 923 emanavit,
646 879 693 913 ut
720 874 837 914 nullo
867 878 1119 925 argumento
1146 874 1260 914 cohi-

390 935 482 976 beri
497 942 670 989 possent
683 951 694 987 ;
710 943 838 990 atque
851 938 933 978 hoc
943 943 1071 988 pacto
1082 942 1262 977 mortem

386 999 561 1041 obiisse.
616 1001 700 1041 Sed
732 1002 929 1041 Valerius
958 1001 1084 1041 aliter
1113 999 1260 1051 sentit,

386 1064 500 1117 quod
520 1065 685 1106 scilicet
705 1066 998 1118 indignatione
1015 1065 1146 1105 nimia
1165 1078 1262 1117 pec·

387 1133 454 1168 tus
478 1129 755 1181 convulserit,
774 1136 818 1168 et
837 1129 1032 1181 spiritum
1053 1141 1146 1168 cum
1167 1140 1262 1168 san-

390 1191 517 1243 guine
537 1190 751 1244 effuderit,
778 1194 877 1245 quia
893 1193 1081 1233 Granius
1101 1191 1260 1232 Puteo-

387 1253 524 1294 lorum
554 1255 754 1308 princeps
786 1256 1007 1308 pecuniam
1041 1254 1094 1295 ad
1123 1254 1260 1295 refec-

387 1318 545 1358 tionem
579 1320 779 1371 Capitolii
822 1319 1071 1371 promissam
1098 1318 1262 1358 tardius

384 1380 658 1422 reddidisset.
693 1383 895 1434 Magnum
915 1382 999 1421 fuit
1019 1382 1110 1421 sine
1131 1381 1260 1421 dubio

383 1442 490 1483 iram
528 1445 570 1484 in
604 1452 783 1497 pectore
821 1445 874 1485 ad
911 1449 1091 1485 mortem
1128 1455 1262 1496 usque

383 1508 629 1561 concipere.
682 1510 782 1550 Fuit
796 1515 937 1548 autem
955 1520 1088 1561 genus
1107 1507 1260 1560 prioris

382 1573 520 1613 morbi
560 1578 691 1613 tantae
721 1573 908 1624 virtutis,
940 1578 989 1613 ut
1018 1572 1073 1611 ab
1106 1583 1264 1612 arcana

385 1636 568 1688 quadam
597 1644 760 1677 naturae
790 1636 953 1676 ratione
990 1636 1263 1689 proveniens,

382 1701 538 1741 nullius
570 1702 795 1742 medicinae
814 1701 1020 1751 remedio,
1038 1699 1175 1740 aliave
1195 1711 1261 1740 ra-

383 1763 500 1804 tione
537 1765 729 1805 cohiberi
766 1764 970 1817 potuerit.
1042 1762 1260 1804 Abstersis

383 1826 496 1866 enim
515 1826 713 1867 dilotisve
735 1827 896 1879 primis,
915 1826 1059 1867 statim
1084 1827 1258 1867 subnas-

383 1889 594 1930 cebantur
623 1895 668 1931 et
694 1890 991 1931 scaturiebant
1015 1889 1102 1939 alii,
1122 1890 1261 1931 donec

381 1957 523 1992 totum
548 1964 702 2005 corpus
730 1954 772 1993 in
801 1966 895 1994 eam
925 1953 1065 1994 labem
1085 1965 1261 1994 conver-

383 2028 495 2067 sum,
529 2017 610 2057 sibi
645 2018 775 2057 vitam
818 2024 905 2057 tam
943 2022 1059 2057 tetro
1106 2026 1262 2067 genere

382 2081 531 2120 mortis
549 2080 719 2133 eripuit,
735 2093 789 2121 ne
803 2081 959 2122 civium
979 2081 1262 2121 Romanorum

382 2141 552 2194 funera,
581 2143 645 2183 ab
691 2156 744 2184 eo
778 2143 1013 2183 crudeliter
1058 2144 1264 2195 lacerata,

381 2206 518 2247 inulta
526 2207 743 2258 jacerent.
778 2208 955 2259 Verum,
973 2212 1086 2247 teste
1106 2206 1263 2253 Plinio,

382 2276 432 2310 ut
447 2270 829 2323 diximus,constat
845 2271 961 2310 illum
977 2271 1020 2309 in
1041 2269 1122 2309 hoc
1143 2282 1262 2309 suam

381 2333 636 2375 felicitatem
670 2335 908 2384 damnasse,
946 2333 1061 2386 quod
1091 2331 1262 2384 Capito-

383 2398 485 2441 lium
506 2400 706 2439 dedicare
724 2411 809 2439 uon
831 2397 1055 2450 potuisset.
1082 2396 1206 2435 Idem.

436 2462 633 2513 Puteolis]
663 2463 820 2512 Distat¹
842 2463 922 2502 hoc
951 2460 1155 2512 oppidum
1188 2459 1263 2498 de·

381 2537 476 2568 cern
524 2527 705 2567 millibus
750 2537 946 2579 passuum
993 2537 1019 2564 a
1064 2522 1263 2575 Neapoli.

382 2592 508 2631 Idem.

435 2654 692 2705 Impotentia]
730 2653 1038 2694 Imbecillitat'e
1062 2651 1264 2692 resisten-

383 2718 427 2758 di
448 2718 579 2769 vitiis,
607 2723 709 2758 nata
736 2730 791 2758 ex
808 2718 919 2758 mala
944 2716 1265 2757 consuetudine.

382 2782 551 2822 §Badius-

439 2845 557 2886 ExT.
585 2846 721 2897 Neque
747 2845 795 2885 ab
831 2844 979 2895 ignotis
995 2844 1173 2895 exempla
1196 2854 1262 2894 pe·

382 2914 466 2950 tere
486 2909 619 2961 Juvat,
639 2915 678 2950 et
697 2909 881 2950 maximis
905 2909 1004 2948 viris
1030 2906 1264 2958 exprobrare

381 2975 484 3015 vitia
514 2988 586 3015 sua
619 2975 863 3015 verecundioe
902 2972 979 3024 est]
1022 2973 1092 3013 Ita
1119 2972 1261 3024 vulgo.

383 3039 489 3078 Tres
516 3037 614 3078 libri
650 3043 821 3078 veteres
848 3036 1037 3076 habent:
1074 3036 1189 3074 Nunc
1215 3034 1262 3073 ab

382 3101 532 3152 ignotis
551 3101 725 3152 exempla
751 3103 883 3151 petere
899 3098 1032 3149 Juvat,
1048 3099 1116 3138 sed
1134 3097 1261 3137 maxi-

382 3165 459 3205 mis
487 3165 600 3214 viris,
627 3167 692 3216 ὅγε.
746 3164 843 3206 Quo
871 3163 964 3202 loco
998 3161 1158 3211 ignotas
1187 3172 1262 3212 pro

385 3229 614 3282 peregrino
633 3228 700 3267 vel
716 3232 894 3268 externo
912 3225 1109 3266 sumitur.
1137 3225 1260 3275 Pigh.

446 3293 653 3344 Voluntas]
675 3294 860 3334 'Scilicet
891 3304 1002 3343 mea,
1031 3293 1142 3345 quod
1161 3305 1262 3332 non-

383 3357 467 3398 nisi
481 3356 662 3397 honesta
679 3356 907 3409 complecti
921 3357 1065 3396 vellet.
1098 3356 1206 3397 Oliv.

440 3422 463 3472 ᾧ
494 3424 514 3460 1
563 3422 831 3461 Alexandrum
874 3419 1097 3470 iracundia]
1154 3421 1260 3459 Cum

385 3489 564 3535 propter
597 3496 736 3524 rerum
764 3490 978 3536 gestarum
1006 3482 1263 3534 magnitudi-

386 3556 499 3597 nem,
520 3551 564 3586 et
597 3546 770 3599 originis
795 3546 1054 3598 opinionem,
1078 3545 1191 3598 quod
1209 3558 1262 3585 ex

973 312 1148 351 NOTAE
1189 313 1523 354 VARIORUM
1566 316 1630 355 IN

1329 431 1472 472 divino
1493 433 1653 474 semine
1679 439 1800 475 natus
1833 447 1925 477 esse
1953 435 2202 480 crederetur

1327 493 1588 547 Alexander,
1593 497 1683 548 jam
1695 500 1998 551 propemodum
2009 500 2051 540 in
2059 512 2203 541 nume-

1329 568 1376 597 ro
1396 557 1583 597 Deorum
1617 559 1862 612 haberetur,
1877 563 1965 602 sola
1982 562 2203 603 iracundia

1327 618 1387 658 illi
1407 621 1559 660 coelum
1579 622 1754 675 eripuit,
1773 629 1822 664 ut
1847 625 1960 664 inter
1980 626 2099 666 Deos
2117 637 2202 668 non

1328 682 1385 723 sit
1429 690 1769 726 connumeratus.
1850 687 1966 729 Quid
1999 687 2201 728 obstitit?

1327 748 1458 789 Quasi
1486 749 1620 799 dicat,
1647 751 1750 791 nihil
1778 751 1862 791 nisi
1889 752 2110 793 iracundia
2125 752 2202 794 ob-

1326 810 1453 862 stitit,
1474 824 1555 863 quo
1583 813 1721 853 minus
1751 813 1793 852 in
1814 815 1965 855 coelum
1998 815 2200 857 ascende·

1326 878 1408 915 ret.
1465 874 1571 915 Cum
1591 875 1703 916 enim
1734 875 1948 917 diceretur
1975 890 2032 918 ex
2061 879 2199 931 stirpe

1326 934 1470 976 divina
1485 943 1625 988 natus,
1644 937 1757 990 quod
1775 939 1940 980 scilicet
1957 941 2106 992 anguis
2124 941 2201 980 im·

1325 999 1461 1038 manis
1510 1000 1743 1040 concubitu
1768 999 1924 1043 fuisset
1954 1010 2205 1058 conceptus,

1325 1074 1449 1114 quam
1470 1062 1513 1102 in
1533 1063 1733 1104 cubiculo
1763 1066 1912 1106 matris
1932 1079 2049 1119 saepe
2070 1067 2202 1107 visam

1324 1125 1509 1178 prodigii
1528 1127 1732 1179 speciem,
1746 1127 2080 1184 interventuque
2099 1131 2201 1170 Phi-

1325 1188 1430 1240 lippi
1449 1190 1664 1229 evolutam
1685 1196 1865 1243 repente
1885 1197 2014 1245 atque
2033 1205 2086 1232 ex
2101 1205 2200 1233 ocu·

1325 1251 1375 1290 lis
1394 1252 1581 1303 elapsam
1601 1251 1763 1305 ferunt,
1791 1266 1973 1307 cumque
1999 1255 2109 1296 hanc
2126 1255 2200 1295 ho-

1322 1315 1482 1355 minum
1501 1315 1672 1356 insitam
1701 1318 1849 1359 animis
1877 1320 2118 1371 opinionem
2137 1321 2202 1372 ip-

1325 1391 1372 1419 se
1399 1379 1607 1419 virtutum
1624 1385 1671 1420 et
1690 1392 1831 1420 rerum
1845 1387 2064 1434 gestarum
2083 1395 2200 1435 mag-

1324 1443 1520 1483 nitudine
1550 1442 1864 1496 confirmasset,
1891 1444 1995 1485 nihil
2029 1445 2200 1486 obstare

1325 1505 1489 1556 debuit,
1519 1518 1602 1559 quo
1629 1507 1765 1547 minus
1796 1508 1917 1548 Deus
1943 1519 2035 1548 esse
2053 1509 2205 1550 crede-

1325 1574 1468 1610 retur:
1490 1569 1566 1609 sed
1585 1569 1754 1610 obstitit
1772 1571 2004 1612 iracundia.
2023 1571 2147 1614 Idem.

1378 1632 1630 1686 Lysimachus
1662 1633 1762 1674 leoni
1788 1633 1974 1686 objectus]
2000 1635 2102 1676 Fuit
2118 1636 2201 1689 Ly-

1325 1697 1553 1747 simachus,
1574 1701 1686 1737 teste
1713 1697 1902 1748 Jusfino,
1923 1699 2082 1739 illustri
2112 1699 2204 1752 qui-

1324 1761 1422 1802 dem
1440 1759 1707 1802 Macedoniae
1735 1762 1831 1802 loco
1857 1766 1999 1814 natus,
2025 1762 2102 1803 sed
2121 1762 2204 1802 vir-

1325 1826 1427 1865 tutis
1477 1825 1783 1879 experimentis
1820 1826 1935 1866 omni
1976 1826 2202 1868 nobilitate

1324 1890 1492 1941 clarior,
1512 1904 1607 1944 quae
1627 1896 1748 1931 tanta
1763 1890 1807 1930 in
1835 1891 1908 1931 illo
1925 1889 2024 1942 fuit,
2042 1896 2091 1931 ut
2109 1891 2199 1931 ani-

1323 1955 1382 1994 mi
1434 1954 1744 2007 magnitudine,
1786 1954 2066 2007 Philosophia
2092 1954 2199 2007 ipsa,

1324 2017 1564 2070 viriumque
1594 2017 1738 2069 >gloria
1783 2029 1944 2070 omnes,
1977 2030 2057 2071 per
2093 2030 2199 2071 quos

1324 2080 1468 2120 oriens
1487 2080 1674 2120 domitus
1701 2086 1784 2133 est,
1810 2081 1973 2121 vicerit.
2027 2081 2200 2133 Quippe

1325 2155 1421 2182 curn
1435 2141 1684 2183 Alexander
1698 2144 1883 2195 Magnus
1897 2144 2200 2185 Callisthenem

1324 2206 1629 2259 Philosophum
1694 2212 1874 2259 propter
1937 2208 2202 2248 salutationis

1323 2270 1514 2310 Persicae
1530 2270 1854 2322 interpellatum
1867 2283 2046 2324 morem,
2059 2271 2204 2312 insidi-

1325 2347 1459 2386 arum,
1477 2349 1571 2389 quae
1591 2336 1674 2376 sibi
1700 2343 1865 2389 paratae
1894 2337 2082 2389 fuerant,
2101 2349 2200 2377 con·

1325 2402 1459 2442 scium
1495 2402 1627 2442 fuisse
1675 2409 1792 2444 ratus
1829 2409 1962 2455 esset,
2005 2415 2200 2457 eumque,

1327 2466 1538 2506 truncatis
1573 2467 1805 2507 crudeliter
1837 2467 2035 2508 omnibus
2073 2479 2203 2507 mem-

1325 2529 1428 2577 bris,
1445 2529 1733 2582 abscissisque
1761 2530 1931 2570 auribus
1950 2542 2001 2570 ac
2019 2541 2123 2570 naso
2139 2530 2200 2569 la-

1325 2592 1507 2644 biisque,
1518 2591 1710 2632 deforme
1722 2603 1772 2632 ac
1781 2593 2064 2634 miserandum
2079 2605 2202 2646 spec-

1326 2656 1514 2695 taculum
1558 2653 1835 2703 reddidisset,
1887 2656 2062 2707 insuper
2105 2667 2201 2696 cum

1326 2730 1432 2758 cane
1449 2719 1489 2757 in
1508 2729 1639 2758 cavea
1656 2719 1848 2758 clausum
1866 2719 1919 2758 ad
1938 2723 2096 2758 metum
2117 2730 2200 2759 cae-

1326 2788 1512 2822 terorum
1531 2780 1831 2822 circumferret
1849 2794 1860 2830 ;
1889 2786 1991 2821 tnnc
2011 2780 2201 2833 Lysima-

1326 2847 1429 2886 chus
1447 2845 1594 2885 audire
1609 2836 1931 2890 Callisthenem,
1943 2848 1989 2884 et
2009 2856 2201 2896 praecep-

1327 2915 1373 2950 ta
1395 2909 1449 2949 ab
1474 2921 1525 2949 eo
1541 2909 1735 2961 recipere
1750 2907 1923 2948 virtutis
1942 2908 2106 2956 solitus,
2124 2907 2200 2947 mi-

1325 2978 1465 3014 sertus
1483 2971 1592 3012 tanti
1604 2971 1701 3022 viri,
1715 2983 1796 3011 non
1806 2971 1962 3023 culpae‚
1983 2970 2058 3011 sed
2073 2969 2201 3010 liber-

1326 3037 1428 3078 tatis
1461 3040 1612 3089 poenas
1647 3034 1891 3088 pendentis,
1918 3045 2130 3075 venenum
2159 3034 2200 3074 ei

1323 3100 1558 3141 remedium
1576 3098 1867 3139 calamitatum
1886 3096 2023 3137 dedit.
2077 3095 2202 3138 Quod

1325 3165 1433 3205 adeo
1462 3174 1576 3215 aegre
1597 3161 1845 3202 Alexander
1877 3161 1992 3211 tulit,
2026 3164 2075 3200 ut
2103 3170 2200 3199 eum

1324 3228 1449 3280 objici
1464 3226 1724 3268 ferocissimo
1739 3225 1854 3265 leoni
1866 3224 2061 3277 juberet.
2115 3223 2202 3263 Sed

1324 3304 1420 3332 cum
1439 3290 1492 3330 ad
1513 3292 1786 3340 conspectum
1807 3287 1900 3339 ejus
1920 3286 2113 3327 concitus
2130 3287 2200 3327 leo

1324 3355 1532 3406 impetum
1562 3351 1755 3402 fecisset,
1782 3362 1953 3390 manum
1980 3349 2201 3402 manipulo

1322 3417 1553 3458 involutam
1596 3413 1873 3466 Lysimachus
1907 3413 1950 3452 in
1979 3424 2026 3453 os
2065 3411 2202 3452 leonis

1325 3479 1547 3530 immersit,
1576 3482 1833 3529 arreptaque
1878 3477 2022 3529 lingua
2065 3475 2199 3516 feram

1325 3541 1598 3584 exanimavit.
1652 3539 1778 3583 Quod
1829 3551 1926 3581 cum
1956 3539 2198 3581 nuntiatum
