2346 3996
339 296 481 351 1260

341 431 508 484 equites
542 430 779 471 Siculorum
813 434 1010 483 tanquam
1046 442 1216 483 gravem

341 500 388 535 et
406 495 554 535 duram
584 495 759 534 horrere
784 505 877 533 eam
905 494 1115 535 militiam.
1172 496 1216 535 Si

342 560 415 612 qui
435 560 497 598 ita
525 558 700 598 animati
730 563 888 608 essent,
917 559 1042 599 malle
1072 572 1145 600 eos
1170 573 1215 599 se

334 622 425 674 jam
460 626 550 661 tum
588 620 733 671 fateri,
781 633 905 673 quam
943 623 1217 673 postmodum

342 690 586 737 querentes,
617 695 769 736 segnes
797 690 926 737 atque
950 686 1120 726 inutiles
1139 686 1215 726 mi-

342 749 439 788 lites
475 748 725 800 reipublicae
762 760 873 789 esse:
911 755 1216 802 expromerent

342 810 444 863 quid
474 811 703 862 sentirent,
735 823 831 852 cum
870 812 981 853 bona
1009 814 1131 855 venia
1172 827 1218 855 se

344 874 601 915 auditurum.
656 874 742 914 Ubi
773 887 828 914 ex
862 875 926 914 his
959 887 1064 915 unus
1093 889 1216 917 ausus

343 943 412 978 est
431 938 594 990 dicere,
613 939 659 979 s'e
689 950 876 991 prorsus,
894 939 928 978 si
959 940 1055 991 sibi,
1075 946 1217 981 utrum

343 1002 465 1053 velit,
498 1002 676 1043 liberum
707 1007 839 1053 esset,
859 1004 974 1043 nolle
1002 1004 1217 1055 militare;

344 1070 433 1105 tum
462 1065 635 1118 Scipio:
669 1066 920 1119 Ecquando,
938 1067 1090 1120 inquit,
1118 1067 1218 1108 ado-

343 1129 524 1180 lescens,
560 1129 662 1182 quid
691 1129 874 1169 sentires
906 1141 990 1169 non
1025 1130 1216 1170 dissimu-

344 1192 463 1244 lasti,
482 1193 683 1233 vicarium
707 1193 789 1233 tibi
809 1193 995 1245 expedio
1017 1194 1126 1245 jam,
1148 1194 1219 1233 cui

344 1261 392 1296 tu
413 1269 545 1307 arma,
561 1261 607 1297 et
617 1269 786 1309 equum,
802 1264 1049 1310 caeteraque
1064 1258 1219 1297 instru-

343 1325 490 1359 menta
508 1320 671 1360 militiae
700 1321 862 1371 tradas,
890 1327 935 1361 et
964 1328 1103 1361 tecum
1122 1322 1219 1362 hinc

344 1384 560 1436 extemplo
599 1384 767 1424 domum
806 1384 952 1436 ducas,
997 1397 1219 1437 exerceas,

343 1448 582 1489 docendum
599 1461 720 1489 cures
741 1462 850 1502 equo
869 1450 1095 1502 armisque.
1127 1451 1220 1490 Lae-

343 1518 388 1553 to
418 1514 707 1554 conditionem
746 1515 974 1566 accipienti
1007 1528 1134 1555 unum
1164 1527 1220 1555 ex

343 1577 551 1618 trecentis
571 1590 675 1631 quos
695 1579 879 1620 inermes
906 1579 1108 1631 habebat,
1138 1585 1221 1620 tra·

344 1639 425 1680 dit.
481 1641 567 1681 Ubi
604 1642 683 1683 hoc
721 1643 848 1683 modo
892 1652 1221 1686 exauctoratum

344 1703 534 1756 equitem
566 1717 663 1745 cum
692 1707 834 1758 gratia
860 1708 1142 1760 Imperatoris
1163 1711 1223 1750 vi·

345 1766 487 1817 deret,
517 1781 561 1807 se
582 1770 764 1823 quisque
788 1783 1012 1823 excusare,
1044 1779 1090 1813 et
1109 1774 1223 1814 vica-

346 1832 455 1872 rium
473 1832 701 1884 accipere:
741 1834 804 1874 ita
832 1837 1040 1876 trecentis
1069 1837 1223 1879 Siculis

347 1896 526 1935 Romani
558 1897 722 1949 equites
750 1898 972 1940 substituti
1001 1901 1089 1941 sine
1119 1903 1224 1954 pub-

346 1958 431 1998 lica
449 1959 657 2011 impensa.
689 1961 795 2002 Oliv.

403 2025 468 2076 §4
492 2025 663 2070 Quintus
687 2026 844 2077 Fabius,
861 2027 949 2080 ξω]
969 2028 1062 2069 Hoc
1083 2041 1224 2070 exem·

347 2088 464 2140 plum
482 2089 633 2129 Cicero
653 2091 793 2141 posuit
812 2091 866 2131 de
886 2091 1051 2132 Officiis
1072 2093 1148 2133 lib.
1166 2106 1197 2134 1.

409 2153 601 2204 Nolanos]
640 2155 754 2195 Nola
779 2157 1021 2207 Campaniae
1052 2157 1151 2198 urbs
1182 2159 1224 2198 in

352 2216 481 2256 Italia
511 2218 775 2259 Ptolemaeo:
813 2220 856 2258 in
889 2221 1062 2261 Samnio
1104 2221 1227 2274 ponit

349 2279 550 2332 Epitome
570 2281 660 2322 Liv.
689 2282 762 2322 lib.
781 2294 978 2327 LXXXIX.

404 2344 470 2395 §6
497 2344 698 2385 Sertorius
725 2358 830 2396 vero,
848 2347 936 2398 ssa]
972 2347 1058 2388 Hic
1092 2349 1224 2389 tantis

349 2412 395 2446 et
415 2407 543 2447 animi
558 2414 603 2447 et
623 2410 815 2462 corporis
833 2411 992 2451 viribus
1010 2413 1227 2464 excelluit,

349 2476 398 2510 ut
415 2482 511 2510 eum
543 2473 678 2512 cuivis
697 2474 879 2526 illorum,
907 2475 979 2528 qui
1004 2476 1227 2516 clarissimi

350 2533 567 2574 habentur
587 2536 795 2577 bellorum
816 2538 960 2590 duces,
979 2551 1062 2579 non
1093 2540 1227 2580 solum

351 2599 567 2650 conferre,
592 2602 666 2642 sed
687 2603 817 2642 etiam
848 2603 1054 2654 praeferre
1073 2606 1229 2646 merito

351 2662 502 2713 possis.
523 2664 633 2703 Nam
649 2665 851 2717 Philippo
871 2667 1229 2708 continentiorem

353 2725 398 2765 in
433 2726 649 2778 mulieres,
681 2729 894 2779 Antigono
924 2730 1162 2772 fideliorem
1185 2732 1229 2771 in

354 2802 466 2841 suoS,
499 2790 712 2831 Annibale
735 2794 1054 2844 placabiliorem
1074 2795 1116 2835 in
1135 2796 1231 2834 hos-

353 2858 421 2894 tes
453 2853 583 2894 fuisse
616 2856 844 2895 certissimi
875 2862 974 2897 sunt
1016 2864 1230 2899 auctores.

353 2917 535 2969 Ingenio
555 2924 696 2958 autem
729 2920 832 2958 nulli
863 2932 1010 2960 eorum
1041 2920 1233 2972 inferior,

356 2982 435 3021 sed
465 2981 641 3022 fortuna
669 2983 863 3023 omnibus
882 2984 1003 3035 ipsis,
1025 2997 1107 3036 qua
1125 2997 1233 3024 sem-

356 3057 438 3097 per
469 3044 628 3086 infesta
674 3047 827 3097 magis,
870 3060 996 3099 quam
1039 3048 1233 3088 hostibus

356 3121 475 3161 usus,
510 3122 556 3150 se
603 3110 763 3162 peritia
815 3111 1013 3163 Metello,
1057 3113 1235 3152 audacia

357 3173 582 3226 Pompeio,
630 3173 805 3214 fortuna
855 3175 1001 3225 Syllae,
1043 3177 1236 3227 potentia

358 3249 461 3289 pop.
484 3238 690 3287 Romano,
719 3238 820 3277 exul
858 3241 903 3276 et
931 3237 1125 3278 barbaris
1159 3239 1235 3278 im·

360 3301 556 3352 peritans
588 3300 846 3353 adoequavit.
915 3301 1021 3341 Cum
1052 3302 1235 3341 alterum

359 3364 530 3403 oculum
563 3363 775 3403 amisisset
803 3363 847 3403 in
876 3362 1006 3415 bello,
1035 3364 1236 3406 dictitare

361 3427 546 3476 solebat,
560 3427 664 3467 alios
682 3439 766 3467 non
781 3439 950 3480 semper
966 3428 1134 3468 virtutis
1150 3441 1237 3469 suae

359 3490 604 3531 testimonia
617 3503 762 3531 secum
773 3491 947 3544 habere,
957 3493 1035 3532 sed
1052 3497 1240 3545 torques,

362 3559 409 3595 et
420 3554 576 3608 hastas,
592 3560 637 3596 et
651 3567 829 3597 coronas
850 3556 963 3597 domi
981 3557 1240 3611 relinquere,

919 306 1096 346 NO'rAE
1140 306 1470 347 VARtoRUM
1513 307 1578 347 IN

1275 428 1356 468 sibi
1383 441 1483 469 vero
1501 428 1667 469 bellicae
1689 427 1825 468 laudis
1854 427 2038 480 insignia
2051 438 2152 469 con·

1277 494 1397 533 tinuo
1425 493 1592 533 adesse.
1649 493 1756 532 Post
1802 492 1936 531 multa
1971 496 2017 531 et
2044 503 2154 542 prae-

1276 558 1391 597 clara
1409 570 1487 609 pro
1508 557 1677 608 republ.
1692 557 1793 597 belli
1813 556 2014 607 domique
2032 560 2154 607 gesta

1276 620 1482 670 facinora,
1502 621 1649 660 Cinnae
1670 619 1843 660 taudem
1865 627 2011 671 partes
2031 630 2158 658 secu-⁷

1277 690 1361 734 tus,
1391 684 1445 724 ab
1480 684 1654 735 Opimio
1693 684 1870 723 consule
1910 683 2056 734 pulsus
2087 686 2155 722 est

1276 760 1372 788 cum
1410 747 1561 794 Cinna,
1589 747 1662 799 qui
1699 746 1854 786 deinde
1884 747 2026 787 Mario
2053 757 2153 786 con-

1267 811 1425 863 juncti,
1438 799 1535 851 curii
1558 810 1662 850 urbe
1681 815 1809 862 capta
1820 810 1982 850 Marius
1999 815 2044 849 et
2060 810 2157 849 Cin·

1278 888 1334 915 na
1366 876 1509 915 omnia
1537 874 1809 915 crudelitatis
1840 874 2037 926 exempla
2057 886 2153 926 pro-

1278 941 1449 992 derent,
1471 941 1685 981 Sertorius
1711 940 1807 990 ipse
1825 951 1904 980 nec
1915 938 2156 979 trucidasse

1279 1016 1531 1057 quemquam
1546 1005 1600 1044 ob
1613 1005 1734 1052 iram,
1753 1015 1836 1045 nec
1853 1002 2155 1044 contumeliam

1279 1069 1474 1110 intulisse
1494 1070 1689 1122 cuiquam
1705 1069 1879 1120 dicitur,
1899 1066 1976 1108 sed
1988 1078 2038 1107 ea
2055 1078 2155 1107 cun-

1279 1134 1399 1173 tinuo
1426 1133 1705 1185 improbasse,
1721 1145 1816 1186 quae
1838 1131 1898 1172 illi
1920 1130 2034 1171 foede
2060 1141 2156 1170 cru-

1280 1198 1523 1250 deliterque
1561 1196 1837 1237 exercebant.
1908 1192 2156 1236 Quinetiam

1281 1261 1334 1301 ad
1360 1266 1547 1313 quatuor
1583 1273 1801 1300 servorum
1833 1258 1968 1299 millia
1986 1258 2029 1297 in
2054 1257 2158 1297 civi-

1280 1330 1371 1365 tate
1393 1330 1552 1377 praeter
1571 1323 1743 1364 modum
1777 1321 2044 1363 saevientium
2062 1319 2157 1372 ipse

1282 1387 1533 1428 trucidavit.
1590 1387 1747 1427 Pulsus
1775 1385 1931 1425 iterum
1967 1396 1992 1424 a
2026 1382 2161 1435 Sylla,

1282 1450 1523 1504 profligatis
1540 1451 1746 1492 Marianis
1766 1448 1974 1499 partibus,
1993 1446 2037 1486 in
2056 1443 2159 1486 His-

1282 1516 1451 1569 paniam
1488 1529 1615 1569 quum
1650 1527 1696 1555 se
1734 1512 1987 1565 recepisset,
2031 1509 2163 1550 variis

1282 1580 1451 1621 casibus
1486 1581 1687 1632 agitatus,
1706 1584 1902 1618 extrema
1922 1575 2160 1627 plerunque

1283 1643 1456 1685 fortuna
1484 1645 1620 1684 stetit.
1674 1642 1744 1682 Ad
1765 1639 1980 1681 Marusios
2001 1636 2159 1677 deinde

1285 1709 1452 1749 delatus
1481 1721 1533 1749 eo
1562 1707 1757 1757 consilio,
1777 1710 1826 1745 ut
1845 1704 1899 1745 ad
1917 1703 2159 1745 fortunatas

1283 1773 1444 1813 insulas
1464 1784 1599 1825 usque
1623 1770 1843 1824 profectus
1858 1771 2049 1823 quietam
2064 1780 2163 1821 age-

1284 1842 1353 1877 ret
1389 1838 1536 1888 vitam,
1554 1843 1718 1889 praeter
1740 1835 1982 1887 opinionem
2009 1834 2162 1874 incidit

1285 1902 1328 1943 in
1348 1902 1522 1952 bellum,
1548 1901 1755 1942 Cilicibus
1775 1904 1865 1940 tum
1894 1898 2007 1939 forte
2029 1898 2161 1938 Asca-

1285 1967 1359 2006 lim
1387 1966 1430 2006 in
1468 1964 1740 2005 Mauritaniae
1762 1974 1939 2014 regnum
1959 1961 2163 2002 reducere

1286 2029 1553 2070 conantibus.
1621 2028 1812 2070 Quorum
1849 2025 2038 2066 hostibus
2065 2037 2162 2065 cum

1286 2092 1446 2132 auxilio
1464 2091 1631 2143 fuisset,
1650 2090 1799 2140 ductu,
1818 2093 1862 2128 et
1877 2087 2068 2141 auspicio
2087 2099 2165 2128 suo

1288 2156 1420 2208 pulsis
1454 2154 1673 2205 Cilicibus,
1707 2153 1967 2205 obsessoque
2004 2150 2165 2196 Ascali‚

1288 2226 1335 2260 et
1356 2231 1467 2260 caeso
1485 2218 1716 2265 Pacciano,
1732 2216 1805 2268 qui
1829 2214 1881 2254 ad
1899 2213 2165 2254 liberandum

1290 2283 1479 2324 Ascalim
1499 2282 1648 2323 missus
1664 2280 1810 2320 fuerat
1828 2291 1854 2318 a
1868 2278 2002 2330 Sylla,
2020 2276 2166 2317 multis

1289 2348 1443 2389 deinde
1464 2347 1634 2400 oppid1s
1664 2345 1818 2398 partim
1836 2342 1991 2395 captis,
2010 2340 2166 2394 partim

1287 2413 1330 2452 in
1346 2412 1608 2452 deditionem
1626 2408 2040 2460 acceptis,magnum
2055 2403 2168 2456 apud

1290 2489 1437 2517 omues
1457 2474 1636 2515 Sertorii
1666 2484 1819 2513 nomen
1848 2477 1895 2510 et
1921 2469 2055 2522 gloria
2071 2467 2170 2518 fuit,

1290 2541 1396 2582 adeo
1417 2546 1465 2580 ut
1485 2553 1508 2579 a
1524 2538 1736 2579 Lusitanis
1757 2536 1868 2575 ultro
1888 2534 2100 2574 acciretur
2113 2532 2167 2572 ad

1291 2616 1483 2657 regnum.
1528 2603 1625 2644 Quo
1645 2600 1813 2654 quidem
1831 2603 2027 2650 accepto,
2046 2609 2170 2649 para-

1292 2674 1424 2721 toque
1444 2679 1522 2719 pro
1544 2673 1736 2717 tempore
1755 2668 1801 2703 et
1831 2663 1998 2701 illorum
2018 2659 2169 2712 opibus

1293 2731 1485 2772 exercitu
1506 2729 1609 2769 satis
1628 2727 1801 2779 exiguo,
1831 2725 1990 2777 quippe
2011 2721 2170 2762 duode-

1294 2796 1376 2836 cim
1408 2793 1587 2833 millium
1623 2791 1823 2841 militurn,
1842 2788 2045 2828 adversus
2075 2799 2174 2840 qua·

1295 2865 1395 2899 tuor
1424 2859 1717 2898 Romanorum
1749 2854 1899 2903 duces,
1935 2858 1980 2893 et
1999 2859 2170 2892 centum

1297 2934 1346 2962 ac
1363 2921 1545 2973 triginta
1570 2919 1787 2958 hominum
1807 2916 1940 2957 millia
1957 2916 2066 2957 bene
2081 2913 2174 2957 feli-

1297 2985 1494 3036 citerque
1543 2982 1764 3034 pugnavit.
1841 2982 1954 3021 Nam
1999 2979 2172 3020 Cottam

1298 3048 1410 3102 apud
1433 3047 1673 3087 Mellariam
1705 3045 1848 3085 navali
1881 3042 2030 3095 proelio
2049 3053 2173 3093 supe-

1299 3114 1425 3163 ravit,
1452 3111 1670 3152 Aufidium
1700 3115 1932 3161 praetorem
1961 3107 2004 3147 in
2030 3106 2176 3146 Iberia

1299 3175 1546 3230 profligavit
1562 3182 1607 3215 et
1625 3173 1799 3224 occidit,
1830 3171 2064 3211 Domitium
2081 3181 2178 3222 pro-

1299 3241 1515 3280 consulem
1531 3250 1627 3279 cum
1647 3247 1799 3287 magna
1817 3234 2032 3274 exercitus
2053 3237 2176 3284 parte

1299 3303 1478 3352 delevit,
1524 3300 1749 3341 Metellum
1805 3297 1986 3350 denique
2024 3297 2180 3350 ipsum,

1302 3366 1445 3406 aetatis
1474 3377 1562 3404 suae
1595 3363 1732 3403 virum
1774 3361 2094 3412 amplissimum,
2121 3360 2176 3400 ad

1301 3440 1395 3467 eam
1421 3426 1721 3466 necessitatem
1741 3423 1926 3475 redegit,
1946 3428 1994 3463 ut
2011 3424 2059 3464 L.
2080 3423 2178 3464 Lot-

1300 3491 1402 3530 lium
1419 3502 1473 3529 ex
1494 3488 1715 3541 provincia
1743 3486 2013 3527 Narbonensi
2032 3487 2180 3527 auxili·

1305 3565 1374 3594 um
1395 3552 1474 3595 sibi
1505 3551 1618 3592 ferre
1639 3549 1846 3603 coegerit,
1874 3557 1919 3591 et
1947 3550 2177 3603 Pompeius
