2320 4004
544 281 810 322 vAnmzu
854 278 1095 319 MAxim
1140 281 1258 318 [ΑΒ.
1289 281 1371 319 v1.
1411 279 1551 320 GAP.
1580 266 1634 320 1.

164 404 295 447 dubia
327 401 539 452 castitatis,
557 404 597 441 et
619 399 760 452 punito
774 398 973 451 pependit,
989 409 1055 437 vo-

166 469 342 511 luntario
353 479 502 508 secessu
514 468 756 517 conspectum
767 464 914 516 patriae
925 462 1056 501 vitan—

166 535 236 587 do]
286 532 359 575 Ita
395 532 536 584 vulgo.
603 529 873 581 Interjecere
915 527 1057 567 denuo

166 598 434 649 irreligiosas
452 607 599 635 manus
618 594 794 634 Valerio
812 597 960 633 nostro
983 603 1056 631 au-

165 661 324 711 daculi‚
374 665 592 711 totamque
642 657 902 698 sententiam
947 656 1056 695 hanc

164 736 340 779 prorsus
357 727 594 764 mutarunt.
650 721 739 762 Cur
769 722 882 761 enim
911 731 1057 772 quaeso

164 789 380 844 praeterit,
399 800 604 841 quasnam
627 799 653 826 a
679 784 769 826 filio
790 797 937 838 poenas
958 796 1058 824 exe·

166 853 281 906 gerit
299 851 458 892 Fabius
476 853 491 891 ἓ
529 851 642 904 quod
663 850 848 891 maxime
867 847 1058 900 exempli

164 929 298 958 causa
329 916 478 959 dicere
510 916 758 968 oportebat.
827 914 915 955 Cur
953 913 1058 953 item

165 980 328 1022 vindex
348 981 420 1021 ille
446 986 572 1033 pater
597 980 768 1020 sibimet
792 979 966 1019 exilium
995 978 1057 1017 in-

167 1044 311 1088 dixit?
339 1057 394 1085 an
411 1044 526 1098 quod
547 1056 646 1085 eum
667 1043 918 1096 poenituerit
937 1053 1059 1082 seve-

168 1109 312 1150 ritatis
343 1109 388 1149 in
417 1108 552 1150 filium
581 1107 778 1150 fortassis
797 1108 965 1149 cinaedo
986 1108 1059 1148 vix

165 1172 452 1214 honestiorem
469 1175 485 1213 ἓ
547 1171 757 1213 Profecto
803 1172 988 1212 alienum
1035 1184 1060 1211 a

165 1238 516 1290 magnanimitate
537 1244 582 1278 et
615 1237 860 1278 constantia
877 1235 1061 1276 clarissi-

169 1314 251 1342 mae
267 1302 408 1354 gentis
429 1302 593 1351 Fabiae,
620 1308 748 1355 atque
768 1302 900 1341 etiam
919 1301 1061 1341 Servi·

82 1368 94 1375 “
166 1366 282 1406 liano
296 1366 532 1417 indignum,
549 1367 729 1419 ejusque
751 1371 818 1406 tot
831 1364 1061 1406 honoribus

169 1431 515 1484 splendidissime
536 1432 684 1483 gestis.
729 1431 828 1474 Jam
849 1431 951 1471 olim
968 1430 1061 1483 qui-

172 1495 272 1536 dem
293 1495 418 1536 valde
446 1496 648 1548 frigidum
671 1501 717 1535 et
745 1496 941 1547 ineptum
961 1494 1063 1534 mihi

172 1559 312 1600 visum
348 1558 434 1600 fuit
469 1561 550 1600 hoc
588 1560 866 1612 exemplum3
913 1571 1063 1599 verum

171 1635 287 1664 nunc
311 1624 586 1676 ‚exemplaria
632 1629 783 1664 vetera
820 1622 1063 1663 conferenti

169 1689 332 1730 veritas
350 1689 445 1742 ipsa
473 1694 612 1730 semet
643 1689 848 1740 insinuat,
879 1701 974 1728 cum
996 1699 1061 1727 re-

168 1752 356 1806 pererim
375 1753 417 1792 in
433 1752 615 1793 Susiano
634 1753 742 1792 libro
773 1751 884 1791 hanc
907 1752 1062 1792 lectio-

171 1829 297 1858 nem:
325 1817 461 1868 exegit
495 1808 521 1857 ἐι
542 1817 637 1870 filio
662 1817 817 1869 punico,
843 1816 939 1870 (sed
970 1828 1062 1856 cor-

169 1880 279 1934 rige,
293 1881 426 1932 unico)
434 1893 568 1933 poenas
581 1880 708 1921 dubiae
720 1881 934 1927 castitatis,
944 1882 980 1920 is
998 1892 1064 1920 eas

166 1945 369 1998 pependit,
394 1946 614 1986 voluntario
640 1957 791 1985 secessu
820 1949 1064 1996 conspectum

167 2009 298 2060 patrie
313 2010 488 2050 vitando.
533 2009 698 2049 Eadem
715 2009 841 2050 estin
860 2009 1064 2049 Pulman-

167 2074 312 2124 niauo,
344 2081 638 2127 praeterquam
664 2074 779 2127 quod
810 2074 1063 2114 mendosum

169 2138 442 2190 vocabulum,
459 2139 613 2190 punico,
631 2139 850 2191 corrigere
875 2139 970 2191 quis
989 2152 1063 2179 cu-

173 2203 314 2254 piens,
332 2203 374 2242 in
390 2203 530 2254 punito
541 2203 738 2243 mutarit.
768 2203 887 2242 Alius
904 2203 1062 2244 deinde

170 2266 393 2307 transtulit
411 2267 683 2318 vocabulum,
702 2274 749 2307 ut
768 2281 856 2308 suae
873 2269 1063 2320 opinioni

171 2331 434 2371 sententiam
451 2330 800 2371 accommodaret
813 2332 923 2370 male
939 2332 1064 2371 intel-

172 2393 353 2434 lectam.
380 2394 506 2444 Pigh.

226 2458 295 2509 §¹7
323 2456 526 2510 Sequitur,
557 2457 646 2510 δῖα]
674 2458 761 2498 Hic
782 2458 854 2499 ille
874 2459 1061 2499 Marcel-

169 2522 237 2562 lus
266 2526 348 2574 est,
375 2523 464 2575 qui,
481 2535 594 2563 caeso
612 2523 900 2564 Virodomaro
919 2524 1063 2565 Gallo-

171 2600 267 2629 rum
297 2589 424 2641 duce,
455 2590 601 2642 opima
638 2591 778 2643 spolia
807 2591 1061 2642 reportavit,

171 2651 248 2704 qui
277 2652 460 2704 primum
481 2652 736 2693 Annibalem
762 2654 876 2706 apud
907 2654 1062 2694 Nolam

170 2715 289 2756 vinci
310 2728 437 2768 posse
468 2717 634 2766 docuit,
663 2717 735 2770 qui
756 2718 989 2769 Syracusas
1016 2717 1061 2758 in

171 2777 322 2819 Sicilia
334 2780 659 2820 munitissimam
675 2781 826 2821 urbem
839 2794 892 2821 ex
899 2794 1060 2834 pugna-

170 2841 251 2894 vit,
285 2843 359 2896 qui
392 2844 527 2884 multa
562 2849 692 2897 atque
734 2845 946 2897 praeclara
984 2859 1061 2898 pro

171 2905 395 2958 republica
412 2908 558 2959 gessit.
613 2909 722 2950 Cum
740 2910 870 2961 igitur
889 2923 1061 2963 compe-

172 2968 320 3019 risset,
354 2969 405 3010 C.
456 2970 729 3012 Scantinium
768 2974 1062 3025 Capitolinum

172 3031 276 3073 trib.
314 3033 430 3084 pleb.
477 3032 533 3073 (le
583 3041 732 3086 stupro
779 3037 1062 3088 compellasse

171 3093 305 3135 filium
334 3107 456 3135 suum
489 3096 857 3138 adolescentulum
888 3101 1065 3152 egregia

173 3155 328 3209 fon—ma,
347 3160 423 3199 sed
457 3160 669 3212 pudicitia
693 3167 823 3215 atque
852 3164 1064 3204 modestia

175 3223 311 3274 magis
340 3224 586 3277 ingenuum,
624 3226 738 3267 diem
776 3227 838 3267 illi
867 3228 977 3268 dixit
1007 3229 1062 3269 ad

176 3286 396 3337 populum.
453 3289 566 3330 Nam
592 3303 700 3342 puer
726 3304 823 3332 cum
851 3292 908 3332 de
938 3294 1063 3333 resis-

179 3347 312 3388 tendo
347 3351 558 3392 scelerato
596 3354 770 3394 tribuno
801 3355 906 3395 nihil
934 3356 1060 3407 profi-

179 3420 280 3449 cere
299 3423 423 3462 posse
438 3414 616 3468 videret,
631 3430 719 3458 rem
735 3419 788 3459 ad
806 3425 974 3471 patrem
988 3421 1060 3461 de-

183 3473 300 3513 tulit.
331 3475 439 3516 oliv.

235 3535 457 3590 Scantinio]
486 3542 576 3585 Lex
595 3544 818 3587 Scantinia
841 3549 908 3589 vel
927 3549 1062 3589 Scati-

1863 267 2006 323 1213

1117 397 1307 451 nia‚quae
1322 404 1417 439 erat
1429 399 1485 440 de
1502 399 1648 452 pueris
1660 398 1903 451 impudicis,
1916 402 2008 442 lata

1117 473 1143 502 a
1156 461 1205 502 C.
1219 462 1443 503 Scantinio
1458 462 1640 503 Aricino
1661 462 1765 504 trib.
1784 464 1844 515 pl.
1865 470 1915 504 ut
1934 467 2009 517 qui

1118 536 1426 579 praeposteram
1444 529 1509 567 vel
1520 527 1766 568 adversivel
1776 529 2008 571 aversiVe—

1118 603 1262 631 nerem
1293 592 1606 644 exercuissent,
1638 592 1723 643 vel,
1741 597 1791 632 ut
1816 592 1888 645 qui
1909 594 2011 635 alie-

1118 667 1215 695 nam
1236 654 1489 707 pudicitiam
1502 655 1822 708 sollicitassent,
1843 663 1920 697 aut
1943 670 2011 698 su-

1118 733 1188 760 am
1219 720 1302 772 ipsi
1331 721 1673 773 prostituissent,
1697 734 1827 774 poena
1857 722 2011 764 decem

1117 785 1298 825 millium
1312 797 1528 826 nummum
1541 785 1862 828 coercerentur.
1878 787 1907 828 J
1912 800 2013 828 uve-

1118 851 1227 892 nalis
1256 852 1347 894 Sat.
1370 864 1420 893 Π.
1461 853 1641 895 Sueton.
1664 854 1902 896 Domitian.
1922 854 2011 896 Au-

1119 917 1281 968 sonius,
1328 917 1511 960 Quintil.
1568 917 1636 958 De
1691 931 1820 970 poena
1871 926 2013 960 tamen

1119 981 1293 1022 dubitat
1312 981 1576 1023 Brissonius.
1618 982 1904 1023 Postmodum
1924 996 2013 1035 poe-

1120 1058 1177 1086 na
1205 1046 1344 1086 ultimi
1377 1046 1580 1099 supplicii
1601 1046 1656 1086 ab
1675 1047 2015 1099 Imperatoribus

1121 1109 1373 1151 Christianis
1420 1111 1658 1151 constituta
1708 1116 1791 1152 est.
1849 1111 1912 1152 Ut
1959 1124 2014 1152 ex

1121 1174 1190 1215 tit.
1212 1175 1261 1216 C.
1283 1175 1338 1215 ad
1367 1176 1414 1216 1..
1444 1176 1533 1218 Jul.
1563 1174 1618 1215 de
1651 1173 1852 1217 Adulter.
1881 1188 2016 1229 appa-

1122 1243 1206 1280 ret.
1456 1247 1461 1252 '

1177 1303 1476 1344 Saerosanctam
1519 1304 1770 1357 potestatem]
1819 1304 2016 1345 Tribuni-

1122 1368 1227 1408 tiam
1265 1375 1544 1420 potestatem,
1591 1381 1688 1422 quae
1740 1374 2018 1410 sacrosancta

1123 1431 1224 1472 ideo
1241 1431 1484 1483 dicebatur,
1502 1433 1602 1485 quia
1623 1433 1695 1472 lex
1714 1438 1827 1484 erat,
1847 1433 1918 1486 qui
1940 1434 2017 1474 tri—

1123 1496 1282 1537 bunum
1317 1497 1536 1550 violasset,
1564 1498 1656 1551 ejus
1689 1503 1822 1551 caput
1848 1511 2015 1538 sacrum

1125 1560 1256 1601 foret.
1289 1561 1440 1601 Oliver.

1186 1626 1273 1666 Uno
1321 1627 1440 1679 teste]
1485 1627 1629 1667 Puero
1675 1627 1771 1679 ipso
1817 1627 2018 1668 Marcelli

1125 1689 1229 1731 filio.

1181 1754 1232 1794 In
1250 1754 1437 1795 ultionem
1467 1752 1597 1805 suam]
1624 1754 1678 1794 In
1706 1753 1867 1795 tribuni
1899 1754 2018 1795 dam-

1124 1818 1359 1860 nationem.

1181 1885 1248 1935 §8
1282 1883 1487 1935 Metellus,
1518 1883 1608 1936 ὁμὴ]
1647 1883 1839 1937 Contigit
1869 1884 1924 1926 A.
1960 1886 2016 1927 U.

1125 1959 1386 1989 Dchxxlv.

1179 2010 1383 2063 Stuprosae
1400 2011 1562 2063 mentis]
1588 2012 1851 2053 Libidinosae
1870 2013 2018 2054 volun-

1127 2075 1244 2117 tatis.
2006 2103 2010 2109 ·

1180 2141 1203 2191 ξ
1221 2143 1247 2179 9
1270 2139 1475 2179 concionis
1489 2140 1586 2191 hoec,
1599 2139 1687 2192 εμπ]
1707 2140 1816 2181 Cum
1838 2145 2019 2192 propter

1124 2203 1295 2254 longum
1317 2210 1362 2243 et
1380 2203 1557 2244 difficile
1579 2204 1740 2244 bellum
1761 2204 2019 2244 Samnitium

1124 2267 1280 2319 saepius
1309 2268 1519 2307 tributum
1554 2268 1728 2308 civitati
1749 2273 1864 2308 esset
1884 2268 2020 2320 impe-

1124 2339 1278 2381 ratum,
1297 2330 1509 2371 exhausta
1537 2331 1709 2370 tandem
1745 2331 1897 2372 civitas
1917 2344 2019 2382 aere,

1123 2407 1149 2434 a
1186 2394 1518 2435 foeneratoribus
1555 2407 1721 2435 sumere
1754 2395 2019 2448 cogebatur3
2039 2407 2041 2410 ·

1125 2461 1196 2512 qui
1215 2472 1318 2500 vero
1349 2460 1533 2512 graviori
1566 2473 1652 2500 aere
1686 2460 1854 2500 astricti
1883 2460 2019 2501 foenus

1122 2525 1289 2564 solvere
1308 2536 1394 2564 non
1415 2530 1633 2576 poterant,
1659 2525 1759 2564 nexi
1779 2523 2017 2565 soenerato-

1127 2588 1245 2626 ribus
1263 2589 1662 2641 dabantnr‚quibus
1679 2595 1803 2630 tanto
1824 2596 2019 2642 tempore

1122 2652 1350 2702 servirent,
1381 2651 1521 2692 donec
1549 2652 1745 2694 debitum
1774 2666 1900 2694 omne
1921 2666 2018 2705 per-

1123 2715 1364 2756 solvissent.
1420 2716 1545 2756 Inter
1565 2717 1639 2757 hos
1654 2717 1786 2769 igitur
1807 2717 1932 2758 datus
1952 2723 2021 2758 est

1123 2779 1199 2819 ille
1218 2780 1425 2820 Veturius
1444 2780 1600 2821 nobilis
1619 2781 1890 2832 adolescens,
1917 2793 2023 2822 con-

1125 2844 1277 2884 sularis
1303 2844 1382 2884 viri
1399 2843 1529 2892 filius,
1550 2857 1676 2898 quem
1688 2844 1826 2887 Caius
1848 2845 2020 2885 Plotius

1123 2908 1379 2962 foenerator,
1412 2910 1483 2951 cui
1520 2922 1655 2950 nexus
1693 2910 1821 2951 datus
1857 2909 2017 2962 fuerat,

1126 2986 1222 3014 cum
1242 2974 1284 3014 vi
1314 2980 1515 3027 stuprare
1545 2975 1771 3027 voluisset,
1800 2987 1854 3016 ac
1885 2975 2018 3026 perti-

1124 3038 1352 3079 nacissime
1372 3043 1636 3090 recusasset,
1651 3050 1748 3086 eum
1767 3037 2018 3078 verberibus

1125 3102 1350 3142 mulctavit
1369 3095 1606 3143 sceleratus
1626 3102 1767 3153 homo,
1787 3100 1902 3154 quod
1921 3101 2015 3152 ejus

1125 3164 1294 3205 libidini
1325 3165 1627 3217 obtemperare
1654 3167 1875 3206 noluisset.
1930 3164 2016 3204 Hic

1124 3228 1257 3280 igitur
1288 3228 1542 3270 adolescens
1572 3241 1671 3270 vere
1699 3228 1853 3269 nobilis
1878 3227 1922 3266 in
1952 3225 2015 3266 fo-

1123 3305 1217 3332 rum
1257 3293 1488 3345 proripuit,
1536 3294 1728 3333 Plotium
1781 3289 2016 3345 accusavit,

1124 3369 1250 3409 quem
1266 3357 1453 3397 Senatus
1468 3356 1713 3395 damnatum
1734 3354 1775 3393 in
1796 3363 2015 3393 carcerem

1123 3420 1279 3472 conjici
1301 3420 1451 3471 jussit.
1507 3419 1560 3459 In
1589 3419 1668 3457 hac
1688 3417 1866 3456 historia
1884 3415 2013 3455 Vale·

1122 3484 1211 3523 rius
1229 3484 1427 3524 dissentit
1447 3496 1471 3522 a
1492 3482 1626 3522 Livio.
1682 3481 1780 3520 Non
1796 3479 1909 3519 enim
1928 3479 2012 3519 Ve-

1124 3548 1300 3598 turium,
1317 3546 1390 3586 sed
1406 3545 1608 3585 Publium
1624 3543 1838 3596 quendam
1856 3553 2012 3582 nexum
