2346 3996
382 275 525 330 1346

382 407 602 459 tissimam,
622 407 854 457 obsideret,
882 407 979 460 quia
1012 419 1260 460 expugnare

381 483 466 510 non
514 476 673 523 posset,
708 482 790 510 una
819 471 971 510 mulier
1006 470 1176 522 ingenio
1214 475 1259 510 et

381 533 542 574 virtute
561 546 637 572 sua
667 534 966 584 expugnandae
992 533 1108 573 urbis
1131 533 1259 572 ratio-

380 611 478 638 nem
498 599 674 638 invenit.
729 598 835 637 Cum
863 600 975 638 enim
995 598 1180 638 adducta
1200 611 1263 637 es-

382 668 450 701 set
474 661 517 701 in
538 666 682 701 castra
701 673 724 700 a
753 661 940 700 Menone
972 661 1062 713 ejus
1096 662 1263 712 marito,

382 724 568 764 nondum
587 724 699 764 euim
720 736 826 763 uxor
846 724 950 764 Nini
968 722 1082 764 facta
1099 723 1259 774 fuerat,

380 788 471 839 illa,
504 792 551 831 ut
574 788 766 828 acumine
803 788 1042 840 praestabat
1082 788 1260 840 ingenii,

381 857 612 905 perspecta
643 852 876 904 obsidione,
899 859 987 893 tum
1020 853 1103 893 loci
1124 853 1259 893 urbis-

382 927 465 968 que
485 915 586 966 situ,
601 927 767 968 quaque
793 915 902 955 adiri
933 921 1094 967 posset,
1128 915 1260 955 anim-

382 977 588 1028 adversis,
608 969 763 1027 arcem,
774 979 876 1030 quia
895 978 988 1018 loco
1003 984 1155 1028 natura
1171 990 1260 1017 mu·

382 1041 476 1080 nito
495 1039 744 1094 difficilique
765 1047 877 1091 erat,
902 1047 947 1081 et
976 1053 1101 1094 quem
1122 1041 1259 1080 nullus

380 1110 509 1144 antea
528 1109 719 1143 tentarat
745 1115 936 1155 accessu,
955 1104 1160 1144 custodiis
1191 1117 1260 1143 va-

382 1180 505 1211 cuam
525 1168 764 1220 conspexit,
782 1174 828 1207 et
856 1167 1034 1207 intentis
1053 1167 1262 1216 omnibus,

382 1232 500 1272 velut
531 1244 627 1271 arce
650 1231 702 1271 ab
725 1231 847 1270 hoste
868 1236 978 1280 tuta,
998 1235 1046 1269 ut
1067 1228 1260 1269 inferiori

380 1295 494 1347 parti
537 1295 767 1344 campestri
814 1292 1047 1332 subsidium
1084 1290 1264 1344 ferrent,

382 1357 580 1410 sumptis,
600 1358 673 1410 qui
708 1369 784 1408 per
798 1357 894 1397 loca
915 1361 1086 1407 petrosa
1107 1355 1261 1406 abrup-

381 1427 511 1473 taque
530 1419 759 1459 ascendere
779 1420 896 1459 soliti
916 1423 1055 1468 erant,
1077 1429 1153 1471 per
1173 1417 1262 1458 adi-

380 1489 473 1523 tum
493 1483 612 1522 vallis
639 1482 924 1534 praecipitem‚
955 1486 1160 1534 superata
1179 1481 1263 1520 loci

382 1546 638 1598 asperitate,
658 1552 825 1597 partem
859 1545 969 1584 arcis
989 1545 1121 1596 cepit,
1145 1556 1261 1595 mag-

378 1621 520 1662 noque
541 1608 595 1648 ad
619 1614 826 1649 terrorem
853 1607 1046 1647 excitato
1064 1607 1264 1657 tumultu,

380 1674 547 1726 signum
566 1678 706 1725 captae
736 1672 845 1712 arcis
874 1671 1168 1713 obsidentibus
1187 1671 1261 1711 de-

382 1737 460 1777 dit.
517 1736 739 1789 Oppidani
767 1749 865 1777 arce
885 1737 1039 1777 amissa
1059 1736 1261 1788 obstupe·

379 1800 502 1848 facti,
522 1800 744 1841 derelictis
764 1800 989 1852 moenibus,
1009 1799 1112 1851 fuga
1128 1800 1260 1841 saluti

381 1864 700 1904 consuluerunt.
775 1864 916 1915 Capta
952 1864 1149 1914 civitate,
1185 1864 1260 1904 ad-

381 1927 558 1967 miratus
577 1926 868 1967 Semiramidis
886 1927 1087 1968 virtutem
1109 1928 1261 1980 Ninus,

381 2002 475 2031 eam
493 1990 575 2030 sibi
593 2002 769 2030 uxorem
789 1990 956 2031 ascivit.
990 1991 1138 2030 Oliver.

435 2054 647 2106 Decorem]
674 2053 885 2094 Ornatum
912 2058 956 2094 et
974 2053 1258 2106 pulchritudi-

383 2127 496 2157 nem.

438 2182 604 2222 Tantam
622 2181 773 2234 urbem]
811 2183 951 2225 Quam
981 2187 1154 2223 constat
1172 2194 1260 2222 om-

380 2245 496 2286 nium
513 2246 783 2286 orientalium
803 2245 1030 2286 maximam
1049 2257 1152 2285 esse.

435 2308 545 2348 CAP.
564 2320 632 2349 1v.
674 2309 957 2360 Protrahatur,
983 2307 1071 2359 Sym]
1112 2307 1262 2348 Dictu-

379 2384 451 2411 rus
484 2372 538 2412 de
573 2371 786 2422 Avaritia,
818 2383 913 2411 eam
951 2370 1261 2424 quodammodo

379 2434 545 2475 definit.
573 2435 799 2476 Sallustius
819 2446 920 2475 vero
934 2435 1070 2475 multo
1082 2434 1258 2474 melius:

382 2499 489 2539 dicit
520 2498 656 2538 enim:
688 2497 920 2538 ‘Avaritia
948 2497 1142 2549 pecuniae
1174 2501 1261 2536 stu-

382 2562 499 2603 dium
517 2561 667 2613 habet,
686 2574 811 2614 quam
841 2573 968 2602 nemo
998 2561 1169 2613 sapiens
1190 2572 1260 2599 uu-

381 2637 506 2679 quam
539 2625 814 2681 concupivit:
845 2637 913 2676 ea,
941 2625 1062 2678 quasi
1087 2623 1260 2663 venenis

378 2689 501 2728 malis
519 2689 703 2739 imbuta,
720 2700 874 2741 corpus
899 2687 1168 2738 animumque
1200 2685 1261 2725 vi-

379 2752 503 2792 rilem
535 2751 780 2804 effoeminat,
805 2761 1062 2803 semperque
1087 2749 1260 2788 insatia-

380 2814 479 2854 bilis
511 2820 594 2864 est,
613 2825 753 2866 neque
787 2813 927 2866 copia,
948 2823 1087 2864 neque
1116 2810 1260 2862 iuopia

380 2876 611 2917 minuitur.’
667 2877 818 2916 Cicero
846 2876 962 2915 illam
981 2875 1069 2925 igni
1090 2885 1258 2925 compa-

379 2944 464 2990 rat,
482 2940 551 2980 cui
580 2944 741 2992 quanto
777 2940 870 2992 plus
890 2939 1081 2978 materiae
1112 2947 1261 2988 super-

379 3001 629 3054 imponitur,
664 3007 785 3042 tanto
825 3001 959 3053 magis
992 2999 1259 3050 incenditur3

381 3066 443 3106 sic
469 3072 515 3106 et
541 3066 734 3116 avaritia,
754 3074 912 3118 quanto
931 3064 1027 3116 plus
1046 3062 1258 3116 habuerit,

379 3134 503 3170 tanto
521 3128 655 3181 magis
674 3127 969 3180 concupiscit3
999 3137 1113 3177 nam,
1132 3129 1180 3165 ut
1198 3126 1259 3165 ait

380 3194 583 3236 Juvenal.
603 3194 615 3214 ‘
631 3194 812 3246 Semper
827 3191 995 3233 Crescit
1011 3203 1127 3231 amor
1140 3203 1259 3231 num-

379 3257 452 3306 mi,
488 3261 693 3310 quantum
724 3256 821 3305 ipsa
860 3254 1043 3306 pecnnia
1075 3253 1260 3295 crescit!

380 3319 510 3360 Unde
547 3324 615 3359 est
650 3319 755 3359 illud
791 3318 939 3361 tritum
969 3317 1083 3369 apud
1113 3329 1259 3357 omnes

381 3383 674 3435 proverbium,
691 3395 787 3423 cum
817 3387 976 3423 caetera
992 3382 1096 3434 vitia
1114 3394 1257 3422 senes-

381 3452 500 3498 cant,
519 3448 611 3487 sola
631 3446 811 3486 avaritia
818 3445 1079 3498 juvenescit.
1111 3444 1217 3484 oliv.

436 3509 621 3550 Habendi
631 3508 910 3560 fructufelix]
938 3508 1060 3552 Felix
1075 3513 1156 3561 est,
1186 3507 1258 3560 qui

981 289 1157 329 No'rAE
1198 289 1527 329 VARIORUM
1569 291 1634 329 IN

1325 420 1378 448 ex
1393 409 1523 449 rebus
1546 408 1682 460 partis
1702 407 1884 450 fructum
1915 411 2048 463 capit.
2103 412 2202 454 Hoc

1323 477 1465 511 autem
1485 482 1570 510 non
1602 472 1760 513 accidit
1783 486 1938 515 avaro:
1969 487 2051 515 non
2071 476 2203 528 igitur

1323 533 1437 573 felix.
1471 535 1597 574 Idem.

1377 599 1398 648 ᾗ
1420 602 1441 636 1
1472 597 1757 650 Subjecissent]
1805 602 1914 641 Nam
1936 607 2103 642 mortuo
2122 602 2204 642 Mi-

1322 661 1458 711 nutio‚
1477 666 1779 702 testamentum
1813 664 1876 704 illi
1907 676 1993 704 non
2025 664 2203 705 Minu'tii

1322 724 1556 776 testatoris,
1589 726 1665 766 sed
1701 726 1814 766 aliud
1851 739 1877 766 a
1913 739 1958 767 se
1991 728 2202 780 scriptum

1323 787 1527 839 subjecit.
1557 789 1684 830 Idem.

1375 852 1443 903 §2
1475 852 1555 896 Qui
1585 852 1629 892 in
1663 852 1865 904 Hispania
1901 853 2047 893 Silium
2081 858 2119 895 et
2145 856 2201 895 A.

1325 915 1596 968 Calpurnium]
1625 917 1695 956 Ita
1711 917 1850 968 vulgo.
1906 915 2091 958 Veteres
2104 917 2225 969 libri,

1321 977 1483 1018 habent
1497 980 1759 1031 praenomiua
1773 980 1814 1020 in
1835 980 2015 1032 vulgatis
2031 980 2204 1031 omissa,

1323 1042 1387 1082 Μ.
1403 1042 1566 1095 Siliam,
1578 1044 1629 1083 A.
1648 1044 1918 1096 Calpurnium.
1960 1043 2127 1085 Hirtius
2146 1044 2202 1084 de

1322 1103 1436 1145 bello
1468 1104 1759 1147 Alexandrino
1781 1109 1831 1154 Q.
1851 1107 2031 1149 Sextium
2049 1103 2203 1160 sugge-

1324 1168 1380 1208 rit
1400 1181 1476 1220 pro
1495 1169 1560 1210 Μ.
1579 1170 1699 1210 Silio.
1729 1172 1851 1222 Pigh.

1377 1231 1428 1270 In
1443 1231 1645 1282 Hispania
1665 1233 1830 1285 Silium]
1863 1236 1913 1280 Q.
1932 1235 2117 1276 Sextium
2133 1246 2202 1274 vo·

1323 1299 1397 1334 cat
1424 1294 1611 1347 Hirtius,
1644 1303 1690 1335 et
1723 1297 1775 1336 de
1803 1308 1979 1338 numero
2010 1295 2090 1337 Hs.
2121 1297 2204 1337 dis-

1323 1355 1466 1396 sentit.
1499 1357 1665 1398 Corrad.

1377 1418 1640 1470 Pugionibus]
1669 1420 1823 1472 Pugio,
1841 1419 1970 1460 breve
1991 1421 2122 1462 telum
2141 1421 2202 1460 la-

1325 1481 1407 1522 teri
1442 1482 1682 1533 adhaerens,
1711 1496 1736 1522 a
1765 1483 2008 1535 pungendo,
2039 1483 2122 1533 vel,
2154 1489 2201 1524 ut

1324 1545 1396 1585 alii
1415 1547 1578 1597 volunt,
1599 1559 1623 1586 a
1645 1558 1786 1599 pugno
1806 1546 1963 1587 dictus.
2001 1547 2148 1586 Oliter.

1379 1609 1401 1660 ς
1420 1612 1444 1648 3
1460 1609 1568 1649 Auro
1585 1610 1628 1648 id
1645 1622 1685 1649 se
1702 1608 1970 1661 repensurum]
1998 1608 2199 1650 Edictum

1321 1668 1485 1711 fecerat
1522 1670 1718 1724 Opimius
1754 1672 1919 1722 consul,
1955 1683 1999 1712 se
2037 1678 2199 1712 tantum

1323 1736 1412 1776 auri
1434 1736 1650 1787 daturum,
1668 1738 1815 1789 quanti
1846 1736 2047 1788 ponderis
2068 1736 2204 1777 Grac-

1323 1801 1391 1841 chi
1411 1808 1540 1853 caput
1560 1809 1693 1852 esset,
1721 1803 1761 1842 ei
1780 1802 1962 1853 scilicet,
1981 1802 2052 1855 qui
2071 1807 2202 1855 caput

1322 1863 1425 1904 illud
1445 1865 1499 1903 ad
1518 1877 1564 1905 se
1586 1865 1832 1906 detulisset.
1865 1865 2014 1906 Oliver.

1375 1927 1564 1979 Liquato]
1594 1929 1740 1969 Soluto
1756 1933 1801 1968 et
1819 1926 2050 1981 liquefacto
2064 1929 2201 1981 plum-

1321 1990 1393 2032 bo.

1341 2096 1343 2098 ,
1375 2054 1452 2094 Ille
1469 2054 1695 2106 seditiosus]
1744 2055 2202 2109 Concedatur,inquit‚

1321 2111 1570 2158 seditiosum
1615 2117 1744 2158 fuisse
1792 2119 2047 2159 Gracchum.
2102 2114 2200 2160 noc

1321 2187 1465 2221 autem
1486 2181 1607 2232 dicit,
1621 2182 1720 2234 quia
1737 2181 1977 2229 dubitatur.
1993 2194 2047 2222 an
2060 2181 2201 2235 priva-

1323 2249 1459 2283 tarum
1479 2257 1608 2296 opum
1641 2245 1892 2298 cupiditate,
1911 2258 1965 2285 an
1993 2247 2102 2299 reip.
2118 2246 2201 2287 uti-

1322 2307 1448 2347 litate
1485 2308 1672 2360 agrarias
1702 2311 1818 2361 leges
1850 2309 1970 2350 ferre
2002 2309 2202 2350 voluerit.

1326 2371 1476 2411 Oliver.

1375 2434 1493 2474 Bono
1506 2435 1670 2487 perierit
1685 2434 1876 2487 exemplo]
1912 2435 2092 2476 Occisus
2111 2433 2202 2476 fue-

1322 2496 1381 2536 rit
1400 2509 1477 2549 pro
1497 2498 1685 2538 utilitate
1701 2499 1806 2550 reip.
1821 2501 1869 2538 ut
1883 2510 1907 2537 a
1918 2496 2201 2538 seditionibus

1323 2560 1404 2600 sibi
1423 2566 1609 2601 caveant
1627 2562 1781 2614 reliqui
1794 2561 1926 2612 cives,
1942 2572 2039 2601 cum
2057 2571 2201 2601 exem-

1324 2622 1395 2674 plo
1417 2623 1604 2664 Gracchi
1623 2623 1774 2663 moniti
1793 2623 1894 2674 sint,
1909 2634 2006 2674 quae
2026 2618 2200 2667 sedium

1323 2685 1382 2725 sis
1401 2686 1502 2726 viris
1521 2688 1697 2738 praemia
1716 2686 2020 2726 decernantur.
2049 2685 2173 2726 laem.

1375 2749 1493 2789 ΕΧΤ.
1521 2750 1587 2801 §5
1620 2747 1881 2800 Odium‚&c.]
1928 2748 2127 2788 Diximus
2154 2748 2199 2787 in

1323 2826 1418 2866 cap.
1438 2814 1499 2855 de
1528 2814 1840 2865 Moderatione,
1863 2813 2085 2865 Senatum,
2100 2824 2199 2854 cum

1323 2878 1516 2919 audisset
1560 2879 1841 2918 Ptolemaeum
1880 2889 2025 2930 regem
2067 2875 2202 2929 Cypri

1323 2942 1523 2993 grandem
1544 2940 1728 2982 conflare
1748 2941 1990 2993 pecuniam,
2002 2939 2202 2989 veritum,

1323 3016 1377 3045 ne
1394 3005 1524 3046 tantis
1540 3005 1695 3058 opibus
1713 3016 1790 3045 rex
1804 3004 2022 3055 incitatus,
2041 3004 2200 3044 bellum

1323 3073 1563 3120 renovaret,
1595 3069 1785 3120 Cyprum
1805 3067 1848 3106 in
1869 3066 2096 3119 provinciae
2117 3064 2199 3105 for-

1322 3143 1434 3172 mam
1470 3131 1668 3183 redigere
1710 3129 1997 3171 constituisse.
2070 3127 2200 3171 Quod

1322 3195 1396 3235 ubi
1424 3194 1515 3246 regi
1553 3193 1796 3234 nuntiatum
1828 3198 1912 3243 est,
1957 3202 2062 3243 opes
2100 3204 2198 3231 suas

1323 3257 1430 3309 peti,
1449 3257 1493 3296 id
1518 3257 1630 3310 quod
1651 3261 1761 3306 erat,
1787 3254 2060 3295 existimavit.
2116 3255 2198 3295 Ut-

1323 3333 1406 3375 que
1436 3321 1649 3361 Romanos
1679 3317 1861 3371 pecunia
1904 3316 2201 3369 frustraretur,

1323 3396 1417 3424 eam
1435 3388 1572 3423 totam
1599 3381 1781 3422 navibus
1800 3381 2019 3434 imposuit,
2039 3391 2090 3421 eo
2109 3381 2199 3420 ani-

1321 3459 1409 3498 mo,
1451 3451 1499 3486 ut
1553 3445 1617 3485 his
1660 3443 1888 3497 perforatis
1933 3444 2198 3484 obrueretur.

1322 3507 1463 3556 Quod,
1483 3520 1612 3562 quum
1625 3507 1719 3559 jam
1740 3507 1868 3548 altum
1887 3506 2082 3560 petisset,
2099 3517 2199 3550 ava·
