2320 4004
369 325 509 378 1182

371 463 601 508 auctorem,
621 462 664 497 et
678 458 717 496 iu
733 457 902 496 exilium
920 456 980 495 ire
995 455 1240 506 coegerunt.

367 523 478 563 Sunt
497 523 626 562 etiam
645 522 716 574 qui
745 522 907 570 dicunt,
939 532 1032 559 cum
1053 518 1238 558 Annibal

370 598 415 625 se
436 586 479 624 in
496 585 634 624 vicum
654 597 773 623 suum
794 583 1046 633 recepisset,
1065 583 1243 622 Cartha-

370 649 594 699 ginienses,
616 648 796 698 sumptis
813 647 958 696 armis,
977 659 1072 686 eum
1093 653 1243 698 petere

369 712 553 751 voluisse
586 711 639 750 ad
666 722 828 750 necem.
885 709 1097 752 Quodubi
1119 710 1242 749 intel-

369 775 473 815 lexit
509 773 716 823 Annibal,
748 773 942 825 confugit
961 775 999 812 in
1020 773 1165 813 Asiam
1189 773 1240 812 ad

366 838 639 883 Antiochum,
676 837 745 877 cui
766 850 810 876 se
831 842 1055 888 tantopere
1084 837 1243 876 insinu—

367 901 471 951 avit,
519 906 566 941 ut
611 901 880 952 hospitaliter
925 898 1241 950 honorificeque

366 971 612 1016 susceptus,
630 965 671 1003 in
688 964 879 1004 omnibus
899 963 1075 1015 publicis
1097 969 1141 1002 et
1160 963 1241 1013 pri-

368 1029 478 1068 vatis
511 1027 702 1067 consiliis
741 1026 1039 1075 adhiberetur-3
1067 1027 1241 1078 quinon

364 1093 482 1145 prius
514 1092 701 1141 destitit,
737 1102 861 1142 quam
892 1101 1037 1141 regem
1057 1090 1241 1141 impulit,

363 1160 411 1196 ut
430 1156 631 1196 Romanis
659 1155 816 1194 bellum
838 1152 1032 1194 inferret.
1087 1153 1240 1192 Cicero

362 1219 407 1260 in
423 1219 547 1259 Orat.
565 1212 670 1258 xm.
685 1217 798 1258 circa
808 1216 933 1255 finem
948 1229 959 1255 ε
984 1216 997 1237 ‘
1014 1216 1121 1257 Quis
1138 1216 1241 1255 Car·

361 1283 686 1334 thaginiensium
724 1281 852 1332 pluris
890 1279 973 1318 fuit
1010 1278 1239 1330 Annibale,

363 1347 554 1397 consilio,
587 1335 762 1394 virtute,
797 1344 921 1383 rebus
960 1342 1119 1394 gestis?
1164 1344 1236 1395 qui

362 1423 469 1452 unus
501 1423 594 1452 cum
633 1410 792 1463 populo
812 1410 1004 1448 Romano
1024 1412 1089 1447 tot
1109 1419 1240 1447 anuos

360 1475 416 1515 de
468 1473 662 1526 imperio,
707 1473 760 1512 de
800 1471 933 1524 gloria
982 1470 1238 1510 decertavit.

360 1539 489 1579 Hunc
504 1538 569 1578 sui
588 1538 704 1577 cives
722 1535 776 1576 de
795 1534 969 1576 civitate
986 1533 1238 1586 ejecerunt:

361 1598 510 1640 Oliver.

411 1666 434 1717 ς
462 1669 487 1705 2
515 1665 716 1717 Lycurgo]
778 1662 1006 1715 Rempubl.
1035 1661 1239 1702 Lacedae-

357 1730 593 1768 moniorum
611 1729 676 1768 hic
696 1729 758 1768 ita
776 1727 1018 1777 constituit,
1051 1731 1099 1765 ut
1119 1727 1239 1765 nulla

357 1792 522 1843 melior,
537 1793 654 1832 nulla
673 1792 874 1839 sanctior,
890 1788 1031 1842 quoad
1049 1789 1239 1840 Lycurgi

358 1856 533 1907 legibus
548 1855 883 1907 obtemperavit,
902 1853 944 1892 in
961 1858 1051 1892 tota
1067 1852 1239 1892 Graecia

356 1926 501 1970 posset
516 1919 719 1968 inveniri;
750 1924 888 1958 tamen
907 1916 949 1954 iu
970 1915 1081 1954 hunc
1101 1914 1237 1954 virum

355 1982 670 2023 Lacedaemonii
688 1982 792 2021 adeo
809 1979 965 2030 ingrati
980 1977 1172 2026 fuerunt,
1190 1981 1238 2016 ut

356 2047 475 2087 illum
489 2059 605 2098 saepe
625 2045 792 2097 injuriis
807 2041 1087 2090 lacessierint,
1107 2047 1234 2092 atque

354 2110 398 2150 in
430 2111 577 2163 primis
608 2109 860 2161 locupletet»,
891 2106 962 2158 qui
991 2104 1083 2154 ejus
1119 2105 1237 2155 leges

356 2173 547 2225 graviter
573 2171 783 2221 ferentes,
826 2171 1039 2222 pulsatum
1081 2179 1104 2205 a
1141 2166 1246 2207 foro.

358 2248 473 2288 saepe
494 2235 856 2287 perturbaverint,
890 2236 935 2270 et
972 2231 1030 2270 illi
1065 2230 1233 2269 oculum

352 2299 567 2348 eruerint3
594 2309 696 2350 quas
728 2295 898 2348 quidem
931 2292 1106 2345 injurias
1150 2291 1236 2332 leni

355 2364 505 2405 tulisse
527 2363 666 2402 animo
686 2360 859 2406 dicitur,
891 2357 1013 2408 adeo,
1038 2363 1086 2396 ut
1106 2356 1234 2396 etiam

354 2425 600 2468 effossorem
634 2425 746 2464 oculi
778 2428 986 2474 perpetuo
1018 2419 1234 2470 dilexerit,

353 2491 523 2544 sibique
543 2490 781 2530 ministrum
812 2486 988 2535 fecerit,
1024 2490 1066 2524 et
1086 2497 1140 2523 ex
1159 2485 1233 2524 im-

352 2555 489 2608 probo
520 2566 569 2594 ac
604 2553 838 2594 temerario
876 2551 966 2590 viro
1008 2549 1232 2589 exactissi-

352 2632 463 2659 mum
484 2624 529 2659 et
546 2615 962 2658 continentissimum
983 2612 1234 2652 reddiderit.

351 2683 457 2722 Cum
496 2681 627 2733 igitur
660 2676 973 2719 Lacedaemonii
1004 2686 1233 2727 conquere-

351 2750 518 2795 rentur,
543 2743 657 2796 quod
676 2744 795 2794 leges
817 2741 899 2780 inae
920 2739 1038 2778 durae
1059 2738 1231 2777 nimium

351 2813 495 2848 essent
517 2813 562 2847 et
580 2806 779 2857 immites,
807 2806 1028 2855 Lycurgus
1062 2801 1230 2841 simula-

352 2871 414 2911 vit
451 2881 520 2909 eas
552 2881 597 2909 se
635 2869 745 2908 velle
791 2871 989 2914 mutare3
1036 2864 1230 2904 consulto

351 2941 494 2975 tamen
541 2933 660 2986 prius
702 2930 888 2981 oraculo,
930 2939 1068 2980 neque
1116 2928 1230 2967 enim

351 2999 513 3050 absque
560 2995 644 3035 Dei
690 2993 867 3034 consilio
915 3004 960 3031 se
1007 2991 1230 3044 quicquam

349 3062 561 3102 facturum
590 3071 684 3100 esse
716 3057 903 3097 dicebat.
961 3056 1067 3095 Cum
1102 3055 1233 3105 igitur

350 3125 542 3177 Delphos
580 3121 642 3162 ire
681 3120 991 3170 constituisset,
1024 3117 1231 3157 advocata

352 3190 581 3239 concione,
618 3187 736 3228 cives
770 3197 912 3226 omnes
942 3183 1230 3236 jurejurando

352 3255 516 3306 adegit,
549 3257 790 3293 servaturos
822 3249 1061 3297 inviolatas,
1090 3245 1230 3299 quoad

350 3317 514 3358 rediret
531 3317 575 3356 in
595 3315 794 3368 patriam.
849 3310 1081 3352 Profectus
1112 3309 1230 3349 dein-

352 3380 423 3430 de,
456 3392 552 3419 cum
588 3378 827 3430 accepisset
859 3375 911 3414 ab
937 3374 1108 3413 oraculo
1138 3372 1230 3424 pias

351 3447 608 3495 sanctasque
636 3442 755 3492 leges
776 3445 822 3480 et
840 3438 954 3478 nullo
988 3436 1114 3476 modo
1133 3447 1229 3487 per·

353 3505 607 3555 mutandas;
637 3505 712 3544 sed
739 3504 957 3544 civitatem
994 3501 1107 3539 illam
1139 3497 1230 3538 fore

352 3569 644 3619 clarissimam,
675 3567 814 3620 quoad
846 3563 1036 3618 Lycurgi
1064 3562 1229 3615 legibus

965 336 1142 376 NOTAE
1182 332 1512 376 VARtORUM
1555 336 1619 377 IN

1307 462 1527 506 meretum
1580 457 1839 496 Vaticinium
1904 455 2092 508 scripsit,
2145 461 2190 498 et

1311 519 1513 569 Spartam
1554 520 1682 559 misit.
1740 519 1924 570 Deinde,
1958 531 2010 558 ne
2047 531 2188 560 sacra-

1307 590 1451 621 mento
1474 583 1710 621 solveretur
1743 583 1912 632 civitas,
1945 585 1985 622 in
2015 585 2187 623 Cretam

1308 643 1606 695 proficiscitur,
1639 645 1782 696 ibique
1813 654 2065 696 perpetuum
2097 648 2191 697 egit·

1306 708 1496 754 exilium,
1533 721 1582 747 ac
1616 709 1800 747 moriens
1831 709 1962 760 jussit
1997 711 2038 748 in
2069 723 2185 749 mare

1306 771 1447 821 spargi
1467 772 1630 810 cineres
1650 782 1764 820 suos,
1786 783 1856 821 ne,
1873 772 1907 810 si
1927 771 2037 811 forte
2055 772 2097 810 in
2113 784 2186 823 pa·

1305 835 1429 874 triam
1447 839 1785 885 reportarentur,
1799 833 1975 873 rediisse
1992 835 2186 874 credere-

1307 905 1391 948 tur,
1425 904 1470 937 et
1498 898 1559 937 sic
1578 897 1858 949 jurejurando
1879 897 2031 938 civitas
2051 899 2187 939 libera

1309 960 1438 1000 foret.
1465 961 1612 1001 Oliver.
1639 996 1641 998 ,
2184 968 2187 969 ’

1365 1024 1576 1063 Utiliorem
1613 1023 1758 1074 tirum]
1807 1025 1877 1064 De
1924 1024 2005 1064 hoc
2053 1025 2186 1064 multa

1304 1088 1576 1139 Plutarchus,
1623 1088 1888 1138 Herodotus,
1934 1087 2187 1140 Dionysius,

1301 1152 1499 1194 Justiuus
1519 1152 1596 1192 lib.
1616 1164 1688 1192 111.
1705 1156 1750 1191 et
1772 1162 1912 1191 xvm.
1934 1151 2090 1192 Strabo
2109 1152 2184 1192 lib.

1305 1228 1411 1257 vm.
1445 1223 1491 1258 et
1527 1229 1572 1259 x,
1628 1217 1935 1267 Tertullianus,
1981 1217 2179 1256 Clemens

1308 1279 1638 1331 Alexandrinus,
1655 1279 1918 1332 Augustinus
1933 1279 2008 1320 lib.
2020 1291 2071 1320 11.
2083 1291 2180 1332 cap.

1306 1347 1372 1384 16.
1415 1345 1587 1384 Velleio
1625 1343 1795 1395 quidem
1849 1343 2080 1382 Paterculo
2115 1348 2184 1382 est

1302 1407 1561 1458 Disciplinae
1596 1406 2011 1446 convenientissimae
2033 1406 2110 1454 vir,
2137 1406 2180 1446 id

1303 1476 1384 1520 est,
1429 1470 1686 1510 utilissimae..
1741 1468 1867 1509 Unde
1905 1475 1950 1508 et
1984 1469 2183 1508 Valerius

1303 1536 1364 1576 ait
1387 1535 1478 1587 ejus
1513 1536 1629 1586 leges
1656 1533 1900 1573 salutariter
1917 1533 2182 1584 excogitatas

1302 1611 1412 1640 esse.
1468 1600 1566 1639 Non
1587 1597 1797 1638 immerito
1818 1597 1948 1648 igitur
1963 1597 2031 1637 hic
2049 1596 2185 1650 Σωτὴρ

1302 1661 1459 1702 civium
1490 1673 1659 1701 suorum
1699 1660 1867 1700 dictus:
1898 1660 2010 1700 sicut
2029 1659 2180 1700 Aristi-

1306 1725 1382 1765 des
1400 1724 1560 1776 δίκαιος,
1597 1724 1912 1777 Epaminondas
1939 1723 2038 1776 θεὸς,
2070 1727 2184 1765 ῐεεῑε

1303 1792 1522 1844 Epicteto.
1555 1793 1683 1832 Coler.

1354 1855 1495 1907 Apollo
1518 1855 1705 1907 Pythius]
1733 1855 1943 1907 Pythonis
1969 1853 2182 1905 serpentis

1302 1919 1607 1971 interemptor,
1642 1918 1764 1970 cujus
1795 1919 1907 1969 pelle
1927 1917 2116 1968 tripodes
2134 1918 2178 1956 in

1303 1984 1462 2035 templo
1485 1982 1695 2033 Delphico
1710 1987 1837 2021 tectae
1857 1980 2177 2020 erant.Badius.

1355 2043 1589 2094 Sinceritas]
1621 2044 1728 2083 Nam
1760 2043 1831 2095 pie
1864 2054 2031 2094 semper
2058 2042 2180 2091 vixit,

1303 2117 1349 2152 et
1369 2112 1575 2151 avunculo
1595 2109 1722 2150 fidem
1752 2121 1956 2149 summam
1975 2108 2179 2148 servavit.

1360 2174 1726 2225 Constantissimus]
1797 2171 2178 2213 Perseverantissi-

1279 2251 1417 2290 imus;
1447 2239 1621 2279 exilium
1649 2238 1760 2277 enim
1790 2236 1939 2286 elegit,
1971 2246 2026 2274 ne
2046 2235 2180 2284 leges,

1300 2315 1395 2356 quae
1418 2303 1569 2354 patriae
1597 2301 1785 2341 salubres
1813 2305 1951 2350 erant,
1971 2298 2060 2338 tolli
2082 2306 2178 2349 pos-

1298 2374 1407 2408 sent.
1439 2369 1587 2408 Oliver.

1352 2431 1543 2471 Privatus
1557 2430 1681 2481 oculo]
1699 2429 1871 2470 Servius
1899 2428 2047 2477 aliter;
2079 2425 2180 2466 scri-

1296 2495 1362 2536 bit
1382 2497 1491 2535 euim
1505 2496 1558 2535 oh
1573 2495 1771 2547 injuriam
1783 2491 1940 2533 vitibus
1958 2492 2048 2531 sive
2067 2492 2179 2531 Bac-

1298 2559 1376 2598 cho
1405 2559 1580 2598 inlatam
1611 2572 1634 2597 a
1666 2558 1776 2599 Jove
1813 2558 2050 2596 eluscatum
2071 2558 2178 2595 esse.

1296 2621 1383 2661 Sed
1403 2620 1554 2661 isthaec
1572 2620 1728 2660 fabulae
1747 2621 1847 2659 sint.
1880 2620 2056 2658 Ceteras.

1351 2685 1413 2734 §3
1444 2685 1521 2722 Ille
1550 2684 1713 2723 vicatim
1742 2683 1934 2734 dispersos
1963 2681 2066 2722 cives
2089 2692 2178 2720 suos

1294 2745 1336 2785 in
1356 2757 1472 2786 unam
1490 2745 1623 2786 urbem
1640 2743 1858 2794 contraxit]
1887 2744 1938 2783 In
1961 2743 2175 2783 veteribus

1296 2809 1454 2857 est‚ille
1469 2808 1638 2848 locatim.
1669 2809 1838 2848 Neutra
1852 2820 1933 2847 vox
1948 2807 1998 2847 ad
2015 2819 2177 2856 verum,

1296 2878 1336 2911 et
1361 2870 1487 2911 facile
1508 2883 1563 2910 ex
1598 2871 1676 2911 hac
1706 2870 1990 2910 inconstantia
2022 2870 2176 2909 odoror

1294 2935 1535 2986 suppositas
1572 2933 1664 2973 illas
1710 2946 1787 2985 pro
1835 2946 2038 2985 germana
2082 2934 2179 2984 ista,

1290 2997 1484 3048 pagatim.
1535 2994 1815 3036 Athenienses
1829 2994 1940 3035 enim
1959 2996 2176 3035 anteThe·

1294 3071 1367 3100 sea
1397 3060 1438 3099 in
1473 3059 1592 3112 pagis
1617 3059 1891 3101 habitarunt:
1921 3061 1983 3098 ita
2007 3058 2178 3098 Plutar-

1295 3124 1412 3163 chus.
1460 3125 1517 3163 Et
1532 3122 1767 3162 clarissime
1789 3122 1931 3161 Livius
1954 3120 2173 3160 lib.xxx1.

1295 3187 1308 3209 ‘
1330 3187 1519 3226 Delubra
1549 3185 1629 3225 sibi
1661 3184 1824 3234 fuisse,’
1867 3182 2176 3236 (Athenienses

1294 3248 1501 3301 loquitur)
1548 3248 1561 3271 ‘
1581 3259 1678 3300 quae
1725 3247 1934 3298 quondam
1983 3247 2172 3298 pagatim

1294 3312 1554 3360 habitantes,
1591 3312 1632 3350 iu
1668 3310 1810 3362 parvis
1856 3309 1939 3349 illis
1986 3310 2175 3350 castellis

1296 3374 1484 3425 vicisque
1505 3371 1828 3412 consecrarint!
1886 3371 2008 3412 Idem
2029 3372 2084 3412 de
2106 3373 2174 3412 iis-

1296 3439 1413 3477 dem:
1444 3437 1650 3487 ‘Templa
1682 3436 1836 3486 Deum,
1870 3448 1964 3488 quae
1986 3436 2173 3488 pagatim

1295 3505 1462 3541 sacrata
1480 3498 1728 3539 habebant.’
1759 3499 1931 3552 Lipsius.

1351 3561 1460 3605 Idem
1478 3562 1597 3614 soeva]
1615 3560 1722 3602 Cum
1742 3559 2017 3615 Androgeum
2037 3561 2174 3603 athle-
