2346 3996
371 320 512 374 1302

360 450 559 503 ‘posuisse
589 450 762 496 dicitur,
791 454 839 490 nt
867 461 978 491 nunc
1010 451 1243 493 habemus?

367 525 452 555 non
490 513 573 554 fuit
601 514 769 567 quidem
805 514 968 555 civibus
998 516 1082 555 suis
1113 516 1243 567 utilis,

366 578 443 619 sed
479 579 541 618 ita
574 577 817 630 eloquentia
848 576 993 618 floruit
1030 583 1078 619 ut
1105 579 1240 620 literis

360 640 643 692 <doctrinaque
657 639 910 692 praestaret!
943 640 1090 683 Oliver.

405 705 441 755 κς
470 707 496 743 2
525 703 708 754 Pericles,
732 702 823 754 &ej
845 704 917 743 De
945 704 1115 745 Pericle
1134 705 1238 746 satis

347 765 523 805 'dictum
551 770 616 805 est
640 765 680 804 in
700 777 794 817 cap.
815 765 868 805 dc
889 766 1022 808 Obitu
1041 766 1236 819 filiorum,

364 833 409 867 et
430 827 483 866 de
500 827 785 867 Continentia.
813 827 939 870 Quod
954 839 1052 869 vero
1068 829 1123 869 ad
1142 830 1235 881 ejus

361 887 650 942 eloquentiam
687 895 871 942 spectat,
898 897 1066 934 tantum
1102 893 1235 933 valuit

360 952 532 992 dicendi
542 949 708 993 ratio'ne
721 958 766 993 et
776 955 1036 1008 eloquentia,
1048 960 1096 996 ut
1107 955 1235 996 Athe·

358 1014 546 1055 niensem
573 1015 776 1067 populum
805 1028 883 1068 pro
910 1030 986 1057 sua
1015 1019 1234 1059 voluntate

358 1083 566 1129 versaret,
598 1083 642 1118 et
672 1091 821 1118 eorum
852 1081 1028 1132 animm,
1046 1093 1232 1133 quocun·

357 1153 439 1193 que
468 1143 613 1193 vellet,
633 1141 759 1182 facile
781 1143 1047 1194 impelleret3
1075 1144 1128 1184 de
1148 1157 1231 1196 quo

356 1205 509 1245 Cicero
529 1205 637 1245 libro
672 1206 724 1245 de
759 1206 946 1247 Oratore
967 1218 1035 1247 111.
1088 1207 1230 1249 ‘Quid

355 1268 576 1315 Pericles,’
594 1269 746 1321 inquit,
775 1269 788 1290 ‘
801 1269 855 1308 de
870 1269 992 1320 cujus
1010 1273 1230 1321 potestate

354 1330 527 1371 dicendi
546 1331 607 1371 sic
626 1332 886 1383 accepimus,
902 1337 950 1371 ut
965 1344 1061 1372 cum
1080 1338 1229 1374 contra

353 1394 614 1434 voluntatem
639 1393 962 1434 Atheniensium
982 1395 1229 1448 loqueretur

342 1470 429 1510 pro
449 1459 587 1498 salute
615 1459 767 1510 patriae
801 1459 1002 1510 severius,
1022 1464 1165 1500 tamen
1185 1460 1228 1501 id

348 1520 505 1572 ipsum,
522 1521 634 1573 quod
672 1521 744 1561 ille
768 1526 919 1562 contra
936 1522 1125 1564 homines
1152 1536 1227 1576 po-

347 1586 520 1637 pulares
542 1585 719 1637 diceret,
738 1586 944 1638 populare
960 1587 1154 1628 omnibus
1182 1594 1228 1629 et

338 1650 575 1701 jocundum
591 1651 825 1692 videretur.
881 1651 1014 1703 Cujus
1033 1652 1076 1691 in
1098 1652 1226 1692 labris

349 1718 516 1753 veteres
537 1713 692 1754 comici
710 1725 807 1753 cum
822 1713 884 1753 illi
902 1714 1226 1766 maledicerent,

337 1777 462 1831 <quod
483 1782 571 1817 tum
590 1777 772 1818 Athenis
795 1776 890 1818 fieri
920 1778 1094 1829 licebat,
1113 1780 1226 1831 lepo-

344 1851 436 1879 rem
473 1839 692 1880 habitasse
726 1840 942 1890 dixerunt,
978 1845 1224 1895 tantamque

342 1901 389 1942 in
408 1914 460 1942 eo
482 1901 564 1943 vim
584 1901 730 1954 fuisse,
751 1909 799 1943 ut
831 1903 875 1943 in
900 1916 1045 1945 eorum
1069 1906 1223 1946 menti-

342 1958 441 2017 bus,
476 1977 573 2018 quae
620 1966 855 2023 audissent,
892 1968 1012 2019 quasi
1053 1969 1223 2009 aculeos

343 2027 548 2080 quosdam
579 2028 852 2081 relinqueret.
906 2028 969 2070 At
998 2031 1110 2071 hunc
1140 2044 1222 2072 non

341 2091 607 2132 declamator
661 2092 811 2146 aliquis
863 2093 916 2134 ad
953 2094 1221 2147 clepsydram

339 2154 499 2194 latrare
527 2154 750 2206 docuerat,
777 2155 868 2207 sed,
895 2161 944 2196 ut
963 2157 1223 2209 accepimus,

342 2218 640 2259 Clazomenius
695 2218 769 2258 ille
816 2217 1109 2272 Anaxagoras,
1152 2222 1220 2261 -vir

340 2292 524 2321 summus
544 2282 589 2321 in
617 2281 894 2322 maximarum
924 2294 1063 2324 rerum
1082 2284 1218 2325 scien-

340 2344 416 2384 tia.
488 2345 644 2399 Itaque
675 2345 745 2386 hic
783 2346 992 2399 doctrina,
1023 2349 1216 2400 consilio,

338 2409 585 2461 eloquentia
613 2410 845 2458 excellens,
863 2422 935 2453 xL.
968 2413 1088 2452 annis
1108 2425 1215 2465 prae-

337 2471 422 2513 fuit
443 2471 637 2525 Athenis,
664 2478 709 2514 et
736 2474 909 2515 urbanis
938 2475 1088 2516 eodem
1110 2482 1215 2517 tem-

338 2546 460 2586 pore,
475 2542 520 2576 et
540 2536 704 2577 bellicis
718 2537 873 2578 rebus!
905 2539 1054 2580 Oliver.

398 2599 550 2639 Veteris
564 2601 776 2652 comoediae]
803 2601 922 2641 Vitia
951 2603 1104 2642 acerbe
1130 2609 1215 2645 tra-

338 2660 606 2702 ducebantur
624 2663 667 2702 in
691 2669 844 2703 vetere
870 2665 1094 2717 comoedia,
1115 2668 1215 2719 quia

338 2736 389 2764 ea
409 2724 487 2764 sub
516 2726 701 2778 propriis
734 2727 1003 2777 peccantium
1036 2730 1214 2769 nomini-

337 2787 417 2828 bus
436 2789 710 2830 notabantur.
739 2790 866 2830 Unde
891 2791 1046 2832 Horat.
1065 2804 1097 2832 1.
1116 2793 1213 2832 Ser-

334 2864 540 2892 monum:
601 2853 807 2904 ‘Eupolis
845 2859 975 2907 atque
1015 2857 1215 2897 Cratinus

336 2913 730 2967 Aristophanesque
756 2914 923 2967 Poetae,
956 2915 1099 2970 Atque
1129 2919 1214 2967 alii,

335 2991 512 3032 quorum
533 2978 744 3018 comoedia
762 2979 903 3030 prisca
930 2980 1112 3022 virorum
1133 2986 1214 3034 est,

333 3042 378 3082 Si
400 3042 492 3095 quis
525 3047 619 3082 erat
647 3041 798 3094 dignus
817 3042 1019 3094 describi,
1037 3046 1108 3097 qui
1127 3058 1213 3086 ma-

333 3106 419 3157 lus,
438 3110 513 3145 aut
540 3104 627 3156 fur,
655 3105 744 3145 Aut
774 3107 961 3147 moechus
980 3107 1109 3160 foret,
1139 3114 1214 3150 aut

333 3168 527 3220 sicarius,
547 3174 622 3209 aut
640 3169 796 3222 alioqui
831 3171 1051 3223 Fama-xus,
1079 3174 1215 3213 multa

334 3244 430 3272 cum
449 3231 652 3272 libertate
668 3233 908 3272 notabant!
938 3235 1087 3275 Oliver.
1141 3236 1214 3276 Ve-

333 3295 431 3335 teris
446 3289 663 3346 comoediae]
688 3294 954 3347 Augustinus
989 3298 1059 3337 De
1082 3299 1212 3339 Civit.

331 3359 432 3409 Dei,
450 3358 524 3399 lib.
541 3370 591 3399 11.
619 3371 713 3410 cap.
742 3361 781 3398 9.
838 3358 850 3381 ‘
869 3360 1097 3412 Periclem,
1116 3374 1212 3402 cum

325 3423 418 3475 jam
439 3435 525 3463 suae
545 3423 710 3463 civitati
743 3422 926 3462 maxima
953 3425 1212 3465 auctoritate

331 3486 534 3538 plurimos
573 3497 705 3526 annos
739 3485 851 3525 domi
884 3490 929 3526 et
959 3486 1060 3527 belli
1103 3500 1210 3539 prae-

333 3550 502 3603 fuisset,
518 3549 667 3591 violari
683 3548 889 3603 versibus,
908 3554 953 3590 et
972 3551 1102 3591 cosin
1123 3562 1210 3592 sce-

951 333 1125 373 NOTAE
1166 334 1498 376 VARIORUM
1542 339 1609 378 IN

1307 465 1362 494 na
1378 456 1460 507 agi,
1473 468 1557 497 non
1573 457 1668 508 plus
1684 456 1844 511 decuit,
1858 470 1983 511 quam
1997 459 2030 500 si
2052 460 2181 502 Plau-

1307 522 1376 558 tus
1398 524 1542 560 noster
1562 520 1781 573 voluisset,
1811 529 1886 562 aut
1915 524 2109 579 NaeviuS,
2126 526 2182 566 P.

1305 585 1350 619 et
1378 581 1457 621 Cn.
1475 581 1683 633 Scipioni,
1703 589 1778 623 aut
1799 584 1995 626 Caecilius
2015 587 2078 628 Μ.
2101 588 2180 629 Ca-

1302 643 1394 683 toni
1409 643 1695 686 maledicere!
1727 647 1856 687 Coler.
2172 673 2175 675 —

1355 705 1524 746 Aculeos
1541 707 1742 758 quosdam]
1768 709 1978 750 Stimulos
1999 711 2180 764 relinqui

1300 768 1343 808 in
1379 769 1529 808 animis
1566 770 1733 810 illorum
1771 772 1843 823 qui
1871 772 1992 813 illum
2034 774 2178 815 audie-

1300 836 1410 872 rant.
1465 831 1652 872 Pulchra
1672 832 1820 873 allusio
1853 834 1906 873 ad
1937 847 2055 887 apes,
2081 849 2178 878 nam

1299 894 1398 945 quia
1428 895 1565 935 mellis
1598 896 1806 947 meminit,
1827 901 1945 936 recte
1971 897 2016 937 in
2044 905 2179 940 meta-

1297 957 1432 1009 phora
1446 958 1691 1009 persistens,
1711 959 1878 998 aculeos
1893 958 2024 1000 addit.
2043 961 2149 1000 Oliv.

1340 1021 1562 1071 Augurium
1580 1020 1751 1072 fefellit]
1781 1021 1921 1061 Omen
1950 1026 1995 1062 et
2013 1021 2174 1063 divina-

1298 1082 1372 1122 tio.

1349 1146 1414 1196 §3
1446 1146 1701 1197 Cyrenaicum
1727 1146 2012 1199 philosophum]
2039 1147 2174 1199 Cyre-

1293 1206 1406 1245 naici
1424 1207 1476 1246 ab
1495 1206 1720 1260 Aristippo
1752 1208 2081 1260 descenderunt,
2100 1211 2172 1262 qui

1292 1269 1451 1320 primus
1489 1283 1646 1323 genere
1683 1272 1944 1324 Cyrenaicus
1972 1272 2099 1314 finem
2128 1275 2171 1313 in

1292 1333 1516 1383 voluptate
1530 1332 1734 1384 ponebat.
1769 1334 1876 1373 Oliv.

1345 1395 1458 1434 CAP.
1487 1407 1534 1435 x.
1563 1395 1807 1446 Eloquentioe
1823 1396 2087 1448 autem-ac]
2116 1397 2169 1437 In

1282 1459 1643 1510 pronunciatione
1656 1465 1813 1500 cuncta
1825 1460 1954 1500 totius
1970 1461 2170 1512 eloquen-

1282 1521 1362 1562 vtiae
1383 1528 1636 1563 ornamenta
1655 1535 1748 1564 esse
1767 1524 1974 1576 reposita,
2009 1529 2168 1565 testan-

1291 1591 1361 1627 tur
1394 1599 1556 1637 omnes,
1593 1589 1665 1642 qui
1685 1589 1739 1629 de
1758 1591 1838 1630 hac
1859 1595 1953 1631 arte
1988 1591 2170 1643 scripse-

1290 1655 1404 1702 runt,
1421 1657 1506 1691 tam
1525 1651 1672 1692 Graeci
1691 1664 1816 1704 quam
1835 1652 1993 1693 Latini.
2050 1652 2166 1695 Quid

1277 1715 1400 1754 -enim
1420 1719 1558 1755 acutae
1578 1719 1624 1754 et
1642 1715 2167 1767 commodaeinventiones,

1289 1777 1390 1829 quid
1410 1778 1628 1818 concinnae
1643 1778 1871 1819 verborum
1889 1778 2167 1831 elocutiones,

1287 1842 1388 1894 quid
1425 1842 1611 1895 partium
1663 1849 1803 1883 cautae
1837 1848 1885 1883 et
1919 1842 2163 1884 artificiosae

1286 1905 1604 1958 dispositiones,
1633 1906 1731 1959 quid
1765 1907 1950 1960 denique
1981 1906 2162 1959 diligens

1278 1969 1488 2008 memoria
1534 1970 1625 2008 sine
1662 1970 2013 2021 pronunciatione
2051 1971 2161 2010 vale-

1284 2033 1409 2071 rent?
1458 2031 1552 2071 Non
1585 2032 1697 2083 plus,
1719 2044 1842 2084 quam
1863 2031 1954 2072 sine
1979 2031 2046 2072 his
2067 2043 2162 2084 pro-

1285 2094 1505 2134 nunciatio
1552 2095 1656 2133 sola.
1711 2096 1822 2135 Nam
1859 2094 1955 2134 haec
2001 2094 2160 2146 omnia,
2187 2129 2189 2131 .

1286 2169 1399 2210 quae·
1422 2169 1552 2209 supra
1593 2157 1699 2204 dixi,
1745 2158 1925 2209 perinde
1953 2162 2065 2204 sunt,
2110 2163 2161 2199 ut

1282 2225 1482 2273 aguntur.
1534 2219 1663 2261 Actio
1714 2226 1855 2261 autem
1892 2221 1935 2264 in
1973 2221 2159 2262 dicendo

1281 2296 1363 2323 una
1381 2283 1638 2335 dominatur,
1651 2283 1745 2324 *sine
1765 2297 1848 2336 qua
1867 2295 2052 2324 summus
2066 2294 2159 2324 ora-

1281 2351 1349 2386 tor
1376 2346 1419 2385 in
1453 2352 1669 2387 oratorum
1700 2358 1879 2387 numero
1914 2358 2010 2387 esse
2040 2347 2158 2400 nullo

1279 2410 1405 2450 modo
1422 2416 1591 2463 potest;
1620 2410 1846 2451 mediocris
1862 2421 1963 2451 vero
1978 2409 2060 2450 bac
2072 2421 2158 2449 una

1278 2474 1508 2514 instructus
1528 2485 1713 2514 summos
1726 2485 1840 2525 saepe
1856 2482 2060 2525 superare
2074 2484 2155 2525 po-

1277 2543 1382 2578 test.
1414 2538 1540 2579 Quod
1554 2537 1698 2577 multis
1711 2537 1918 2589 exemplis
1931 2541 2019 2577 tam
2034 2535 2157 2576 Grae-

1277 2612 1422 2640 corum
1455 2613 1581 2652 quam
1617 2601 1865 2640 Latinorum
1881 2600 1943 2640 ita
1959 2610 2052 2640 esse
2069 2599 2155 2638 Va-

1276 2664 1406 2704 lerius
1426 2664 1596 2716 probat.
1620 2664 1728 2706 Oliv.

1333 2727 1585 2767 Com-enitenti
1610 2732 1716 2766 motu
1740 2725 1931 2779 corporis]
1959 2727 2152 2766 Pronun-

1278 2790 1404 2831 ciatio
1424 2795 1491 2830 est
1511 2791 1641 2841 vocis,
1661 2791 1816 2842 vultus,
1842 2795 1887 2830 et
1904 2795 2049 2842 gestus
2065 2800 2155 2828 mo-

1279 2853 1448 2894 deratio
1483 2866 1580 2893 cum
1614 2859 1851 2894 venustate.
1907 2853 2014 2892 Cum
2049 2863 2153 2903 ergo

1277 2918 1392 2958 dicat
1410 2918 1452 2957 iu
1472 2917 1840 2970 pronunciatione,
1872 2916 2152 2958 intentionem

1277 2987 1323 3023 et
1343 2983 1632 3023 remissionem
1649 2982 1766 3023 vocis
1785 2981 1985 3032 ostendit,
2002 2980 2047 3020 in
2065 2991 2154 3020 mo-

1276 3053 1323 3087 tu
1339 3047 1529 3098 corporis
1549 3047 1689 3086 vultus
1712 3052 1943 3098 gestusque
1962 3043 2152 3084 modera-

1274 3111 1433 3151 tionem
1455 3109 1606 3150 innuit.
1635 3111 1760 3149 Idem.

1331 3174 1470 3214 Tribus
1493 3173 1636 3223 modz's]
1664 3171 1931 3221 Elocutione,
1949 3180 2053 3210 sono
2081 3180 2151 3208 vo-

1275 3237 1353 3288 cis,
1372 3244 1418 3277 et
1439 3243 1555 3276 motu
1567 3236 1775 3287 corporis.

1326 3299 1459 3339 Alteri
1485 3298 1616 3349 aures]
1646 3295 1795 3339 Quoad
1835 3295 2150 3348 pronunciatio-

1273 3374 1457 3464 neffiteri
1490 3421 1638 3473 oculos]
1666 3421 1818 3463 Quoad
1856 3425 2020 3474 gestum
2053 3431 2146 3461 cor-

1274 3499 1420 3601 pogna}
1474 3548 1594 3588 Caius
1661 3547 1874 3598 Gracchus,
1930 3527 2023 3600 seſs]
2073 3543 2144 3586 Ad
