2346 3996
413 279 557 335 1402
953 266 1277 342 ascensus
1339 303 1695 346 Enr'rronmu

410 415 1102 469 aliorumobservationibus:
1154 422 1332 484 quibus
1371 425 1615 474 accedunt
1646 426 2004 477 emendationes
2039 429 2231 481 ineditae

407 495 563 558 ,Casp.
592 496 791 553 Barthii‚
820 498 992 546 Franc.
1024 500 1207 564 Guyeti
1243 509 1295 550 et
1324 502 1607 568 Marquardi
1641 507 1819 555 Gudii:
1873 508 1986 556 item
2021 518 2152 559 notae
2187 522 2238 561 et

409 576 768 625 observationes
791 587 1038 642 perpetuae
1060 582 1165 630 Jac.
1193 583 1458 633 Perizonii:
1499 593 1553 633 ut
1576 594 1625 634 et
1652 588 1766 636 Ant.
1793 579 2082 654 Schultingii
2100 607 2237 640 exer-

413 655 581 704 citatio
606 657 668 704 ad
694 658 798 705 Val.
830 660 966 706 Max.
992 660 1101 708 Lib.
1126 674 1231 710 vn.
1255 679 1362 727 cap.
1392 666 1438 712 7.
1464 664 1523 713 de
1551 668 1851 716 testamentis
1875 670 2131 719 rescissis.
2159 671 2238 719 Ad

412 737 731 800 plurimorum
757 740 880 788 Mss.
906 739 1056 790 fidem
1081 759 1208 807 opus
1228 745 1487 802 recensuit,
1509 753 1561 793 et
1578 753 1718 794 notas
1737 747 1920 809 adjecit
1935 749 2238 800 Abrahamus

411 817 692 866 Torrenius.
719 819 1058 885 Leidae,.apud
1098 825 1229 872 Sam.
1267 826 1580 875 Luclitmans.
1617 829 1884 877 4.—-Basin
1926 836 2087 878 textus
2123 831 2242 880 fecit

413 897 746 958 Vorstianum,
785 902 918 964 quod
945 903 1169 952 Vorstius
1194 922 1301 953 eum
1341 906 1403 953 ab
1429 906 1882 970 interpolationibus
1914 908 2160 974 Pighianis
2185 912 2242 959 li-

412 975 670 1037 beravisse,
696 987 745 1028 et
770 997 828 1029 ex
854 982 975 1030 Mss-
1003 990 1053 1031 et
1090 984 1203 1032 edd.
1232 993 1346 1033 vett.
1383 986 1503 1033 bene
1530 987 1795 1054 correxisse
1832 986 2117 1037 videbatur:
2156 992 2241 1038 sed

413 1074 525 1106 eum
563 1060 740 1128 passim
777 1064 1002 1128 correxit,
1030 1081 1144 1112 usus
1183 1066 1309 1113 Mss.
1337 1066 1652 1130 plurimorum
1687 1070 1945 1132 excerptis,
1969 1069 2016 1117 in
2042 1070 2115 1119 his
2139 1072 2244 1119 Gu-

413 1138 567 1187 dianis
593 1141 1016 1207 Perizonianisque
1038 1162 1061 1201 ;>
1088 1145 1202 1192 item
1225 1145 1340 1194 edd.
1362 1162 1437 1209 pr.
1464 1155 1510 1194 et
1536 1148 1764 1196 omnibus
1785 1149 1977 1197 schedis
2003 1149 2242 1199 Perizonii

411 1236 438 1268 e
463 1220 591 1269 Bibl.
621 1222 862 1280 Leidensi,
887 1224 1016 1271 unde
1041 1232 1092 1272 et
1114 1225 1206 1273 illae
1231 1226 1429 1275 ineditae
1455 1227 1695 1275 Perizonii
1730 1236 1861 1292 notae
1900 1237 2073 1279 sumtae
2115 1241 2244 1281 sunt.

410 1301 546 1348 Nam.
565 1302 840 1350 Perizonius
866 1305 1156 1367 promiserat
1179 1322 1352 1354 novam
1382 1307 1556 1355 Valerii
1594 1307 1873 1374 editionem,
1897 1308 2043 1371 cujus
2083 1312 2243 1375 speci-

413 1381 542 1428 mine
581 1382 628 1429 in
653 1382 993 1433 Animadvers.
1029 1386 1273 1434 historicis
1310 1404 1422 1451 cap.
1465 1390 1509 1435 3.
1537 1388 1687 1446 edito,
1725 1387 1940 1436 omnium
1984 1389 2238 1438 doctorum

413 1461 737 1524 cupiditatem
782 1464 889 1527 ejus
936 1466 1158 1514 videndae
1196 1477 1557 1527 commoverat;
1618 1485 1709 1517 nec
1758 1469 2015 1534 quisquam
2051 1486 2129 1518 eo.
2150 1469 2246 1518 fuit

414 1542 567 1606 magis
600 1544 802 1594 idoneus
834 1546 896 1595 ad
935 1547 1028 1595 hoc
1055 1549 1321 1611 negotium.
1392 1550 1609 1599 Additus
1632 1557 1702 1598 est
1726 1549 1870 1597 etiam
1902 1548 2054 1597 Index
2076 1550 2248 1598 verbo-

412 1639 521 1671 rum
546 1624 973 1690 locupletissimus,
998 1646 1025 1675 a
1065 1630 1263 1694 Collega
1288 1631 1394 1694 ejus
1432 1633 1477 1679 in
1515 1629 1786 1696 Gymnasio
1820 1629 2063 1691 Leidensi,-²
2088 1630 2247 1679 Mich.

418 1705 708 1766 Benedicto,
731 1708 1005 1757 confectus.

413 1823 423 1826 ->
487 1789 616 1836 1744
652 1789 867 1840 Hafniae.
895 1793 941 1838 8.
969 1792 1097 1856 apud
1119 1792 1244 1852 Pelt,
1272 1809 1384 1841 cum
1411 1793 1541 1841 notis
1565 1794 1650 1842 1ο.
1678 1791 1903 1840 Minellii.

487 1871 614 1917 1747
653 1873 1027 1921 Amstelodami.
1061 1875 1138 1921 12.

488 1954 617 2000 1753
654 1953 881 2004 Berolini.
912 1956 959 2002 8.
985 1954 1119 2018 apud
1148 1954 1343 2012 Haude,
1371 1961 1570 2003 curante
1593 1955 1672 2003 1ο.
1701 1955 1837 2002 Petr.
1860 1953 2073 2002 Miller0.

489 2034 619 2081 1782
658 2035 839 2083 Valerii
877 2035 1078 2083 Maximi
1105 2035 1347 2084 dictorum
1373 2035 1714 2098 factorumque
1739 2031 2120 2083 memorabilium
2141 2033 2252 2082 iibri

417 2128 610 2172 novem,
639 2130 750 2162 cum
795 2115 1030 2164 varietate
1071 2116 1291 2165 lectionis
1330 2124 1381 2164 et
1413 2115 1662 2163 indicibus
1693 2115 1924 2179 copiosis,
1951 2114 2074 2163 editi
2105 2131 2134 2162 a
2169 2117 2249 2164 J0.

419 2194 634 2258 KappiO.
664 2195 860 2259 Lipsiae,
881 2198 1122 2245 sumtibus
1146 2197 1303 2245 Paulli
1327 2196 1566 2245 Gottbelf
1583 2197 1834 2244 Kummer.
1863 2194 2253 2245 8.—-Editionem

421 2274 653 2322 vetfsine
678 2276 790 2323 loco
817 2282 866 2324 et
903 2293 1031 2324 anno
1072 2277 1233 2324 denuo
1267 2284 1380 2340 post
1420 2277 1632 2340 Lipsium
1672 2276 1896 2334 contulit,
1921 2283 1971 2324 et
1994 2293 2054 2324 ex
2077 2275 2255 2339 Pighii,

421 2355 600 2414 Coleri,
629 2346 829 2417 Vorstii,
861 2358 1118 2416 Perizonii,
1150 2358 1393 2416 Torrenii,
1437 2357 1740 2421 aliorumque
1777 2356 2135 2413 commentariis
2175 2373 2258 2403 ex-

424 2446 595 2501 cerpta
635 2437 772 2486 dedit
810 2439 1121 2487 doctissimus
1146 2439 1315 2495 editor,
1342 2438 1530 2486 omissis
1569 2437 1641 2496 iis,
1669 2453 1780 2501 quae
1819 2437 1879 2485 ad
1918 2435 2254 2485 ostentandam

344 2572 348 2575 ¹
421 2519 764 2567 tantummodo
788 2519 1128 2569 eruditionem·
1151 2520 1283 2568 dicta
1322 2526 1497 2567 essent.
1568 2519 1623 2565 In
1667 2525 1802 2567 textu
1841 2516 2097 2566 formando
2127 2517 2255 2566 Tor-

422 2599 607 2647 renium
634 2607 833 2648 secutus
858 2608 951 2658 est,
979 2601 1068 2648 nisi
1093 2600 1176 2648 ubi
1200 2600 1409 2649 Codices
1435 2600 1556 2647 Mss.
1582 2604 1667 2647 aut
1693 2597 1885 2648 critices
1909 2597 2090 2660 regulae
2112 2596 2254 2645 aliam

403 2681 685 2730 >lectionem
725 2682 1003 2741 suaderent,
1030 2681 1162 2745 quod
1191 2698 1295 2729 raro
1330 2680 1515 2728 factum
1553 2686 1643 2727 est.
1700 2679 1942 2726 Potiorem
1969 2676 2256 2727 varietatem

423 2759 651 2809 lectionis
678 2761 796 2810 edd.
825 2762 996 2824 Pighii,
1021 2762 1200 2820 Coleri,
1226 2770 1277 2809 et
1298 2761 1478 2808 Vorstii
1501 2758 1697 2822 adjecit.

498 2843 626 2889 1783
663 2842 845 2890 Valerii
873 2842 1073 2890 Maximi
1101 2842 1348 2890 dictorum
1375 2840 1715 2902 factorumque
1739 2836 2129 2886 memorabilium
2148 2836 2260 2885 libri

423 2938 616 2980 novem,
641 2922 704 2970 ad
731 2923 941 2985 optimas
963 2922 1199 2971 editiones
1224 2922 1407 2971 collati.
1475 2918 1796 2970 Praemittitur
1820 2916 1995 2967 notitia
2019 2916 2253 2976 literaria,

422 3004 615 3052 accedit
663 3003 840 3051 Index.
911 3003 1098 3051 Studiis
1142 3003 1398 3052 Societatis
1438 3001 1732 3066 Bipontinae.
1791 2997 1961 3047 Editio
2003 3006 2253 3047 accurata.

426 3084 646 3150 Biponti‚
670 3101 729 3132 ex
756 3084 1081 3148 typographia
1106 3083 1382 3132 Societatis.
1409 3084 1455 3130 8.
1482 3081 1599 3144 maj.

431 3192 437 3195 -
499 3167 639 3213 1784—
663 3165 1020 3227 Norimbergae.
1051 3166 1096 3211 8.
1122 3163 1255 3227 apud
1280 3162 1468 3228 Riegel.

499 3247 628 3294 1799
667 3244 849 3293 Valerii
876 3243 1079 3292 Maximi
1103 3272 1170 3280 —-
1191 3242 1386 3291 —libri
1421 3257 1597 3289 novem
1633 3257 1659 3287 e
1694 3236 1977 3287 recensione
2013 3235 2256 3295 Torrenii,

429 3340 540 3372 cum
568 3324 832 3388 praecipuis
855 3323 1156 3372 eruditorum
1180 3321 1610 3387 explicationibus,
1634 3319 1809 3382 quibus
1834 3333 1942 3366 suas
1966 3315 2152 3380 adjecit
2175 3317 2257 3366 1ο.

428 3405 636 3455 Theod.·
652 3405 874 3469 Benjam.
901 3402 1175 3453 Helfrecht.
1199 3403 1358 3453 Curiae
1378 3400 1572 3466 Regnit.
1595 3401 1640 3447 8.
1668 3397 1783 3460 maj.
