2346 3996
379 292 522 346 1326

431 427 495 478 §1
530 424 707 465 Pensilz'a
743 424 895 476 balnea]
936 425 1087 466 senec.
1119 426 1256 478 Epist.

376 499 471 530 xci.
504 490 736 532 ‘Quaedam
776 495 918 529 nostra
950 489 1118 529 demum
1161 502 1258 541 pro·

377 556 490 595 disse
510 555 711 594 memoria
731 555 885 594 scimus
905 567 914 594 :
935 560 983 595 ut
999 556 1258 606 speculario-

377 630 471 657 rum
506 630 626 657 usum
660 619 910 669 perlucente
943 623 1070 668 testa,
1098 618 1257 658 clarum

377 681 715 720 transmittentia
740 681 898 733 lumen,
915 685 964 720 ut
981 691 1257 733 suspensuras

375 745 626 785 balneorum
661 750 706 784 et
745 745 975 796 impressos
1019 743 1256 796 parietibus

376 809 518 859 tubos,
560 821 638 860 per
684 802 790 861 quos
839 807 1257 849 circumfunderetur

377 874 510 923 calor,
539 874 610 926 qui
627 873 709 912 ima
729 873 854 912 simut
875 877 920 912 et
940 884 1104 912 summa
1135 869 1255 911 fove-

376 944 446 976 ret
465 935 719 988 aequaliter!
751 937 880 977 Coler-

434 1001 656 1041 Peculiaria
673 1001 750 1040 sibi
776 998 923 1050 maria]
950 999 1037 1039 Sua
1066 1001 1258 1052 propria,

377 1071 577 1117 tanquam
626 1065 809 1116 privata,
855 1076 938 1103 non
986 1065 1258 1114 communiat,

376 1141 474 1168 nam
514 1129 672 1167 vivaria
706 1128 786 1168 sibi
821 1134 1039 1168 struxerat
1074 1129 1259 1180 inmari,

375 1192 450 1231 ubi
469 1199 743 1231 servarentur
762 1192 897 1232 omnis
915 1192 1082 1243 generis
1106 1192 1260 1244 pisces,

378 1257 445 1294 vel
491 1261 610 1296 certe
656 1256 783 1296 variae
837 1255 1016 1307 piscium
1077 1256 1259 1307 species.

383 1321 491 1360 Oliv.

429 1382 667 1434 AEstuariis]
704 1383 911 1423 AEstuaria
939 1383 1156 1435 dicuntur,
1185 1395 1263 1435 per

377 1460 471 1500 quae
495 1459 610 1488 mare
630 1447 817 1487 vicissim
838 1452 1065 1493 commeat,
1086 1453 1135 1487 ut
1166 1451 1264 1487 sunt

374 1512 557 1560 lacmiae,
580 1523 674 1563 quae
694 1510 823 1549 maris
844 1514 952 1549 aestu
968 1514 1014 1549 et
1030 1509 1263 1550 undatione

377 1574 611 1624 replentur.
643 1573 766 1613 Idem.

432 1635 636 1687 &paratis
669 1632 853 1687 molibus]
895 1635 931 1674 A
965 1636 1130 1688 reliquo
1158 1636 1264 1676 mari

376 1712 595 1740 murorum
631 1700 762 1751 mole,
790 1704 837 1740 et
863 1700 1041 1741 aliorum
1063 1699 1264 1741 aedificio-

378 1775 471 1803 rum
490 1763 786 1815 magnitudine
807 1773 1081 1815 separaverat
1110 1767 1264 1804 aestua-

379 1828 443 1867 ria
462 1834 507 1867 et
527 1827 706 1878 piscium
723 1827 897 1867 vivaria.
927 1827 1049 1868 Idem.

433 1889 609 1930 Publica·
627 1903 737 1941 aquoe
757 1891 950 1943 cupidius]
970 1892 1176 1932 Lucrinus
1205 1893 1265 1931 la·

379 1966 453 1994 cus
469 1954 664 2006 publicus
681 1960 789 2006 erat,
810 1962 854 1996 et
872 1968 923 1996 ex
948 1956 1187 2007 piscatione
1204 1956 1265 1994 lu-

376 2018 440 2058 cri
463 2017 691 2070 plurimum
721 2026 980 2060 mercatores
1003 2019 1148 2060 facere
1170 2032 1268 2060 con-

382 2090 613 2122 sueverant
631 2082 686 2122 ob
716 2083 898 2134 piscium
929 2083 1267 2124 multitudinem.

383 2148 463 2186 Est
506 2151 647 2186 autem
691 2146 809 2186 lacus
858 2147 1108 2199 Campaniae
1154 2147 1269 2187 inter

381 2209 508 2249 Baias
521 2215 565 2249 et
578 2210 751 2260 Cumas,
764 2221 891 2261 quem
904 2210 1121 2250 Diodorus
1136 2210 1268 2251 Sicul.

380 2273 488 2314 dicit
520 2273 637 2324 prius
671 2271 889 2313 Avernum
923 2272 1053 2315 fuisse
1086 2274 1271 2313 nomina-

383 2341 489 2379 tum.
545 2336 674 2376 Silius
707 2348 809 2377 vero
843 2338 1052 2388 Cocyton.
1107 2339 1272 2378 Versus

381 2405 558 2440 exstat:
590 2402 602 2424 ‘
628 2399 710 2440 Ast
748 2400 816 2440 hic
846 2401 1034 2441 Lucrino
1067 2402 1270 2442 mansisse

384 2465 592 2505 vocabula
606 2465 820 2517 quondam
834 2465 990 2517 Cocyti
1002 2465 1271 2507 memorant!

385 2529 471 2568 Sed
487 2541 583 2568 cum
605 2530 843 2581 proximum
866 2530 922 2570 sit
939 2542 1071 2582 mare,
1090 2535 1134 2570 et
1157 2542 1271 2581 saepe

382 2592 428 2631 in
450 2594 590 2633 lacum
628 2598 850 2646 aestuaret,
877 2594 1058 2645 grandia
1092 2594 1274 2646 plerum·

386 2667 472 2707 que
491 2655 643 2697 damna
662 2657 968 2698 mercatoribus
989 2657 1094 2710 ipsis
1115 2662 1160 2698 et
1187 2657 1273 2709 pis-

388 2718 605 2759 catoribus
633 2719 877 2770 inferebat;
905 2720 958 2762 ob
975 2721 1087 2774 quod
1111 2720 1273 2772 grande

383 2782 584 2834 vectigal,
615 2783 730 2835 quod
763 2784 963 2824 Romanis
993 2783 1272 2836 persolveba-

385 2852 470 2891 tur,
487 2846 642 2898 saepius
657 2845 961 2898 frustrabatur,
974 2846 1086 2887 unde
1101 2859 1124 2887 a
1140 2846 1274 2887 Sena-

386 2914 435 2949 tu
455 2909 483 2951 J
491 2909 574 2948 ulio
594 2909 755 2950 Caesari
774 2911 999 2962 negocium
1020 2910 1166 2950 datum
1187 2915 1272 2962 est,

390 2978 439 3012 ut
458 2972 690 3013 Lucrinum
725 2986 749 3012 a
781 2973 910 3013 maris
941 2973 1104 3025 impetu
1136 2979 1275 3014 tutum

391 3035 597 3077 redderet
630 3041 675 3076 et
708 3037 953 3087 immunem,
974 3037 1047 3089 qui
1069 3037 1276 3089 oppositis

391 3111 607 3140 murorum
639 3099 836 3151 molibus,
858 3106 903 3141 et
924 3102 1103 3152 parvulo
1124 3101 1277 3141 relicto

390 3164 512 3216 mari,
541 3164 655 3216 quod
687 3163 739 3204 ad
773 3165 912 3203 lacum
935 3165 1280 3217 transcenderet,

393 3241 480 3267 rem
516 3228 652 3280 ipsam
684 3226 885 3279 confecit,
915 3233 960 3268 et
994 3228 1126 3268 voluit
1145 3241 1276 3281 aquas

393 3291 533 3334 Julias
555 3292 711 3342 vocari,
741 3292 853 3344 quod
870 3292 1075 3344 Virgilius
1091 3292 1279 3333 ostendit

393 3355 469 3396 lib.
491 3355 649 3408 Georg.
667 3367 718 3395 11.
756 3357 768 3378 ‘
792 3354 860 3395 An
881 3367 1107 3396 memorem
1128 3362 1277 3407 portus

396 3418 666 3472 Lucrinoque
701 3418 846 3459 addita
879 3420 1083 3469 claustra,
1129 3420 1278 3472 Atque

397 3482 662 3535 indignatum
676 3484 840 3536 magnis
853 3483 1106 3524 stridoribus
1117 3494 1279 3535 aequor,

398 3546 427 3589 J
433 3548 516 3588 ulia
534 3559 616 3600 qua
632 3552 766 3599 ponto
785 3549 909 3601 longe
930 3553 1054 3589 sonat
1073 3546 1185 3588 unda
1212 3558 1278 3586 re-

952 305 1129 347 NOTAE
1171 308 1502 351 VARmRUM
1547 314 1610 352 IN

1323 427 1416 468 fuso
1431 429 1460 468 ?'
1480 430 1633 470 Strabo
1649 437 1789 472 tamen
1812 432 1918 474 dicit
1938 435 1990 475 ab
2010 433 2202 488 Agrippa

1322 491 1402 530 hoc
1442 491 1603 533 factum
1633 506 1742 544 esse,
1770 496 1833 535 his
1866 495 2002 537 ferme
2030 499 2201 538 verbis:

1323 554 1334 575 ‘
1352 554 1542 593 Eandem
1569 556 1720 596 melius
1753 560 1911 599 struxit
1930 559 2129 613 Agrippa
2157 561 2202 600 in

1322 618 1538 658 exteriore
1555 625 1679 670 parte
1695 620 1747 660 ad
1763 623 1995 664 arcendum
2011 625 2204 676 pelagum,

1322 679 1384 719 ita
1417 686 1463 719 ut
1486 686 1638 733 postea
1656 683 1772 723 sinus
1792 683 2036 726 efficeretur
2056 687 2203 728 Lucri-

1322 756 1412 795 nus,
1466 747 1619 786 ostreis
1674 748 1895 800 capiendis
1937 750 2207 792 uberrimus!

1324 809 1484 849 Verum
1507 823 1557 850 ea
1589 813 1682 852 loca
1702 825 1852 854 saxosa
1872 826 1978 866 esse,
1996 822 2040 856 et
2053 817 2204 857 ostreis

1327 873 1507 925 referta,
1526 876 1751 917 ostendere
1771 877 1943 918 videtur
1970 879 2206 929 Juvenalis‚

1324 948 1420 976 cum
1439 938 1500 976 ait
1523 950 1534 975 ε
1559 940 1570 959 ‘
1589 939 1701 978 Nulli
1719 940 1856 991 major
1869 939 1952 981 fuit
1966 953 2064 981 usus
2076 942 2206 982 eden-

1321 1001 1364 1040 di
1380 1002 1662 1054 Tempestate
1682 1015 1778 1043 mea
1795 1018 1805 1043 ε
1839 1004 2002 1044 Circeis
2022 1009 2124 1044 nata
2143 1003 2205 1044 fo-

1320 1069 1419 1103 rent
1439 1076 1491 1105 ne
1512 1065 1740 1106 Lucrinum
1774 1067 1825 1105 ad
1855 1078 2005 1106 saxum
2035 1066 2204 1119 Rutipi-

1322 1141 1431 1169 nove
1467 1130 1584 1169 edita
1619 1129 1754 1170 fundo
1798 1132 1972 1183 Ostrea,
2019 1132 2206 1173 callebat

1323 1193 1461 1243 primo
1488 1192 1756 1245 deprendere
1775 1195 1948 1236 morsu.'
1979 1195 2206 1236 Publicam

1324 1257 1456 1308 igitur
1490 1270 1640 1310 aquam
1674 1266 1967 1310 occupaverat
1997 1261 2080 1301 iste
2106 1262 2203 1302 Ser-

1325 1321 1434 1372 gius,
1461 1325 1508 1360 et
1539 1321 1771 1362 Lucrinum
1802 1322 1883 1362 sibi
1912 1321 2080 1364 fecerat
2111 1335 2206 1364 esse

1326 1383 1601 1434 peculiarem,
1615 1395 1746 1436 quare
1764 1385 1998 1436 piscatores
2012 1385 2111 1426 inde
2122 1398 2207 1427 non

1325 1446 1482 1487 nisiex
1503 1447 1722 1486 voluntate
1750 1447 1862 1487 illius
1891 1453 2036 1488 ostrea
2066 1448 2207 1501 expis-

1326 1511 1415 1551 cari
1434 1516 1651 1563 poterant,
1679 1522 1733 1550 ex
1749 1523 1834 1563 quo
1862 1511 2081 1563 publicani
2111 1523 2207 1554 vec-

1326 1574 1521 1626 tigalium
1550 1586 1720 1614 suorum
1741 1575 1958 1627 Jacturam
1984 1575 2207 1629 patieban-

1326 1643 1411 1681 tur.
1443 1639 1550 1678 Oliv.

1384 1702 1582 1754 Considii]
1611 1702 1886 1744 Trahebatur
1911 1703 1953 1742 in
1978 1701 2209 1757 judicium,

1328 1765 1440 1819 qu'od
1461 1778 1535 1805 sua
1555 1764 1636 1806 sibi
1657 1766 1900 1818 vectigalia,
1928 1778 2023 1819 quae
2049 1777 2104 1806 ex
2122 1765 2210 1806 Lu·
2265 1782 2267 1784 ·

1327 1829 1446 1869 crino
1466 1829 1562 1869 lacu
1582 1829 1864 1881 conduxerat,
1891 1828 1983 1880 ejus
2015 1827 2206 1869 aedificiis

1328 1893 1582 1944 etoperibus
1597 1893 1950 1934 diminuerentur.
1963 1893 2086 1934 Idem.
2106 1894 2208 1933 Con-

1327 1957 1422 1997 sidii
1444 1956 1640 2008 publicani
1662 1957 1858 2007 judicium
1874 1950 2020 1997 vvitreus
2035 1953 2113 2006 est]
2142 1955 2211 1994 Ita

1331 2022 1505 2070 vulgo.‘
1540 2021 1723 2060 Veteres
1760 2020 1858 2059 libri
1902 2029 2076 2063 omnes:
2125 2028 2210 2056 cum

1335 2084 1517 2123 Considio
1534 2083 1735 2135 publicano
1750 2082 1946 2132 judicium
1975 2085 2112 2122 nactus
2139 2084 2212 2120 est.

1332 2148 1483 2187 Recte.
1549 2147 1752 2186 Judicium
1796 2146 1908 2186 enim
1944 2155 2041 2185 cum
2085 2143 2212 2193 aliquo

1331 2209 1517 2261 nancisci,
1534 2210 1657 2250 estin
1672 2208 2010 2248 controversiam
2031 2206 2098 2246 vel
2118 2217 2216 2246 con-

1335 2273 1572 2314 tentionem
1592 2273 1751 2312 venire.
1780 2271 1904 2322 Pigh.

1389 2339 1439 2379 In
1450 2337 1612 2389 tegulis]
1629 2338 1780 2378 Cicero
1792 2335 2057 2377 Hortensio:
2095 2335 2108 2359 ‘
2122 2334 2214 2375 Sol-

1335 2402 1542 2455 lertiaque
1557 2413 1622 2454 ea,
1643 2413 1727 2453 qua
1740 2405 1886 2453 posset
1904 2401 1973 2441 vel
1994 2400 2038 2439 in
2058 2399 2216 2451 tegulis

1335 2465 1627 2518 proseminare
1659 2463 1855 2505 ostreas!
1922 2465 2088 2505 Seneca
2106 2463 2217 2503 Con-

1336 2536 1517 2569 trovers.
1532 2540 1576 2568 v.
1595 2529 1607 2552 ‘
1626 2527 1762 2569 Alunt
1775 2529 1819 2568 in
1831 2527 2004 2569 summis
2023 2525 2218 2567 culmini-

1337 2594 1416 2634 bus
1434 2593 1615 2633 mentita
1634 2600 1823 2642 nemora,
1851 2597 1898 2632 et
1917 2589 2216 2642 navigabilium

1337 2656 1596 2708 piscinarum
1611 2653 1753 2695 freta.'
1784 2655 1955 2693 Colerus.

1391 2721 1459 2771 §2
1505 2720 1674 2770 AEsopus
1710 2715 1930 2768 tragoedus]
1977 2715 2047 2756 Ita
2077 2714 2219 2766 vulgo.

1337 2782 1568 2833 Exemplar
1610 2779 1901 2831 Atrebatense
1931 2783 1977 2819 et
2012 2777 2218 2818 Gembla·

1338 2857 1484 2897 cense,
1511 2845 1680 2896 AEsopns
1710 2844 1898 2894 tragicus.
1954 2841 2099 2881 Plinio
2127 2846 2215 2880 tra-

1339 2910 1459 2962 gicus
1478 2909 1636 2949 dicitur
1651 2909 1817 2949 histrio.
1867 2907 1940 2948 Sic
1959 2907 2104 2948 Livius
2118 2904 2216 2946 Ari-

1338 2978 1504 3014 stonem
1524 2972 1735 3025 tragicum
1755 2977 1948 3013 actorem
1965 2975 2089 3011 vocat
2107 2968 2215 3009 libro

1338 3047 1475 3077 xx1v.
1504 3037 1687 3087 Pighius.

1394 3100 1561 3152 Filiam]
1591 3101 1659 3140 Dc
1691 3111 1776 3152 quo
1795 3099 1973 3140 Flaccus
1989 3096 2032 3136 in
2049 3095 2217 3136 Sermo-
2243 3101 2246 3105 '

1339 3166 1492 3206 nibus:
1539 3163 1700 3204 ‘Filius
1737 3161 1884 3214 AEsopi
1917 3161 2132 3212 direptam
2165 3170 2220 3198 ex

1343 3242 1446 3270 aure
1461 3229 1672 3280 Metellae,
1690 3226 1865 3268 Scilicet
1882 3230 1932 3265 ut
1951 3223 2095 3264 decies
2124 3223 2222 3262 soli-

1341 3293 1442 3333 dum
1461 3291 1660 3331 sorberet
1678 3294 1818 3340 aceto,
1845 3287 1986 3327 Diluit
2014 3286 2222 3338 insignem

1340 3353 1549 3396 baccam!
1613 3352 1781 3393 Plinius
1816 3350 1891 3392 lib.
1922 3361 1991 3391 rx.
2024 3361 2121 3402 cap.
2153 3351 2221 3389 83.

1341 3417 1518 3471 siugulis
1539 3415 1725 3458 convivis
1757 3415 1810 3455 ad
1842 3412 2100 3455 sorbendum
2127 3410 2218 3451 uni·
2240 3426 2246 3432 ·

1339 3493 1440 3523 ones
1460 3480 1629 3521 dedisse
1645 3478 1794 3521 refert.

1403 3545 1534 3585 (tantu
1551 3542 1882 3595 commendabiles]
1912 3542 1984 3583 De
2003 3545 2124 3594 patre
2152 3537 2218 3579 ΙΕ-
