2346 3996
539 280 799 322 vALEnn
847 277 1090 316 ΜΑΧιΜι
1138 277 1255 314 [ΑΒ.
1286 276 1378 316 ix.
1419 264 1632 319 CARI.

1876 263 2019 317 1325

178 403 334 446 dandis
353 400 565 455 responsis
582 397 864 451 Apollinipar
882 395 998 437 foret
1014 401 1060 436 et
1127 395 1259 435 Male.
1296 396 1408 437 Vide
1428 409 1557 450 supra
1573 397 1684 438 Bad.

176 466 422 510 Hammoni.
478 462 733 516 Amphiarai
753 467 855 502 nota
877 466 944 501 est
971 460 1058 500 his-

176 532 286 572 toria
300 528 416 583 apud
433 528 634 569 Statium.
664 527 766 566 Fuit
783 530 926 565 autem
941 529 1061 564 vates

175 594 452 645 clarissimus,
469 598 515 633 ct
537 593 580 632 in
600 590 894 632 adolescentia
909 588 962 629 ab
984 587 1063 628 Ar-

175 657 375 711 gonautis
412 658 596 706 accitus,
632 655 705 708 qui
752 653 910 694 deinde
949 653 1061 693 bello

173 721 383 762 Thebano
412 733 510 762 cum
554 725 744 760 montem
783 717 1063 769 ascendisset,

173 785 343 826 visurus
370 784 476 839 quid
507 795 563 824 ex
592 795 644 824 eo
675 783 789 824 bello
808 787 1062 822 eventurum

173 855 290 892 esset
317 850 507 904 Argivis,
535 850 649 890 inter
673 854 835 890 caetera
860 846 1063 900 ‘praevidit

173 925 220 955 se
235 926 290 955 ex
304 925 356 954 eo
368 913 485 954 bello
499 925 585 953 nou
599 923 863 953 reversurum
881 925 891 951 ι
912 923 1064 963 quare,

175 982 225 1018 ut
243 975 336 1019 fata
350 977 525 1029 vitaret,
541 975 734 1016 latebras
754 974 968 1027 quaesivit,
988 974 1063 1015 ubi

175 1041 451 1092 delitescens,
470 1052 569 1082 cum
587 1039 642 1079 ab
662 1038 852 1079 Adrasto
868 1038 964 1091 cogi
979 1050 1062 1078 non

174 1111 340 1157 posset,
374 1105 448 1146 sed
480 1104 535 1144 ab
573 1104 782 1156 Eriphyle
802 1103 894 1155 ejus
916 1115 1063 1155 uxore,

175 1179 273 1221 quae
304 1174 434 1220 capta
463 1168 611 1207 monili
643 1167 792 1219 Argiae
814 1166 991 1207 Adrasti
1011 1166 1061 1207 fi-

172 1231 266 1281 liae,
296 1237 344 1271 et
372 1232 591 1284 Polynicis
625 1228 786 1282 uxoris,
813 1231 929 1283 quod
960 1232 1063 1272 olim

172 1295 396 1337 Vulcanus
416 1296 663 1336 Hermionae
684 1296 895 1348 privignae
928 1295 1062 1336 fabri-

176 1364 368 1411 caverat,
403 1358 692 1412 cupiditatem
729 1361 820 1399 auri
864 1361 1062 1413 conjugis

173 1423 302 1464 saluti
321 1423 580 1476 praeposuit,
600 1423 886 1474 indicatus,et
901 1424 955 1463 ad
971 1424 1060 1464 bel-

174 1489 263 1528 lum
282 1487 437 1528 ductus
455 1499 465 1525 :
488 1500 572 1540 quo
591 1489 774 1539 primum
792 1487 864 1527 die
884 1488 1062 1528 descen-

173 1550 242 1592 dit
275 1551 322 1592 in
357 1563 571 1604 campum,
603 1550 722 1591 facto
742 1557 925 1603 repente
944 1564 1061 1592 max-

174 1615 262 1655 imo
306 1621 436 1656 terrae
474 1620 610 1666 motu,
649 1616 818 1655 telluris
860 1617 1063 1669 voragine

173 1678 422 1732 absorptus,
450 1678 574 1719 obiit.
615 1678 721 1718 Oliv.

227 1743 414 1797 Pythice
430 1741 614 1794 cortinoe]
632 1742 682 1783 Id
703 1747 787 1795 est,
807 1750 977 1785 secreto
994 1756 1064 1784 an-

172 1806 231 1847 tri
248 1806 470 1860 Delphici.
522 1817 531 1822 ·

224 1871 383 1923 Aheno]
410 1872 537 1913 AEreo
565 1871 791 1913 simulacro
817 1872 860 1912 in
880 1871 1064 1914 formam

170 1934 398 1982 columbae,
419 1941 494 1977 aut
511 1935 670 1976 lebetis
699 1937 895 1977 Dodonae
915 1938 1064 1990 sylvae,

174 2011 200 2038 e
243 1998 367 2052 cnjus
409 1999 571 2040 tinnitu
616 1999 762 2041 futura
790 2001 1062 2053 judicabant.

172 2062 292 2103 Male
312 2068 456 2104 autem
483 2065 636 2116 legunt
661 2065 849 2118 quidam,
865 2066 1035 2106 Athenoe
1052 2082 1065 2107 .·

172 2126 266 2173 sed,
296 2134 348 2168 ut
376 2127 485 2179 dixi,
522 2130 760 2182 exemplari
792 2130 944 2171 delusi.
972 2132 1057 2172 Ba-

171 2191 273 2232 duas.

230 2255 427 2307 Dodemae]
457 2255 645 2296 Dodona
663 2255 748 2297 fuit
779 2257 900 2309 Epiri
934 2259 1057 2311 oppi-

171 2318 287 2371 dum,
309 2319 467 2360 babens
482 2322 766 2373 propinquum
781 2323 1056 2373 nemus‚Jovi

170 2390 484 2436 consecratum,
512 2397 718 2437 quernum
739 2391 895 2436 totum,
912 2386 952 2425 in
974 2399 1057 2439 quo

171 2449 334 2489 dabant
355 2460 556 2500 respousa
575 2448 802 2489 columbae.
858 2450 969 2489 Sunt
985 2451 1058 2502 qui

170 2513 318 2554 dicant
337 2513 416 2552 hoc
431 2524 579 2552 nemus
593 2512 722 2553 fuisse
738 2514 868 2553 etiam
890 2514 1059 2554 Palladi

170 2583 486 2624 consecratum,
509 2589 688 2629 quorum
713 2577 972 2617 sententiam
993 2590 1057 2617 se-

169 2641 318 2692 quitur
335 2651 449 2685 nunc
463 2640 681 2691 Valerius,
700 2639 866 2688 dicens,
881 2640 1058 2681 Athenas

169 2705 394 2756 DMoneas,
420 2710 603 2757 propter
622 2704 862 2746 Palladem.
904 2705 1054 2746 Oliver.

1183 458 1420 500 Hammonis
1433 460 1566 512 fonti]
1594 460 1734 512 Jovis,
1751 459 1824 513 qui
1845 459 2020 501 Baccho

1130 533 1209 572 per
1228 521 1392 573 Libyen
1427 522 1668 565 exercituin
1704 525 1898 577 ducenti,
1921 537 2019 565 cum

1130 585 1201 624 siti
1229 597 1356 636 paene
1376 586 1631 639 deficerent,
1651 589 1853 641 apparuit
1867 590 1909 628 in
1931 601 2023 629 are·

1130 660 1187 688 na
1216 649 1296 688 sub
1332 651 1475 702 specie
1510 652 1678 704 arie-tis,
1703 659 1749 693 et
1779 653 1832 693 ad
1857 651 2020 694 fontem

1131 712 1350 766 perduxit,
1383 714 1473 765 ubi,
1511 722 1712 758 extructo
1746 718 1923 770 templo,
1955 730 2021 757 re-

1132 789 1291 829 sponsa
1311 777 1449 830 dedit,
1467 779 1519 819 ad
1539 792 1664 832 quem
1685 782 1814 822 etiam
1834 781 2023 823 Alexan-

1133 840 1212 882 der
1231 841 1439 895 Magnus,
1458 843 1529 895 qui
1548 855 1594 883 se
1615 841 1868 885 Hammonis
1887 844 2021 886 filium

1131 905 1438 957 mentiebatur,
1471 908 1686 959 pervenit,
1719 909 1772 950 ab
1809 909 1923 949 illius
1953 923 2021 950 sa-

1131 971 1383 1012 cerdotibus
1412 973 1638 1013 adulanter
1657 982 1884 1027 exceptus.
1917 975 2021 1016 Bad.

1131 1035 1386 1088 Hammonis]
1415 1037 1545 1079 Quia
1565 1038 1726 1079 Chamo
1762 1051 1916 1080 nomen
1954 1053 2022 1081 ac-

1131 1101 1265 1152 cepit,
1284 1102 1353 1141 cui
1373 1102 1512 1154 Libya
1530 1103 1788 1154 contigerat.

1184 1167 1251 1218 §4
1283 1166 1517 1206 Pherem'ces
1540 1166 1708 1219 quoque]
1737 1166 1866 1219 Apud
1897 1168 2022 1208 Grae-

1129 1242 1202 1270 cos
1222 1230 1393 1270 mulieri
1413 1243 1500 1271 non
1525 1230 1686 1271 licebat
1705 1230 1945 1284 Olympicis
1962 1233 2023 1270 lu-

1129 1293 1195 1333 dis
1216 1297 1262 1333 et
1281 1293 1587 1334 certaminibus
1601 1294 1885 1344 interesse‚et
1901 1301 2021 1335 recte

1129 1357 1323 1410 quidem,
1338 1357 1411 1397 ubi
1431 1358 1622 1398 homines
1652 1358 1755 1398 nudi
1778 1359 2019 1412 plerunque

1131 1427 1366 1472 certarent,
1381 1434 1405 1461 a
1424 1422 1671 1462 mulieribus
1692 1422 1746 1462 ob
1763 1422 2020 1474 pudicitiam

1130 1498 1215 1525 non
1230 1485 1472 1537 spectandi.
1520 1487 1660 1528 Quem
1677 1499 1838 1527 morem
1854 1487 2022 1527 Statius

1130 1561 1163 1589 1.
1185 1549 1398 1590 Thebaid.
1412 1562 1491 1601 per
1509 1551 1738 1590 transitum
1754 1551 1909 1603 tangit,
1923 1563 2021 1591 cum

1131 1613 1238 1654 dicit
1259 1627 1269 1653 :
1300 1615 1312 1636 ‘
1333 1615 1620 1666 Exclusaeque
1654 1620 1888 1666 expectant
1908 1628 2020 1668 prae-

1131 1677 1217 1716 mia
1250 1676 1442 1718 matres?
1498 1677 1626 1719 Quod
1656 1677 1788 1730 igitur
1806 1679 1912 1719 nulli
1931 1693 2021 1720 mu-

1130 1742 1222 1782 lieri
1271 1755 1518 1783 concessum
1560 1741 1722 1795 fuerat,
1766 1744 1915 1785 datum
1953 1752 2022 1786 est

1131 1806 1363 1846 Pherenici
1382 1807 1571 1857 mulieri,
1588 1812 1638 1847 ut
1665 1807 1900 1860 Olympico
1929 1821 2021 1850 cer-

1131 1870 1285 1911 tamini
1319 1884 1416 1911 cum
1449 1870 1536 1911 filio
1569 1877 1615 1912 et
1646 1870 1858 1912 fratribus
1880 1873 2021 1925 possit

1129 1935 1358 1987 interesse,
1381 1947 1462 1975 uec
1482 1936 1714 1986 immerito,
1742 1937 1904 1990 quippe
1924 1951 2020 1991 quae

1129 2005 1313 2051 patrem,
1330 2012 1426 2052 quae
1444 1998 1590 2046 filium,
1610 2012 1705 2052 quae
1720 1999 1879 2041 fratres
1899 2001 1942 2041 iu
1967 2015 2021 2042 eo

1127 2065 1365 2104 certamine
1402 2076 1517 2117 saepe
1547 2065 1749 2116 victores,
1786 2071 1832 2106 et
1862 2067 2019 2118 glorio-

1125 2141 1216 2170 sam
1237 2128 1339 2168 inde
1358 2129 1546 2180 palmam
1563 2127 1804 2169 referentes
1820 2129 2020 2173 baberet.

1130 2194 1236 2233 Oliv.

1182 2259 1375 2310 Gymnico
1394 2258 1632 2310 spectaculo]
1663 2258 1896 2312 Olympico
1924 2271 2016 2300 cer-

1126 2323 1290 2374 tamini,
1319 2323 1360 2362 in
1398 2336 1482 2376 quo
1515 2322 1618 2362 nudi
1647 2321 1841 2362 homines
1873 2335 1918 2363 se
1940 2336 2016 2375 pa-

1125 2387 1272 2426 laestra
1319 2388 1598 2436 exercebant,
1640 2387 1711 2427 ubi
1765 2387 2015 2428 mulieribus

1124 2451 1337 2491 iuteresse
1354 2464 1436 2490 non
1459 2451 1633 2491 licebat.
1664 2451 1771 2491 Oliv.

1182 2514 1471 2566 olympionice]
1503 2515 1553 2554 Id
1576 2521 1660 2566 est,
1689 2528 1784 2568 quae
1805 2520 1909 2556 nata
1922 2522 2018 2556 erat

1126 2590 1180 2618 ex
1200 2585 1325 2630 patre
1344 2591 1462 2630 saepe
1485 2580 1650 2620 victore
1671 2580 1890 2633 Olympici
1923 2593 2016 2621 cer-

1124 2642 1311 2683 taminis.
1339 2643 1463 2683 Idem.

856 3061 1135 3122 LIBER
1186 3061 1320 3122 IX.

221 3208 334 3248 CAP.
361 3219 393 3249 1.
434 3208 635 3261 Luxuria]
678 3209 860 3250 Luxuria
894 3209 1056 3250 dicitur

167 3271 354 3311 omnium
367 3283 510 3313 rerum
520 3272 795 3326 superfluitas
808 3288 820 3325 ;
837 3287 891 3314 ex
905 3286 1053 3326 super-

165 3330 333 3375 fluitate
367 3347 507 3376 rerum
535 3338 733 3378 nascitur
757 3338 890 3378 libido
920 3343 965 3378 et
995 3338 1055 3378 in-

166 3399 471 3449 temperantia.
528 3401 744 3454 Quicquid
765 3403 877 3442 enim
895 3402 1054 3454 placet,

171 3459 331 3501 dicitur
362 3461 510 3510 libido,
539 3465 616 3504 sed
649 3465 816 3505 luxuria
849 3466 893 3506 in
925 3466 1052 3506 rebus

168 3521 379 3565 venereis
396 3527 528 3578 magis
548 3527 704 3579 posita,
735 3527 868 3568 libido
903 3530 945 3569 in
979 3541 1051 3569 cu-

1125 3209 1313 3260 piditate
1334 3215 1377 3250 et
1400 3210 1623 3263 voluptate
1653 3210 1828 3250 aliarum
1850 3219 2006 3248 rernm.

1127 3275 1235 3315 Oziv.

1180 3338 1348 3378 Gemino
1360 3339 1504 3378 mentis
1518 3337 1667 3388 errore]
1688 3335 1866 3388 Duplici
1881 3335 2004 3386 vitio,

1122 3401 1310 3442 libidinis
1330 3409 1378 3442 ut
1397 3403 1562 3454 cupiat,
1583 3408 1627 3440 et
1647 3400 1827 3440 luxuriae
1848 3405 1897 3439 ut
1931 3410 2004 3438 ex-

1121 3467 1254 3517 pleat.
1299 3467 1427 3506 Mens
1448 3467 1585 3517 primo
1598 3466 1767 3517 capitur
1787 3463 2004 3504 desiderio

1121 3530 1302 3583 alicujus
1325 3531 1401 3581 rei,
1428 3529 1584 3570 deinde
1603 3529 1819 3581 expletur.
1847 3529 1975 3568 Idem.
