2320 4004
336 294 395 346 ll
414 297 479 348 40

336 424 492 475 tenuit,
509 425 752 466 Molossiam
766 426 923 467 dictam
936 427 1092 476 voluit3
1111 439 1205 480 quae

337 486 492 527 deinde
517 489 707 528 Chaonia
736 489 867 538 dicta,
894 502 919 529 a
946 489 1080 530 fratre
1101 491 1207 531 Cha-

337 561 431 597 one,
450 563 572 602 quem
594 564 671 602 per
691 553 971 603 ignorantiam
1000 555 1208 595 occidisse

336 620 548 653 venenata
567 616 724 666 sagitta
759 616 1020 668 perhibetur,
1037 617 1208 658 dicente

335 675 542 725 Virgilio:
577 677 588 697 ‘
602 677 745 717 Morte
767 679 1040 730 Neoptolemi
1059 692 1208 732 regno-

338 749 429 776 rum
450 738 620 778 reddita
635 741 764 780 cessit
791 742 896 781 Pars
931 742 1119 794 Heleno,
1136 745 1208 795 qui

338 800 547 840 Chaonios
579 804 824 853 cognomine
857 817 1046 857 campos,
1074 806 1210 847 Chao-

335 863 536 916 niamque
569 878 737 926 omnem
769 868 955 920 Trojano
986 881 1011 909 a
1038 870 1210 909 Chaone

340 925 477 966 dixit!
516 928 664 969 Oliver.

392 987 565 1039 Achaia]
593 990 725 1042 Regio
761 996 827 1032 est
860 994 1063 1043 Graeciae‚
1100 1007 1211 1047 quae,

338 1057 449 1091 teste
468 1052 706 1103 Herodoto,
718 1056 861 1106 ‚primo
878 1056 1212 1107 Peloponnesus,

340 1114 506 1154 deiude·
530 1115 697 1166 Danaa,
732 1124 880 1167 postea
909 1117 1070 1158 Achaia
1097 1119 1212 1159 dicta

339 1175 436 1218 fnit.
467 1177 592 1218 Unde
612 1178 755 1218 Graeci
776 1172 924 1220 Achaei
938 1186 1065 1232 atque
1086 1180 1210 1221 Achi-

340 1240 379 1278 vi
400 1240 506 1280 dicti
535 1247 646 1292 sunt,
679 1243 800 1294 cujus
833 1245 1015 1283 maxime
1048 1246 1210 1284 clarum

339 1305 544 1357 oppidum
565 1308 791 1347 Corinthus
807 1306 917 1348 fuit:
946 1320 1058 1348 nunc
1087 1309 1210 1360 vulgo

339 1367 498 1408 dicitur
516 1370 669 1409 Morea.
701 1369 863 1410 Oliver.

394 1433 598 1485 Cyclades]
624 1433 782 1472 Insulae
814 1438 912 1473 sunt
941 1433 983 1472 in
1015 1435 1118 1473 mari
1142 1434 1212 1474 AE-

338 1510 433 1550 geo,
460 1499 519 1539 sic
537 1498 684 1548 dictae,
704 1504 752 1540 ut
783 1500 873 1539 vult
898 1499 1082 1550 Solinus,
1099 1499 1214 1551 quod

336 1563 442 1602 licet
471 1562 628 1614 spaciis
657 1563 916 1615 longioribus
938 1577 962 1603 a
985 1564 1094 1603 Delo
1116 1576 1214 1615 pro⁴

329 1627 477 1677 jectae,
495 1626 538 1665 in
557 1627 701 1666 orbem
735 1632 876 1666 tamen
906 1627 1023 1667 circa
1055 1627 1213 1666 Delum

340 1690 435 1729 sitae
453 1691 552 1730 sint.
610 1690 721 1729 Nam
743 1690 871 1730 orbem
899 1690 1044 1730 Graeci
1073 1688 1216 1729 κύκλον

341 1751 505 1792 dicunt.
571 1753 743 1792 Servius
777 1758 919 1792 autem
958 1765 1086 1805 super
1119 1753 1214 1794 AEn.

340 1825 413 1855 111.
432 1820 583 1856 contra
612 1817 747 1856 sensit
777 1828 860 1856 non
897 1829 920 1855 a
949 1816 1214 1856 rotunditate

341 1877 496 1929 dictas,
524 1881 596 1918 sed
624 1891 647 1919 a
666 1878 864 1930 circuitu,
883 1879 996 1931 quod
1016 1880 1216 1920 videlicet

339 1940 468 1991 longo
489 1941 636 1981 ordine
658 1941 827 1981 circuiri
849 1954 921 1982 eas
940 1954 1114 1983 necesse
1143 1943 1214 1982 sit.

340 2003 464 2044 Inter
493 2004 568 2044 has
593 2011 690 2045 suut
711 2005 926 2045 breviores
944 2006 1154 2057 quaedam,
1169 2010 1217 2045 ut

341 2067 529 2118 Mycone
547 2073 591 2107 et
611 2067 792 2119 Gyarum
811 2073 856 2108 et
883 2069 975 2108 aliae
1002 2070 1215 2109 nonnullae

341 2129 398 2168 ad
415 2142 517 2182 quas
537 2131 839 2182 relegabantur
851 2133 1061 2172 scelerati.
1090 2132 1216 2173 Unde

339 2192 561 2232 ,Iuvenalis
592 2194 635 2232 in
673 2194 810 2245 prima
842 2194 1026 2246 Satyra:
1064 2195 1216 2236 ‘Aude

343 2254 505 2307 aliquid
540 2256 739 2296 brevibus
770 2257 941 2309 Gyaris,
969 2264 1014 2298 et
1043 2271 1217 2299 carcere
1244 2259 1247 2261 ’

343 2317 532 2369 dignum,
562 2319 608 2358 Si
643 2320 704 2359 vis
743 2333 836 2360 esse
867 2320 1056 2373 aliquid.'
1081 2323 1152 2363 Sic
1172 2328 1219 2363 et

340 2380 546 2432 Virgilius
587 2383 641 2422 de
677 2383 741 2422 his
773 2384 919 2424 insulis
957 2386 1218 2426 mentionem

342 2441 451 2483 facit
469 2445 512 2484 in
534 2447 661 2485 tertio
687 2458 697 2484 ε
727 2447 739 2469 ‘
761 2447 888 2487 Celsa
919 2449 1108 2501 Mycone
1136 2450 1219 2502 Cy·

344 2519 504 2560 aroque
523 2510 740 2550 revinxit!
770 2512 978 2552 oliverius.
1090 2510 1093 2512 ’

401 2572 476 2610 Tot
513 2574 679 2622 egregiae
714 2574 844 2627 urbes]
891 2577 1076 2617 Veteres
1107 2578 1221 2628 libri,

344 2636 402 2671 tot
448 2634 630 2673 Groecioe.
685 2635 747 2676 At
783 2637 826 2675 in
875 2638 1116 2690 Campensi,
1161 2645 1222 2680 tot

344 2698 515 2746 egregiae
543 2698 668 2738 urbes.
724 2700 848 2740 Quod
886 2713 971 2740 nou
1008 2702 1220 2754 displicet,

347 2759 519 2811 subjicit
539 2763 649 2800 enim
681 2764 889 2814 potestati
924 2765 1099 2804 Catonis
1137 2778 1221 2805 non

346 2822 578 2874 Graeciam,
611 2823 684 2862 sed
715 2830 759 2864 et
782 2826 1035 2865 maritimam
1058 2834 1222 2878 partem

345 2885 465 2926 Asiae
481 2887 725 2927 civitatibus
738 2890 1068 2939 opulentissimis
1087 2892 1223 2943 incly-

345 2954 449 2990 tam.
482 2950 662 3000 Pighius.
725 2952 797 2991 Tot
815 2954 986 3003 egregiae
1004 2955 1134 3006 urbes]
1152 2955 1224 2995 Ita

345 3011 540 3064 Pighius.
595 3013 646 3053 Iu
683 3013 791 3053 libro
824 3015 938 3055 Dan.
975 3018 1132 3068 reperi,
1164 3022 1224 3057 tot

351 3076 521 3116 Groecioe
535 3077 659 3117 urbes.
716 3079 853 3119 Quam
873 3079 1131 3131 scripturam
1149 3093 1224 3132 op-

348 3152 509 3191 ponere
527 3141 661 3180 ausim
677 3140 963 3180 emendationi
983 3141 1222 3193 Pighianae.

355 3207 480 3246 Coler-

403 3272 463 3321 §3
483 3271 658 3310 Drusum
675 3270 793 3310 etiam
809 3268 1102 3319 Germanicum]
1118 3269 1225 3308 Dru·

351 3346 421 3373 sus
442 3334 725 3375 Germanicus
743 3337 970 3373 contentus
985 3344 1115 3372 uxore
1150 3344 1225 3371 sua

349 3398 419 3438 hic
465 3399 600 3450 primo
647 3408 822 3438 censum
863 3400 1027 3447 egerat,
1067 3395 1224 3434 deinde

353 3460 595 3500 Germaniae
614 3461 675 3501 cis
695 3465 738 3499 et
758 3465 874 3499 trans
892 3458 1084 3498 Rhenum
1116 3457 1225 3509 posi-

351 3527 416 3563 tas
436 3523 635 3565 civitates
653 3522 931 3576 oppugnavit,
949 3526 994 3562 et
1023 3522 1226 3563 tumultus

907 309 1083 350 No'rAE
1123 310 1454 352 VARIORUM
1499 312 1563 351 IN

1271 428 1327 467 ob
1373 441 1469 468 enm
1508 441 1679 470 censum
1715 431 1758 470 in
1797 431 1939 471 Gallia
1974 433 2147 471 exortos

1271 492 1522 543 composuit.
1578 493 1804 534 Postremo
1824 494 1961 533 varias
1982 505 2148 546 quoque

1272 560 1418 605 gentes
1437 559 1553 593 trans
1574 556 1765 595 Rhenum
1781 557 1905 596 armis
1925 556 2009 596 suis
2023 557 2148 596 sube-

1271 618 1346 668 git.
1404 617 1488 655 Hic
1523 617 1652 667 igitur
1689 618 1970 659 Germanicus
2005 619 2148 659 dictus
2179 666 2181 668 ,

1273 685 1353 719 est.
1409 680 1527 718 Uxor
1561 680 1648 730 ejus
1676 680 1866 721 Antonia
1896 682 2034 721 minor
2066 680 2151 720 fuit

1272 743 1337 781 M.
1354 741 1533 781 Antonii
1549 743 1772 794 triumviri,
1785 743 1981 784 Octaviae
1995 743 2149 784 sororis

1273 804 1458 856 Augusti
1501 803 1605 854 filia,
1658 818 1741 856 qua
1773 806 1871 844 viva
1915 810 2148 847 contentus

1274 866 1373 916 fuit,
1401 867 1476 906 scd
1507 868 1601 918 ipsa
1633 879 1799 920 quoque
1835 868 1928 906 viro
1962 868 2152 908 reddidit

1276 932 1427 981 vicem,
1459 931 1531 983 qui
1569 943 1665 971 cum
1703 943 1756 970 ex
1793 929 2002 979 fractura,
2038 942 2151 982 equo

1274 1007 1404 1046 super
1440 1007 1538 1034 crus
1573 995 1665 1046 ejus
1703 994 1905 1044 collapso,
1934 993 2151 1044 trigesimo

1274 1059 1359 1109 die,
1389 1064 1614 1111 postquam
1645 1058 1686 1098 id
1710 1058 1942 1103 acciderat,
1962 1063 2152 1096 mortuus

1275 1127 1405 1170 esset,
1421 1120 1616 1172 Antonia,
1629 1126 1760 1160 aetate
1777 1121 1946 1171 integra
1959 1125 2005 1159 et
2017 1118 2154 1159 forma

1274 1183 1445 1234 insigni,
1465 1195 1561 1222 cum
1575 1183 1696 1222 Livia
1712 1194 1836 1222 socru
1851 1194 1926 1221 sua
1942 1181 2154 1234 reliquum

1274 1259 1362 1286 suae
1385 1248 1484 1285 vitae
1505 1253 1673 1297 tempus
1688 1246 1815 1286 vidua
1835 1248 2018 1298 peregit,
2037 1245 2153 1297 quod

1274 1310 1470 1361 sequenti
1490 1315 1749 1350 memoratur
1764 1309 1973 1361 exemplo.
2001 1309 2153 1349 Oliver.

1330 1371 1502 1411 Claudiae
1511 1371 1710 1422 familiae]
1731 1370 1936 1411 Claudius
1961 1371 2081 1411 Nero
2100 1383 2155 1411 ex

1277 1434 1395 1474 Livia
1414 1446 1544 1474 uxore
1560 1434 1775 1475 Tiberium
1797 1433 1964 1486 genuit;
1983 1427 2154 1475 mortuo

1275 1497 1430 1537 deinde
1458 1497 1652 1547 Claudio,
1688 1497 1949 1536 Octavianus
1989 1497 2154 1537 Liviam
2204 1518 2209 1522 ·

1276 1561 1413 1599 alvum
1447 1565 1690 1610 gestantem
1722 1559 1845 1600 duxit
1873 1571 2065 1610 uxorem,
2081 1560 2156 1600 ubi

1276 1630 1398 1663 natus
1422 1630 1487 1663 est
1506 1625 1674 1663 Drusus
1692 1637 1705 1672 ;
1734 1629 1779 1663 et
1799 1624 1873 1663 hos
1891 1623 2019 1674 filios,
2036 1624 2149 1664 scili·-

1280 1693 1350 1726 cet
1367 1686 1583 1726 Tiberium
1604 1693 1649 1727 et
1669 1687 1870 1738 Drusum,
1889 1699 2042 1738 magna
2057 1688 2154 1740 cha-

1279 1748 1408 1788 ritate
1445 1749 1640 1789 nutrivit.
1712 1750 1878 1789 Drusus
1924 1762 2026 1789 vero
2063 1751 2154 1801 jam

1279 1811 1448 1850 adultus
1482 1812 1687 1851 adversus
1725 1812 1964 1853 Germanos
1993 1813 2154 1864 populo

1280 1875 1470 1914 Romano
1504 1875 1759 1915 rebellantes
1788 1875 1988 1927 auspiciis
2018 1875 2154 1915 Octa-

1280 1936 1393 1975 viani
1430 1936 1597 1988 missus,
1631 1938 1774 1978 hostes
1811 1939 1991 1978 celerius
2024 1943 2156 1990 atque

1280 1997 1463 2051 felicius,
1491 2013 1617 2053 quam
1648 2002 1690 2041 in
1726 2002 2000 2042 adolescente
2037 2003 2159 2043 credi

1281 2064 1432 2115 possit,
1450 2064 1698 2110 debellavit,
1718 2077 1970 2117 omnemque
1989 2065 2158 2116 provin-

1281 2127 1388 2167 ciam
1415 2128 1507 2179 jam
1537 2127 1807 2169 deficientem
1828 2129 2018 2168 Romano
2037 2129 2162 2170 resti-

1283 2190 1366 2229 tuit
1393 2190 1600 2241 imperio:
1646 2191 1745 2231 iude
1779 2191 2075 2242 Germanicus,
2110 2198 2161 2232 ut

1283 2265 1413 2305 supra
1430 2254 1628 2304 diximus,
1648 2255 1889 2306 appellatus
1902 2260 1995 2305 θεῖς
2012 2255 2086 2308 qui
2103 2255 2160 2295 de

1280 2316 1470 2356 hostibus
1492 2317 1842 2369 triumphaturus,
1872 2319 2072 2370 prolapso
2093 2330 2161 2358 su-

1282 2391 1362 2431 per
1394 2391 1491 2419 crus
1523 2380 1612 2431 ejus
1652 2393 1736 2432 quo
1766 2380 2002 2420 vehebatur
2033 2392 2159 2433 equo,

1283 2442 1502 2493 trigesimo
1534 2449 1631 2494 post
1662 2455 1806 2484 casum
1836 2443 1908 2483 die
1938 2444 2160 2484 ext-cruris

1282 2503 1474 2545 fractura
1492 2506 1634 2556 periit.
1667 2507 1771 2546 oliv.

1336 2569 1509 2608 Antonia
1547 2569 1714 2621 quoque]
1746 2569 1865 2609 Uxor
1895 2569 2161 2609 nobilissima

1283 2632 1430 2681 Drusi,
1451 2638 1494 2670 et
1520 2630 1614 2671 filia
1640 2632 1701 2671 M.
1725 2631 1899 2672 Antonii
1932 2632 2161 2682 triumviri,

1285 2700 1331 2733 et
1373 2694 1568 2733 Octaviae
1606 2694 1764 2733 sororis
1799 2694 2001 2746 Augusti,
2031 2706 2159 2746 quam

1284 2757 1439 2797 deinde
1465 2756 1694 2807 Antonius,
1724 2757 1971 2808 Cleopatras
1999 2757 2162 2808 reginas

1285 2828 1437 2873 captus
1484 2822 1714 2874 illecebris,
1749 2822 2014 2874 repudiavit:
2045 2822 2160 2862 unde

1284 2888 1386 2923 nata
1415 2889 1514 2923 sunt
1546 2884 1656 2923 inter
1675 2883 1907 2924 Antonium
1927 2890 1973 2924 et
1991 2884 2160 2936 Augus·

1285 2953 1375 2987 tum
1390 2947 1504 2987 bella
1521 2947 1673 2987 civilia.
1707 2947 1815 2988 oliv.

1340 3012 1519 3052 Familiae
1537 3023 1616 3051 suae
1627 3011 1866 3063 claritatem]
1893 3011 2072 3052 Scilicet
2089 3022 2163 3063 pa-

1287 3081 1448 3124 ternae3
1476 3075 1573 3128 quia
1592 3082 1717 3126 pater
1748 3075 1840 3126 ejus
1873 3075 2046 3114 Marcus
2073 3073 2162 3114 An·

1284 3138 1425 3177 tonius
1439 3138 1647 3189 triumvir,
1660 3137 1816 3189 alioqui
1833 3138 1970 3190 clarus
1983 3135 2163 3175 libidine

1287 3207 1330 3240 et
1375 3201 1591 3241 illecebris
1636 3201 1897 3252 Cleopatrae,
1936 3197 2164 3250 repudiata

1288 3276 1421 3303 uxore
1442 3265 1620 3314 optima,
1636 3261 1875 3302 diffamatus
1894 3267 1974 3301 est.
1995 3260 2163 3300 Badius.

1340 3326 1500 3376 Socrus]
1527 3325 1703 3364 Scilicet
1716 3324 1868 3364 'Livia

1346 3388 1502 3429 Talibus
1550 3387 1842 3438 experimentis]
1871 3385 2159 3427 Continentiae

1290 3454 1598 3505 conjugalis‚et
1618 3452 1814 3491 vidualis.

1344 3515 1559 3566 Summam]
1589 3514 1641 3554 Id
1660 3522 1741 3565 est,
1768 3513 1910 3555 finem.
