2346 3996
590 273 850 313 VALERII
894 272 1136 312 MAXIMI
1180 273 1298 312 121ss.
1339 273 1429 312 lx.
1470 257 1679 313 CAEQ.

221 399 405 439 Senatus
441 394 595 436 funera
639 393 753 433 intra
790 389 1013 432 Kalendas
1057 395 1104 430 et

222 461 328 502 Idus
356 457 552 502 Januarii
584 455 740 497 mensis
767 454 883 508 (nam
922 453 1104 502 Marius,

222 530 338 566 teste
373 522 495 564 Livio
526 520 600 562 lib.
629 530 770 560 Lxxx.
802 517 932 559 editis
959 517 1103 557 multis

221 583 476 637 sceleribus,
487 584 637 625 Idibus
650 584 678 625 J
683 582 868 624 anuariis
883 579 1107 631 decessit,)

219 649 488 703 septimina
500 647 628 688 Marii
642 658 829 699 purpura
843 644 983 686 dedita
1002 643 1105 698 quid

220 713 415 756 futurum
434 712 534 762 fnit,
549 712 585 752 si
606 723 761 752 annum
777 709 1011 751 consularis
1031 709 1105 749 im-

219 777 418 830 plesset?
454 777 616 816 Rursus
655 774 818 815 Marius
847 773 1020 826 juvenis
1061 776 1106 812 et

221 840 362 884 Carbo
396 841 517 882 Coss.
551 845 650 893 post
687 838 920 879 adventum
955 837 1106 890 Syllae,

220 905 558 958 profligatosque
589 902 808 945 exercitus
836 914 950 953 suos,
984 901 1105 955 quasi

220 969 451 1021 desperata
469 967 664 1018 victoria,
680 978 734 1006 ne
750 964 876 1006 inulti
893 965 1103 1018 perirent,

219 1030 427 1082 sanguine
463 1030 648 1071 Senatus
686 1028 767 1068 sibi
803 1027 1106 1080 parentabant,

220 1094 482 1146 obsessaque
515 1093 653 1143 curia,
697 1091 752 1132 de
798 1091 977 1141 Senatu,
1011 1097 1103 1132 tan·

219 1169 347 1210 quam
376 1157 432 1198 de
464 1169 655 1208 carcere,
685 1155 758 1208 qui
781 1156 1103 1208 jugularentur,

218 1220 381 1262 educti.
434 1220 550 1264 Quid
586 1219 784 1260 funerum
821 1219 864 1259 in
901 1216 1014 1270 foro,
1055 1219 1100 1259 in

217 1284 353 1335 circo,
386 1284 429 1324 in
469 1283 720 1336 patentibus
758 1282 958 1335 templis?
986 1283 1100 1324 Nam

218 1348 272 1391 Q.
290 1348 457 1389 Mutius
469 1349 665 1389 Scaevola
678 1346 892 1400 pontifex,
901 1347 1100 1388 Vestales

218 1412 442 1464 amplexus
479 1424 590 1464 aras,
623 1416 788 1452 tautum
826 1422 910 1450 non
947 1411 1099 1452 eodem

216 1475 316 1526 igne
361 1476 582 1529 sepelitur.
653 1475 915 1528 Lamponius
968 1481 1099 1528 atque

217 1540 461 1590 Telesinus,
480 1539 720 1581 Samnitum
739 1540 888 1591 duces,
911 1543 1099 1581 atrocius

217 1604 390 1657 Pyrrho
408 1610 455 1645 et
473 1604 685 1645 Annibale
718 1604 992 1656 Campaniam
1013 1606 1100 1646 He-

218 1668 482 1722 truriamque
502 1669 778 1720 populantur,
794 1674 839 1709 et
857 1668 935 1710 sub
950 1670 1097 1722 specie

214 1733 401 1783 partium
433 1743 480 1772 se
514 1732 747 1776 vindicant.
779 1733 928 1774 Oliver.
986 1734 1098 1775 Haee

214 1794 384 1835 Florus.

269 1858 320 1900 C.
361 1859 552 1912 Caesaris]
590 1859 662 1900 Ita
696 1860 840 1911 vulgo.
914 1860 1001 1901 Hic
1031 1867 1100 1903 est

212 1923 287 1964 ille
321 1924 474 1966 Caesar
506 1930 665 1974 orator,
704 1925 778 1977 qui
811 1937 907 1965 cum
942 1926 1099 1967 Catulo

213 1985 350 2027 fratre
381 2000 406 2027 a
446 1987 653 2029 Cicerone
692 1988 747 2028 de
778 1987 904 2029 Orat.
936 1989 1009 2030 lib.
1045 2001 1097 2030 n.

211 2050 433 2092 inducitur
457 2051 508 2095 in
520 2051 807 2092 Tusculanum
837 2053 1022 2104 venisse,
1051 2060 1098 2095 ut

212 2113 421 2156 divinitus
441 2114 496 2155 de
515 2114 764 2168 eloquentia
783 2116 983 2157 crassum
1012 2116 1097 2158 dis-

211 2184 438 2230 putantem
468 2178 685 2230 audirent,
712 2192 836 2232 quem
871 2193 996 2221 manu
1024 2194 1096 2222 cu-

202 2241 395 2292 jusdam,
422 2253 550 2295 quem
581 2243 803 2284 occiderat
830 2244 968 2296 Sylla,
999 2257 1095 2297 per-

211 2311 413 2357 tractum,
433 2313 637 2358 tanquam
657 2307 874 2348 victimam
903 2309 956 2350 ad
983 2310 1095 2350 illius

210 2367 373 2409 rumbrae
417 2369 728 2422 expiationem,
763 2372 896 2423 jussit
939 2373 1096 2415 occidi.

211 2432 319 2472 Oliv.
364 2432 412 2472 C'.
437 2433 608 2473 Coemris
626 2435 860 2487 consularis]
879 2436 930 2476 C.
947 2437 1095 2478 Caesar

206 2495 422 2536 AEdilitins
444 2502 610 2537 tantum
630 2496 727 2539 fnit.
785 2498 997 2541 Asconius
1016 2514 1094 2554 pro

206 2561 387 2602 Scauro.
463 2563 608 2605 Quare
643 2563 778 2616 lego:
816 2565 867 2606 L.
907 2567 1092 2609 Caesaris.

206 2626 319 2667 Vide
335 2626 410 2667 lib.
430 2638 475 2668 v.
496 2639 536 2669 c.
562 2630 603 2668 3.
631 2627 703 2670 lib.
733 2639 836 2670 vm.
865 2642 904 2672 c.
924 2634 964 2671 ὃ.
995 2632 1093 2672 Cor·

201 2691 291 2731 rad.

257 2753 452 2807 Bassum]
480 2754 763 2808 Sepulchrum
782 2755 1006 2798 continens
1025 2770 1091 2798 us-

202 2823 268 2860 tos
287 2819 470 2861 cineres.

256 2881 423 2922 Piaculo
450 2882 624 2934 caderet]
661 2881 733 2922 Ad
772 2884 1088 2938 purgationem,

201 2946 321 2986 velut
338 2945 492 2997 hostia,
509 2946 702 2987 caderet.

253 3010 366 3050 Idem
400 3014 520 3062 caput
558 3010 620 3050 M.
655 3011 842 3063 Antonii]
880 3013 966 3055 Hic
1002 3014 1087 3056 fuit

196 3073 271 3114 ille
292 3079 440 3114 orator
467 3073 664 3125 eximius,
692 3075 765 3127 qui
795 3082 976 3117 cunctos
1002 3080 1086 3119 elo-

199 3136 378 3188 quentia
414 3149 492 3176 sua
529 3141 662 3177 aetate
699 3139 941 3192 superavit,
970 3147 1083 3184 teste

195 3202 421 3252 Cicerone,
449 3200 678 3253 potuitque
707 3201 914 3243 orationis
942 3206 1083 3246 suavi-

1904 259 2047 314 1335

1166 390 1310 431 Mario
1348 391 1462 432 iuter
1498 391 1649 444 epulas
1684 389 1891 442 oblatum,
1926 395 2048 434 tanta

1166 464 1261 493 cum
1282 454 1510 496 alacritate
1538 454 1742 508 suscepit,
1765 454 2048 509 manibusque

1168 519 1470 569 pertractavit,
1488 523 1536 559 ut
1557 519 1685 571 plane
1699 517 1894 560 omnibus
1915 519 2049 560 animi

1167 579 1440 621 insolentiam
1465 582 1727 623 ostenderet.
1782 581 1968 634 Insuper
1985 583 2050 635 ip·

1168 655 1262 683 sum
1313 643 1499 685 Annium
1555 644 1877 687 interfectorem
1928 652 2049 687 arcte

1167 706 1418 758 complexus
1469 713 1553 758 est,
1603 713 1806 762 tanquam
1862 707 1918 749 ab
1974 709 2050 750 illo

1167 771 1397 812 maximum
1432 774 1618 814 omnium
1650 773 1906 815 beneficium
1933 786 2050 816 rece·

1168 836 1316 887 pisset.
1371 836 1436 876 M.
1456 836 1645 888 Antonii]
1678 837 1892 889 OratoriS,
1918 850 2048 891 quem

1166 911 1263 940 cum
1285 901 1439 941 Crasso
1470 900 1524 940 de
1557 902 1804 954 eloquentia
1826 902 2048 954 disputan-

1167 968 1253 1004 tem
1271 964 1313 1004 in
1334 964 1522 1004 Oratore
1535 977 1614 1005 suo
1629 964 1782 1006 Cicero
1797 965 2046 1007 introducit.

1169 1027 1320 1068 Oliver.

1220 1090 1367 1143 Sacra]
1403 1091 1568 1132 Mensae
1615 1091 1727 1131 enim
1760 1103 1894 1132 sacrae
1924 1097 2050 1133 erant

1165 1156 1366 1209 antiquis.

1220 1221 1284 1272 §3
1307 1219 1587 1272 Damasippus]
1624 1219 1709 1262 Hic
1738 1219 1854 1260 nulla
1887 1218 2051 1261 virtute

1167 1282 1393 1335 praeditus,
1417 1285 1534 1324 nulla
1562 1283 1692 1324 laude
1717 1284 1876 1333 clarus,
1895 1284 2050 1326 merito

1166 1348 1361 1387 accusari
1408 1353 1568 1400 potest,
1604 1346 1719 1401 quod
1765 1346 1810 1387 in
1848 1347 2050 1388 Mariana

1166 1415 1444 1463 tempestate,
1489 1417 1534 1452 et
1570 1411 1663 1463 ipse
1709 1422 1842 1463 supra
1875 1411 2048 1452 modum

1165 1475 1367 1516 saevierit.
1437 1477 1615 1529 Quippe
1654 1475 1726 1529 qui
1762 1474 2047 1516 nobilissimos

1164 1539 1279 1580 cives
1297 1539 1462 1592 Syllani
1495 1539 1678 1580 nominis
1701 1536 1966 1590 defensores,
1987 1538 2049 1579 in-

1165 1609 1233 1643 ter
1260 1603 1459 1645 victimas
1487 1609 1688 1657 tanquam
1713 1603 1876 1644 belluas
1896 1603 2048 1645 crude-

1163 1669 1263 1709 liter
1282 1669 1442 1716 necari,
1462 1675 1508 1710 et
1527 1668 1705 1709 Arvinae
1726 1667 1887 1709 tribuni
1907 1667 2047 1720 plebis

1164 1740 1363 1773 truncum
1392 1733 1435 1774 in
1465 1732 1644 1774 sublime
1678 1732 1835 1773 elatum
1867 1744 1947 1785 per
1974 1744 2049 1773 ora

1164 1797 1279 1849 vulgi
1307 1795 1470 1837 deferri
1490 1796 1687 1850 jusserit.
1739 1798 1812 1838 De
1846 1809 1929 1850 quo
1955 1797 2049 1838 Sal·

1161 1861 1316 1901 Iustius
1346 1861 1391 1902 iu
1423 1860 1705 1902 Catilium-io:
1734 1861 1928 1902 ‘Nostra
1959 1872 2046 1902 me·

1161 1925 1298 1965 moria
1318 1925 1457 1966 victor
1475 1925 1594 1978 Sylla
1608 1937 1705 1967 cum
1720 1925 2049 1979 Damasippum,

1162 1995 1208 2030 et
1243 1990 1350 2031 alios
1382 1989 1643 2043 hujusmodi,
1678 1989 1751 2043 qui
1790 1989 1902 2030 malo
1938 1988 2047 2041 reip.

1161 2060 1405 2107 creverant,
1433 2053 1626 2107 jugulari
1655 2053 1805 2106 jussit,
1840 2054 1931 2107 quis
1959 2065 2046 2093 non

1159 2117 1320 2159 factum
1341 2119 1434 2171 ejus
1456 2118 1692 2159 laudabat?
1721 2117 1931 2160 Homines
1952 2130 2045 2159 sce-

1157 2182 1289 2222 lestos
1328 2188 1374 2222 et
1403 2181 1626 2234 factiosos,
1659 2181 1732 2236 qui
1759 2181 2044 2222 seditionibus

1157 2246 1468 2298 rempublicam
1512 2246 1851 2297 exagitaverant,
1888 2245 2044 2286 merito

1154 2315 1334 2350 necatos
1354 2310 1545 2350 aiebant.
1599 2309 1688 2350 Sed
1706 2322 1759 2350 ea
1779 2321 1847 2350 res
1875 2321 2041 2362 magnae

1156 2373 1327 2413 initium
1361 2373 1497 2413 cladis
1531 2370 1630 2414 fuit.
1688 2372 1804 2413 Nam
1835 2372 1899 2413 uti
1928 2373 2043 2426 quis-

1156 2450 1238 2491 que
1259 2437 1444 2489 domum,
1458 2441 1534 2477 aut
1554 2436 1712 2489 villam,
1731 2442 1950 2490 postremo
1966 2449 2041 2478 vas

1155 2508 1231 2542 aut
1271 2501 1574 2542 vestimentum
1611 2502 1794 2552 alicujus
1834 2503 2041 2554 concupi-

1155 2570 1295 2617 verat,
1325 2565 1458 2606 dabat
1496 2577 1687 2618 operam,
1715 2570 1765 2606 ut
1798 2565 1835 2605 is
1868 2566 1911 2606 in
1945 2577 2043 2618 pro-

1154 2628 1415 2681 scriptorum
1453 2639 1630 2669 numero
1667 2633 1824 2679 esset;
1860 2629 1924 2669 ita
1963 2628 2040 2681 illi,

1152 2691 1306 2745 quibus
1323 2692 1576 2744 Damasippi
1611 2704 1725 2732 mors
1756 2692 1924 2734 laetitiae
1947 2692 2039 2734 fue-

1152 2763 1235 2807 rat,
1250 2758 1379 2809 paulo
1411 2761 1510 2809 post
1537 2757 1620 2809 ipsi
1643 2757 1938 2810 trahebantur,
1958 2770 2038 2798 nec

1152 2820 1269 2873 prius
1289 2819 1387 2861 finis
1397 2820 1626 2873 jugulandi
1641 2819 1741 2875 fuit,
1767 2834 1894 2875 quam
1921 2821 2039 2875 Sylla

1150 2897 1299 2926 omnes
1319 2897 1418 2926 suos
1438 2884 1600 2925 divitiis
1620 2886 1847 2938 explevit!

1205 2949 1448 3002 Reipublicae
1467 2948 1670 3003 majestas]
1699 2950 1922 2992 Autoritas
1947 2964 2037 2992 om-

1148 3014 1280 3066 nium,
1309 3014 1384 3067 qui
1417 3020 1634 3066 praeerant
1657 3014 1861 3067 justitiae,
1890 3019 2034 3068 potuit

1148 3078 1265 3130 nihil,
1284 3078 1386 3131 quia
1406 3078 1697 3130 permiserunt
1716 3080 2030 3132 Damasippum

1147 3147 1299 3182 contra
1317 3139 1382 3181 fas
1397 3141 1441 3181 in
1454 3135 1706 3182 innocentes
1723 3143 1890 3182 saevire.
1924 3144 2028 3185 Bad.

1200 3206 1275 3257 §4
1315 3204 1521 3245 Munatius
1555 3205 1677 3245 etiam
1712 3206 1895 3257 Flaccus]
1940 3207 2029 3248 Hic

195 3268 288 3309 tate
305 3264 525 3305 Marianos
554 3264 713 3304 milites
745 3264 1010 3320 demulcere,
1030 3282 1081 3311 ac
1144 3274 1211 3309 est
1229 3268 1406 3309 Flaccus
1424 3268 1514 3319 ille,
1543 3269 1614 3321 qui
1635 3268 1676 3308 in
1698 3268 1811 3308 omni
1839 3270 1927 3309 vita
1947 3270 2027 3310 Ca-

195 3327 328 3368 caedis
363 3327 599 3370 inferendae
632 3329 916 3382 cupiditatem
943 3336 1080 3387 repri-

1143 3337 1289 3374 tonem
1326 3331 1485 3372 imitari
1523 3331 1714 3382 volebat,
1757 3337 1802 3371 et
1835 3334 2025 3384 quamvis

194 3401 326 3441 mere,
343 3390 424 3430 nisi
443 3390 496 3431 P.
516 3389 762 3443 Autronius,
779 3394 852 3447 qui
870 3395 964 3447 ejus
984 3410 1078 3438 ora-
1139 3395 1270 3447 longe
1290 3408 1315 3435 a
1346 3396 1581 3435 severitate
1611 3394 1724 3434 illins
1758 3394 1945 3447 abesset,
1976 3398 2025 3438 li-

195 3454 302 3495 tioni
333 3467 415 3495 non
451 3455 722 3510 interfuerat,
755 3465 855 3511 post
887 3461 984 3504 illos
1014 3464 1076 3504 in-

1139 3458 1304 3499 centius
1327 3464 1469 3499 tamen
1486 3457 1736 3510 plerumque
1752 3459 2022 3511 loquebatur.

194 3531 380 3573 gressus,
398 3520 514 3561 illum
534 3523 790 3566 occidisset:
812 3526 931 3578 cujus
946 3536 1077 3582 caput
1142 3523 1255 3563 Nam
1276 3534 1371 3563 cum
1394 3521 1643 3573 ΡΟΨΡΕῙΜΠ
1663 3523 1859 3564 0003ῑῦθὸ
1880 3523 2021 3566 admo-
