2332 4036
370 303 479 357 926

373 441 547 487 matres,
564 434 647 475 Illa
667 435 819 488 quibus
834 436 959 477 nivea
979 438 1132 478 velatae
1154 450 1246 477 cor-

362 511 478 551 ·pora
511 504 629 539 veste
668 500 891 538 Primitias
938 499 1108 552 frugum
1141 501 1248 541 dant

372 565 519 617 spicea
557 572 671 605 serta
707 565 906 606 suarum.'
940 567 1090 607 Oliver.

426 629 537 669 Dare
564 628 700 679 thura]
746 627 913 679 jSuffitu
963 628 1249 670 credebantur

371 693 448 733 Dii
483 693 701 732 delectari.
758 691 1076 744 Antiquissimis
1108 698 1250 731 tamen

370 757 634 809 temporibus
669 757 793 797 thura
823 756 866 798 in
893 770 969 796 usu
999 769 1080 797 non
1114 755 1250 796 fuere.

372 819 536 861 Arnob.
558 826 707 860 contra
722 821 888 861 Gentes
906 821 981 862 lib.
1004 833 1087 861 vn.
1117 821 1129 844 ‘
1146 821 1250 859 Per-

373 890 626 924 cunctamur
659 884 713 923 ‹le
741 884 878 936 thure,
916 884 1030 924 uude
1064 889 1137 924 aut
1168 896 1251 936 quo

371 955 567 1001 tempore
588 961 710 989 nosse
729 950 851 1001 illud,
872 956 944 990 aut
963 951 1072 990 scire
1092 949 1252 1002 poteri·

372 1013 442 1063 tis,
484 1019 532 1053 ut
562 1014 719 1054 merito
751 1014 1006 1054 existimetis
1044 1020 1118 1054 aut
1155 1026 1251 1053 esse

372 1077 470 1117 Diis
491 1077 690 1128 dandum,
723 1083 798 1118 aut
829 1090 977 1118 eorum
999 1077 1253 1129 acceptissi-

370 1151 483 1178 mum
505 1139 728 1179 voluntati.
758 1140 945 1180 Novella
971 1140 1083 1180 enirn
1100 1151 1253 1191 prope-

371 1201 542 1244 modum
559 1214 627 1242 res
649 1207 731 1253 est,
750 1214 891 1254 neque
915 1214 1120 1242 annorum
1138 1203 1254 1241 inex-

372 1265 586 1317 plicabilis
617 1266 763 1317 series,
798 1278 853 1305 ex
882 1278 963 1318 quo
991 1266 1082 1317 ejus
1101 1266 1253 1305 notitia

373 1327 579 1381 profluxit
616 1329 658 1368 in
691 1330 765 1368 has
801 1334 961 1380 partes,
988 1334 1032 1368 et
1065 1327 1254 1368 delubris

373 1394 530 1433 meruit
551 1393 755 1432 interesse
775 1391 945 1431 divinis.
973 1392 1126 1444 Neque
1140 1391 1254 1430 enim

372 1456 654 1508 temporibus,
682 1455 1035 1508 quemadmodum
1065 1454 1256 1494 creditur

375 1524 417 1558 et
435 1517 701 1570 perhibetur,
718 1517 915 1568 heroicis,
933 1517 1135 1570 quidnam
1157 1518 1254 1557 thus

375 1587 507 1633 esset,
544 1581 699 1621 scitum
734 1586 817 1631 est,
871 1581 1155 1634 scriptoribus
1207 1587 1255 1621 ut

374 1645 674 1697 comprobatur
699 1656 724 1683 a
750 1644 914 1696 priscis,
944 1657 1121 1698 quorum
1149 1644 1192 1684 in
1209 1644 1255 1695 li-

373 1708 461 1749 bris
497 1708 641 1760 posita
669 1708 786 1747 nulla
806 1709 896 1760 ejus
917 1709 1076 1749 mentio
1096 1708 1257 1760 reperi-

369 1779 455 1823 tur,
475 1784 615 1824 neque
632 1772 821 1824 genitrix
837 1777 882 1812 et
895 1778 1034 1812 mater
1049 1771 1257 1824 supersti-

371 1837 506 1877 tionis
534 1836 743 1876 Hetruria
762 1836 1004 1888 opinionem
1024 1836 1117 1886 ejus
1138 1836 1258 1875 novit

374 1905 451 1940 aut
483 1899 652 1951 famam,
690 1900 946 1940 sacellorum
985 1905 1033 1940 ut
1067 1899 1260 1939 indicant

377 1965 501 2016 rium,
519 1977 658 2017 neque
679 1965 1000 2017 quadringentis
1030 1965 1150 2004 anuis
1170 1964 1261 2016 qui-

377 2029 455 2068 bus
488 2027 658 2069 Albana
687 2041 754 2068 res
784 2028 935 2080 viguit,
971 2029 1012 2067 in
1034 2040 1154 2067 usum
1173 2027 1260 2068 cui-

377 2103 505 2144 qnam
551 2092 686 2141 venit,
732 2104 855 2132 sacra
888 2104 955 2131 res
990 2103 1087 2132 cum
1121 2090 1262 2140 fieret,

375 2167 518 2207 neque
537 2156 629 2207 ipse
651 2155 873 2207 Romulus,
893 2159 968 2195 aut
986 2154 1261 2206 religionibus

379 2217 541 2259 artifex
554 2219 599 2258 in
620 2218 992 2258 comminiscendis
1012 2218 1170 2268 Numa,
1190 2221 1264 2256 aut

380 2292 477 2320 esse
496 2280 641 2331 scivit,
660 2286 734 2320 aut
746 2280 890 2322 nasci!

433 2345 457 2395 ᾧ
486 2347 539 2384 16
578 2345 782 2384 Creditum
804 2348 876 2393 est,
915 2343 1129 2384 Varronem
1166 2344 1267 2382 Con-

377 2406 520 2458 sulem]
581 2407 779 2448 Necdum
832 2406 1018 2448 discedit
1073 2419 1098 2446 a
1150 2407 1260 2446 Can-

380 2470 502 2510 nensi
564 2470 705 2520 clade,
762 2471 836 2510 sed
897 2470 990 2522 ejus
1045 2470 1266 2510 occasione

383 2539 481 2585 post
494 2532 713 2572 laudatam
726 2532 942 2583 religionis
953 2532 1267 2572 observantiam

383 2597 540 2636 transit
570 2596 624 2636 ad
643 2596 841 2647 exempla
859 2596 1067 2646 neglectae
1094 2595 1268 2646 religio-

383 2660 448 2699 nis
486 2671 511 2698 a
548 2659 766 2699 Romanis.
840 2658 938 2699 Quo
974 2658 1069 2697 loco
1105 2656 1268 2707 vulgati

383 2723 556 2763 codices
586 2734 792 2775 peperam
823 2733 977 2762 novum
1007 2728 1138 2773 caput
1167 2731 1267 2760 con-

384 2786 585 2827 stituunt.
614 2786 800 2836 Pighius.

441 2850 661 2900 Creditum,
672 2848 757 2901 qm]
777 2848 948 2888 Transit
962 2846 1015 2888 ad
1029 2847 1268 2898 neglectam

385 2913 649 2964 religionem.
704 2912 792 2952 Hic
827 2918 971 2951 autem
1005 2912 1162 2960 Varro,
1198 2909 1269 2961 qui

388 2979 438 3018 C.
476 2977 708 3017 Terentius
748 2976 892 3015 dictus
925 2979 1008 3026 est,
1059 2975 1154 3014 loco
1184 2985 1268 3013 non

387 3042 524 3081 solum
536 3040 702 3090 humili,
721 3040 797 3079 sed
811 3040 943 3079 etiam
956 3038 1128 3078 sordido
1141 3041 1268 3076 natus

388 3110 496 3157 erat,
533 3109 646 3144 teste
684 3103 834 3152 Livio;
863 3114 959 3141 nam
988 3106 1156 3152 patrem
1177 3100 1270 3151 ejus

388 3167 548 3207 lanium
567 3164 698 3205 fuisse
719 3164 843 3215 dicit,
871 3164 1008 3215 ipsum
1031 3162 1271 3202 institorem

390 3228 556 3279 mercis,
574 3226 744 3279 filioque
755 3226 837 3265 hoc
855 3226 947 3277 ipso
961 3225 1003 3264 in
1019 3224 1160 3264 servili
1177 3223 1271 3275 ejus

391 3291 494 3330 artis
521 3290 758 3330 ministerio
782 3301 915 3330 usum.
970 3288 1015 3327 Is
1026 3288 1197 3339 juvenis
1218 3298 1272 3326 ex

393 3365 445 3393 eo
475 3365 631 3403 genere
660 3356 849 3404 quaestus
881 3351 1062 3403 pecunia
1092 3363 1117 3389 a
1146 3355 1271 3401 patre

394 3415 563 3465 relicta,
599 3415 785 3454 animum
817 3414 870 3453 ad
905 3426 1024 3465 spem
1058 3412 1270 3452 liberioris

392 3478 578 3519 fortunae
610 3479 788 3530 adjecit,
827 3483 1012 3530 togaque
1050 3482 1096 3516 et
1132 3474 1272 3516 forum

394 3541 611 3594 placuere,
643 3539 951 3593 proclamando
979 3551 1057 3591 pro
1091 3537 1272 3580 sordidis

960 318 1136 358 NOTAE
1180 317 1511 359 VARIORUM
1555 322 1619 360 IN

1311 440 1547 481 hominibus
1566 441 1787 493 causisque
1805 440 2111 480 adversus⁴rem
2132 439 2194 480 fa-

1312 515 1504 556 mamque
1523 504 1726 544 bonorum
1744 518 1755 553 ;
1786 504 1921 555 primo
1937 505 1979 543 in
1998 503 2192 543 notitiam

1314 568 1474 621 populi,
1509 567 1663 608 deinde
1684 569 1737 608 ad
1758 568 1958 608 honorem
1981 566 2195 619 pervenit.

1317 634 1465 674 Oliver.
1524 634 1714 686 Contigit
1734 634 1785 673 A.
1804 636 1860 675 U.
1880 644 2091 674 Dxxxln.

1374 697 1468 736 Tam
1488 696 1717 748 infeliciter]
1738 697 1863 746 Quia,
1882 702 2076 747 utsupra
2089 694 2196 735 dixi-

1314 773 1420 811 muS‚
1448 773 1554 800 caesa
1575 760 1706 800 fuisse
1726 760 1924 800 feruntur
1943 761 2039 812 plus
2069 770 2193 813 quam

1315 834 1386 864 XL.
1408 824 1538 863 millia
1564 824 1868 874 Romanorum,
1897 829 1943 864 et
1967 835 2093 876 supra
2110 832 2196 863 xx-

1316 887 1448 927 millia
1494 893 1622 940 capta
1666 898 1762 926 cum
1806 885 1900 938 ipso
1938 885 2196 938 imperatore

1318 951 1469 990 Paulo.

1369 1012 1498 1052 Ludos
1529 1012 1746 1064 Circenses]
1777 1011 1887 1052 Ludi
1915 1014 2038 1050 erant
2065 1009 2196 1050 iidem

1317 1077 1390 1129 qui
1411 1082 1455 1116 et
1473 1077 1668 1128 Romani,
1690 1077 1802 1116 sicut
1817 1075 1930 1116 idem
1951 1076 2044 1116 Cic.
2063 1079 2196 1115 testa·

1316 1144 1400 1181 tur.
1458 1139 1514 1179 Hi
1550 1139 1712 1180 fiebant
1740 1140 1780 1179 in
1817 1140 2020 1179 honorem
2052 1138 2194 1189 Jovis‚

1316 1203 1513 1254 sunonis,
1532 1209 1576 1242 et
1594 1203 1820 1242 Minervae.
1877 1203 1934 1242 Et
1951 1199 2197 1241 referebant

1318 1265 1451 1304 veluti
1486 1265 1607 1304 ludos
1646 1264 1896 1316 Olympicos
1930 1264 2197 1304 Graecorum.

1317 1327 1674 1367 Praemittebatur
1693 1328 1758 1366 his
1787 1326 1898 1367 ludis
1928 1338 2085 1379 pompa
2105 1326 2198 1367 Cir-

1319 1391 1471 1432 censis.
1526 1390 1641 1430 Hinc
1670 1389 1930 1441 sponsiones
1959 1401 2036 1441 pro
2061 1388 2197 1429 victo-

1319 1453 1381 1493 ria
1401 1452 1659 1504 aurigarum,
1686 1453 1758 1504 qui
1780 1457 1964 1505 quatuor
1983 1450 2199 1491 coloribus

1319 1518 1526 1568 distincti,
1547 1518 1601 1557 de
1619 1518 1770 1571 quibus
1789 1517 2065 1557 Cassiodorus
2094 1517 2198 1557 Var-

1318 1581 1458 1633 Epist.
1490 1581 1563 1622 lib.
1583 1593 1653 1620 ur.
1674 1585 1740 1621 51.
1766 1582 1778 1603 ‘
1797 1580 1971 1620 Colores
1991 1583 2134 1620 autem
2154 1576 2198 1618 in

1319 1645 1456 1685 vicem
1489 1651 1727 1697 temporum
1764 1642 2027 1697 quadrifaria
2057 1642 2202 1683 divisi-

1320 1720 1401 1748 one
1420 1706 1673 1759 funduntur,
1698 1708 1902 1747 Prasinus
1929 1706 2087 1747 virenti
2108 1716 2201 1746 ver-

1320 1783 1391 1821 no,
1429 1771 1624 1810 Venetus
1654 1770 1808 1810 nubilae
1843 1769 2000 1821 hyemi,
2035 1769 2199 1810 Roseus

1321 1833 1707 1886 aestatiflammeae,
1741 1833 1874 1873 Albus
1907 1833 2110 1885 pruinoso
2129 1843 2202 1871 au-

1322 1903 1469 1938 tumno
1489 1897 1660 1937 dicatus
1680 1903 1746 1937 est
1765 1911 1776 1947 ;
1797 1903 1844 1937 ut
1865 1897 1983 1949 quasi
2004 1907 2081 1947 per
2099 1894 2203 1935 duo-

1323 1961 1463 2001 decim
1501 1961 1623 2012 signa
1651 1959 1911 2013 digrediens,
1938 1970 2072 1998 annus
2091 1958 2202 1997 inte-

1324 2037 1399 2076 ger
1418 2025 1687 2075 signaretur;
1718 2024 1778 2063 sic
1798 2023 1974 2074 factum,
1995 2027 2043 2062 ut
2064 2021 2203 2061 Natu-

1325 2100 1384 2128 rae
1408 2087 1641 2127 ministeria
1670 2086 2012 2138 spectaculorum
2032 2095 2205 2135 compo-

1325 2150 1408 2190 sita
1444 2149 1627 2199 imagine
1669 2147 1950 2189 luderentur.'
2004 2146 2116 2186 Vide
2160 2151 2205 2185 et

1325 2212 1635 2252 Tertullianum
1654 2211 1729 2251 lib.
1752 2211 1805 2250 de
1823 2211 2024 2261 Spectac.
2049 2221 2145 2260 cap.
2163 2212 2205 2249 9.

1327 2282 1373 2317 et
1399 2276 1708 2327 Bullengerum
1736 2274 1791 2314 de
1820 2272 2092 2314 Circensibus
2123 2271 2206 2311 Lu-

1328 2340 1409 2380 dis.

1380 2401 1714 2452 AEdilisfaceret]
1759 2399 1887 2440 Aliud
1908 2398 2207 2440 officium-erat

1328 2467 1479 2508 AEdilis
1499 2465 1685 2518 Curulis,
1704 2464 1816 2504 aliud
1835 2463 2016 2504 Plebeii.
2072 2461 2206 2504 Quid-

1328 2542 1426 2569 nam
1464 2536 1605 2569 autem
1652 2534 1768 2568 esset
1803 2526 1987 2566 officium
2022 2525 2207 2576 eurulis,

1329 2592 1484 2633 Cicero
1518 2593 1645 2631 Verr.
1673 2591 1751 2630 ult.
1791 2588 2010 2629 ostendit:
2039 2588 2051 2610 ‘
2080 2587 2207 2628 Nunc

1330 2654 1450 2704 sum‚'
1464 2654 1619 2706 inquit,
1635 2654 1647 2675 ‘
1664 2653 1911 2704 designatus
1927 2650 2091 2692 AEdilis.
2117 2650 2208 2691 Ha-

1329 2717 1412 2757 beo
1457 2718 1666 2757 rationem
1699 2716 1799 2768 quid
1839 2728 1865 2755 a
1891 2714 2053 2766 populo
2083 2714 2210 2753 Rom.

1330 2780 1592 2831 acceperim,
1627 2779 1730 2818 mihi
1763 2778 2051 2818 sanctissimos
2087 2775 2210 2816 ludos

1331 2843 1516 2882 maxima
1544 2854 1638 2882 cum
1668 2841 1910 2881 ceremonia
1940 2839 2108 2889 Cereri,
2139 2839 2210 2879 Li-

1331 2905 1450 2956 bero,
1468 2905 1719 2956 Liberaeque
1738 2903 1973 2948 faciendos,
1992 2901 2093 2941 mihi
2110 2901 2208 2941 Flo-

1332 2980 1423 3008 ram
1445 2973 1641 3015 matrem,
1670 2966 1828 3017 populo
1859 2964 2063 3016 plebique
2089 2962 2211 3003 ludo·

1332 3043 1422 3070 rum
1442 3029 1697 3070 celebritate
1719 3027 1971 3080 placandam
1989 3040 2001 3076 ;
2026 3027 2126 3066 mihi
2147 3026 2212 3065 lu-

1334 3094 1408 3134 dos
1428 3092 1760 3145 antiquissimos,
1791 3090 1861 3143 qui
1886 3089 2012 3142 primi
2030 3089 2211 3130 Romani

1333 3161 1432 3196 sunt
1447 3155 1669 3204 nominati,
1684 3154 1866 3193 maxima
1882 3165 1979 3192 cum
1998 3151 2211 3203 dignitate

1334 3231 1384 3258 ac
1423 3219 1627 3268 religione
1654 3215 1770 3267 Jovi,
1793 3215 1970 3265 Junoni‚
2001 3213 2209 3253 Minervae

1334 3294 1427 3323 esse
1441 3280 1656 3320 faciendos
1672 3293 1684 3329 ;
1706 3278 1807 3318 mihi
1826 3288 2041 3317 sacrarum
2057 3275 2212 3316 aedium
2241 3316 2260 3327 .

1333 3344 1697 3397 procurationem,
1743 3341 1844 3380 mihi
1883 3345 2018 3380 totam
2062 3338 2211 3378 urbem

1336 3406 1537 3447 tuendam
1568 3416 1661 3444 esse
1681 3403 1958 3453 commissam,
1991 3401 2047 3442 ob
2066 3411 2212 3440 earum

1335 3483 1475 3512 rerum
1497 3470 1683 3510 laborem
1703 3474 1748 3508 et
1771 3465 2079 3506 solicitudinem
2098 3463 2211 3504 fruc·

1335 3541 1407 3576 tus
1424 3535 1518 3575 illos
1540 3533 1662 3574 datos
1683 3529 1965 3583 antiquiorem
1985 3527 2210 3569 sententiae
