2346 3996
605 254 867 296 VALERII
909 249 1149 291 MAX1M1

268 392 354 435 quo
380 376 566 420 tumultu
603 372 829 415 Cornelius
867 370 1146 424 perturbatus

268 442 491 486 consilium
524 439 701 479 dimisit.
754 437 882 478 Hanc
910 434 1068 476 deinde
1087 435 1147 475 le-

267 519 366 561 gem
404 502 575 547 tametsi
622 501 943 554 temperaverit,
988 505 1147 550 tamen,

265 569 410 612 invitis
427 565 722 620 optimatibus,
743 577 836 605 eam
863 564 979 605 tulit.
1026 563 1149 603 Tulit

266 639 410 676 autem
423 631 529 673 alias
545 631 680 683 lega,
693 642 798 683 quas
815 639 1149 670 commemorare

265 709 442 738 necesse
479 707 564 736 nou
601 700 687 736 est.
758 693 962 746 Sequenti
991 692 1148 733 deinde

262 771 393 811 anno,
407 760 559 801 Marco
577 758 759 811 Lepido,
786 762 834 799 et
847 756 979 797 Lucio
996 756 1151 796 Volca-

265 825 328 865 tio
345 825 465 867 Coss·
488 835 608 864 reum
629 821 874 864 Cornelium
894 820 978 860 duo
994 819 1148 861 fratres

264 886 450 928 Cominii
487 887 583 938 lege
614 886 814 926 Cornelia
841 885 896 925 de
914 884 1147 936 majestate

263 948 463 992 fecerunt
478 948 593 1003 apud
608 949 810 990 Publium
830 948 1022 989 Cassium
1038 960 1147 1000 prae-

263 1019 419 1065 torem,
445 1014 520 1067 qui
555 1025 652 1054 cum
685 1012 853 1054 decimo
873 1012 962 1063 die,
991 1019 1037 1052 ut
1056 1024 1146 1053 mos

261 1083 348 1128 est,
380 1089 466 1118 non
501 1075 709 1128 affuisset,
740 1081 1012 1117 accusatores
1045 1083 1146 1118 ante

259 1139 452 1180 tribunal
482 1151 595 1192 pene
623 1138 816 1181 confec-ti
836 1145 950 1180 sunt.
1006 1141 1146 1181 Reno-

260 1210 361 1245 vata
377 1204 538 1245 deinde
571 1205 686 1246 actio
715 1210 802 1256 est,
831 1204 1077 1245 dicentibus
1100 1205 1143 1245 in

260 1280 358 1309 eum
383 1269 634 1310 testimonia
668 1268 841 1310 infestis
875 1269 1143 1322 principibus

259 1331 465 1384 civitatis,
477 1333 553 1387 qui
571 1345 619 1374 se
636 1323 802 1374 vidisse
813 1333 1029 1384 dicerent,
1045 1345 1141 1373 cum

261 1395 488 1438 Cornelius
524 1397 719 1438 codicem
753 1397 796 1437 in
823 1398 1044 1438 tribunatu
1064 1409 1141 1450 pro

260 1460 412 1501 rostris
456 1461 676 1514 recitaret,
709 1461 824 1514 quod
864 1474 990 1503 nemo
1039 1468 1141 1503 ante

261 1525 504 1566 Cornelium
519 1525 992 1568 fecisseaestimaretur.
1009 1527 1142 1567 Vole-

258 1587 506 1630 bantvideri
523 1601 571 1630 se
579 1589 781 1642 judicare
801 1601 894 1630 eam
914 1602 1001 1630 rem
1022 1602 1141 1643 mag-

250 1665 421 1706 nopere
459 1654 512 1694 ad
565 1653 727 1694 crimen
780 1653 1016 1695 imminutae
1053 1667 1139 1695 ma·

249 1716 427 1769 jestatis
465 1717 703 1758 tribunitiae
741 1718 978 1770 pertinere,
1009 1731 1139 1771 quum

254 1792 392 1834 prope
411 1781 639 1834 tolleretur
654 1781 925 1834 intercessio,
948 1783 985 1822 si
1003 1782 1047 1823 id
1068 1783 1143 1823 tri-

254 1843 381 1886 bunis
428 1846 774 1898 permitteretur.
828 1846 1050 1888 Judicium
1095 1847 1139 1887 id

253 1909 451 1950 exercuit
480 1911 533 1953 Q.
559 1909 711 1950 Gallus
744 1911 930 1952 Praetor.
985 1910 1142 1952 Cicero

254 1972 530 2026 quatriduum
563 1972 776 2025 defendit,
799 1979 850 2015 ut
868 1975 962 2026 ipse
981 1974 1139 2027 signifi-

253 2041 339 2077 cat.
393 2036 506 2090 Vide
536 2035 696 2078 Ascon.
726 2037 769 2077 in
809 2037 982 2079 Cornel.
1031 2038 1138 2079 Oliv.

254 2099 454 2153 Contigit
483 2100 536 2141 A.
555 2101 610 2141 U.
638 2111 880 2142 ncxxcvu.
937 2102 1011 2143 Cn.
1041 2103 1138 2142 Cor-

252 2163 378 2216 nelii}
396 2162 610 2205 Asconius
626 2164 672 2205 in
688 2164 895 2205 Oratione
910 2178 990 2218 pro
1011 2167 1138 2208 Corn.

254 2226 310 2268 Q.
339 2227 539 2268 Catulum
574 2229 715 2281 ponit,
747 2234 794 2269 et
824 2229 876 2269 L.
911 2230 1136 2270 Lucullum

253 2290 429 2332 omittit.
459 2293 629 2333 Cor-rad.

311 2355 688 2413 Umbonejudiciali]
711 2358 877 2411 Clypeo
897 2363 943 2399 et
962 2364 1135 2412 protec-

250 2419 370 2462 tione
382 2421 595 2474 judicum.
623 2423 731 2464 Bad.

306 2486 374 2537 §5
407 2486 515 2532 Quid
545 2487 710 2526 Marcus
746 2486 903 2540 cicero]
935 2489 1022 2530 Hic
1038 2502 1134 2530 cum

248 2549 295 2590 in
326 2548 454 2590 domo
483 2550 665 2591 Caesaris
695 2563 748 2592 eo
781 2563 893 2593 anno
921 2552 1134 2605 pontificis

247 2611 437 2664 maximi,
462 2611 584 2654 bonae
604 2613 710 2654 Deae
731 2626 854 2655 sacra
866 2616 1135 2657 celebraren-

248 2680 336 2727 tur,
365 2676 518 2728 quibus
548 2677 653 2717 nulli
680 2677 774 2718 viro
798 2678 1011 2720 interesse
1031 2681 1133 2722 lice·

244 2737 338 2791 bat,
353 2739 408 2781 P.
428 2739 604 2782 Clodius
622 2740 756 2794 Appii
769 2741 895 2791 filius,
909 2744 1131 2798 Pompeiae

246 2803 430 2845 Caesaris
445 2806 589 2846 uxoris
608 2818 754 2847 amore
777 2814 1020 2862 correptus,
1051 2809 1131 2852 sub

243 2865 392 2908 babitu
409 2869 607 2910 muliebri
626 2870 740 2910 aedes
759 2871 967 2926 introivit,
989 2880 1036 2914 et
1069 2886 1130 2916 sa-

245 2943 323 2973 cra
341 2933 532 2982 violavit,
553 2936 624 2988 qui
643 2936 840 2988 cognitus
874 2950 953 2990 per
979 2952 1128 2980 manus

246 2997 428 3037 servulae
473 3003 667 3039 servatus
711 3005 759 3041 et
808 3001 988 3043 eductus
1045 3010 1127 3045 est.

247 3059 389 3102 Cicer.
422 3061 478 3102 ad
511 3061 609 3103 Att.
645 3063 718 3104 lib.
746 3076 780 3104 1.
825 3066 910 3117 Ep.
927 3070 968 3107 9.
1005 3068 1126 3120 cujus

243 3124 501 3177 principium
530 3132 625 3167 est:
667 3128 680 3150 ⁴
702 3129 762 3169 Et
795 3141 894 3169 mea
924 3138 1080 3183 sponte
1100 3132 1127 3173 :'

237 3187 350 3240 ‘P.,’
363 3189 518 3243 inquit,
538 3191 551 3213 ‘
567 3190 766 3232 Clodium
785 3192 912 3246 Appii
929 3193 1062 3235 filium
1079 3203 1124 3236 te

244 3251 374 3292 credo
404 3252 572 3294 audisse
609 3267 705 3296 cum
745 3263 866 3298 veste
901 3260 1123 3301 mulierum

244 3314 554 3368 deprehensum
566 3318 681 3359 domi
695 3320 774 3362 Cn.
788 3322 1123 3377 Caesaris,quum

242 3378 494 3421 sacrificium
510 3394 588 3434 pro
607 3385 766 3436 populo
785 3385 924 3438 fieret,
942 3399 1122 3441 eumque

207 3450 210 3451 ’
242 3452 322 3492 per
339 3453 488 3488 manus
506 3447 686 3486 servulae
705 3454 920 3489 servatum
934 3456 980 3491 et
993 3450 1121 3492 educ·

243 3509 360 3545 tum:
391 3517 479 3547 rem
498 3518 591 3549 esse
608 3509 763 3562 insigni
781 3510 984 3555 infamia:
1008 3515 1121 3569 quod

1193 251 1315 291 mu.
1355 253 1490 292 vlu.
1531 240 1746 293 0A1›.5.
1949 239 2090 294 1287

1208 375 1252 411 te
1272 370 1453 412 moleste
1471 369 1585 411 ferre
1601 370 1720 411 sci0.'
1751 370 1902 411 Oliver.

1260 437 1284 474 3
1315 435 1494 475 Summos
1507 433 1688 486 honores]
1716 435 2091 486 Praeturam,con-

1207 498 1407 548 sulatum,
1427 503 1696 550 auguratum.
1724 498 1848 538 Idem.

1263 561 1529 612 Sacrilegum]
1562 561 1675 603 Quia
1693 573 1816 602 sacra
1836 561 1962 602 bonae
1982 562 2089 603 Deae

1208 625 1326 665 adire
1358 636 1446 665 non
1478 625 1709 678 dubitavit,
1745 626 1900 680 quibus
1938 626 2091 667 adesse

1209 687 1331 729 nefas
1345 695 1440 729 erat
1459 690 1567 731 viro.
1599 691 1750 731 Oliver.

1263 752 1502 804 Flagitium]
1522 753 1757 794 Incestum.
1776 753 1906 805 Nam,
1922 757 1971 794 ut
1985 753 2095 806 dixi,

1210 823 1394 869 propter
1412 817 1665 869 Pompeiam
1695 816 1879 857 Caesaris
1912 829 2091 857 uxorem

1210 879 1376 919 adierat
1431 891 1566 919 sacra.
1634 879 1925 922 Quamobrem
1974 886 2020 920 et
2066 891 2092 919 a

1210 945 1384 984 Caesare
1402 944 1610 996 Pompeia
1630 945 1856 997 repudiata
1875 943 1986 995 fuit3
2016 956 2089 984 cu-

1201 1008 1276 1061 jus
1309 1009 1370 1048 rei
1406 1009 1601 1049 meminit
1641 1009 1871 1049 Suetonius
1918 1010 1962 1048 in
2001 1009 2091 1049 vita

1208 1073 1410 1114 Caesaris.
1469 1072 1584 1113 Dicit
1601 1072 1713 1113 enim
1730 1086 1741 1113 :
1781 1074 1793 1096 ‘
1811 1073 1862 1113 In
1879 1073 2090 1113 Corneliae

1205 1138 1346 1178 locum
1366 1137 1620 1189 Pompeiam
1636 1137 1774 1190 duxit,
1793 1137 1945 1179 Quinti
1960 1137 2090 1178 Pom-

1205 1202 1292 1254 peii
1316 1201 1462 1252 filiam,
1484 1202 1606 1242 Lucii
1625 1201 1756 1254 Syllae
1778 1206 1969 1253 neptem,
1990 1214 2088 1242 cum

1205 1278 1288 1319 qua
1317 1265 1475 1306 deinde
1509 1265 1742 1305 divortium
1776 1264 1898 1317 fecit,
1926 1265 2091 1306 adulte·

1203 1342 1293 1370 ram
1342 1331 1557 1382 opinatus.
1631 1331 1683 1370 P.
1728 1330 1926 1370 Clodium
1973 1330 2089 1370 inter

1202 1393 1395 1447 publicas
1416 1393 1683 1433 ceremonias
1712 1393 2011 1446 penetravisse
2031 1395 2085 1433 ad

1203 1468 1297 1496 eam
1339 1456 1538 1496 muliebri
1575 1462 1711 1507 veste,
1751 1463 1838 1497 tam
1884 1463 2087 1497 constans

1201 1520 1315 1561 fama
1332 1526 1444 1572 erat,
1464 1527 1512 1562 ut
1530 1522 1713 1561 Senatus
1735 1522 2013 1573 quaestionem
2032 1523 2087 1562 de

1205 1585 1377 1638 pollutis
1397 1586 1530 1626 sacris
1552 1585 1829 1627 decreverit!
1866 1586 1991 1627 Idem.

1256 1649 1421 1702 Incesti]
1469 1650 1621 1696 Recte,
1658 1649 1759 1702 quia
1803 1650 1901 1690 loco
1947 1662 2084 1692 sacro.

1201 1714 1283 1754 Vel
1317 1714 1456 1754 incesti
1485 1714 1615 1754 etiam
1651 1714 1704 1753 de
1735 1714 1952 1754 sororibus
1986 1728 2086 1768 pos-

1202 1789 1347 1818 sumus
1363 1778 1625 1830 intelligere.
1655 1779 1765 1818 Nam
1781 1777 1886 1819 duas
1902 1779 2086 1820 violasse

1200 1844 1387 1896 suspicio
1407 1848 1514 1883 erat.
1545 1843 1670 1883 Idem.

1255 1910 1324 1962 §6
1352 1908 1407 1948 P.
1437 1907 1650 1959 Servilius]
1683 1907 1769 1947 Hic
1801 1908 1854 1948 P.
1876 1907 2081 1949 Servilius

1200 1971 1420 2012 Isauricus
1471 1971 1621 2012 missus
1659 1972 1865 2013 adversus
1902 1973 2083 2024 piratas,

1199 2038 1272 2090 qui
1315 2036 1553 2089 proximum
1590 2049 1722 2088 mare,
1758 2037 1933 2078 Cretam
1968 2038 2083 2079 inter

1199 2107 1329 2154 atque
1345 2101 1553 2153 Cyrenas,
1577 2100 1756 2153 Epirum
1784 2107 1831 2142 et
1859 2101 2083 2154 Achaiam,

1197 2166 1421 2218 sinumque
1458 2166 1667 2217 Maleum,
1699 2166 2084 2218 latrocinabantur,

1198 2243 1282 2271 non
1298 2231 1528 2271 incruenta
1542 2230 1726 2271 victoria
1740 2231 1985 2284 superavit3
2000 2243 2081 2272 nec

1196 2295 1303 2335 mari
1322 2294 1586 2335 submovisse
1602 2300 1848 2347 contentus,
1869 2295 2079 2336 validissi-

1195 2372 1286 2400 mas
1313 2359 1441 2399 urbes
1463 2369 1626 2409 eorum,
1646 2363 1706 2397 >et
1734 2358 1899 2398 diutina
1932 2358 2080 2411 praeda

1197 2423 1481 2475 abundantes,
1517 2423 1720 2463 Phaselin
1757 2429 1804 2464 et
1842 2423 2079 2476 Olympon,

1196 2488 1370 2538 evertit,
1415 2487 1699 2540 Isaurumque
1744 2487 1882 2540 ipsam
1933 2500 2077 2529 arcem

1196 2551 1375 2604 Ciliciae,
1411 2551 1525 2592 unde
1573 2552 1771 2592 conscius
1809 2552 1894 2592 sibi
1929 2554 2078 2605 magni

1195 2618 1368 2668 laboris,
1388 2615 1568 2657 Isaurici
1587 2628 1823 2669 cognomen
1843 2616 2077 2658 adamavit.

1199 2681 1358 2721 Dictus
1379 2679 1507 2733 igitur
1522 2679 1758 2733 Isauricus,
1774 2681 1887 2734 quod
1906 2680 2076 2722 Isauros

1196 2744 1239 2785 in
1262 2744 1410 2786 Cilicia
1427 2744 1657 2786 domuerit.
1686 2745 1813 2787 Idem.

1248 2810 1429 2863 Angusto
1447 2808 1546 2862 loco]
1574 2808 1711 2852 Arcto
1741 2810 1856 2864 loco,
1876 2809 1949 2866 qui
1968 2809 2075 2855 duos

1194 2886 1326 2928 equos
1346 2887 1433 2915 non
1450 2875 1714 2926 admitteret.
1769 2875 1886 2929 Ergo
1904 2877 1973 2918 hic
1993 2890 2075 2919 nec

1193 2939 1246 2979 de
1263 2940 1334 2980 via
1347 2939 1494 2992 cessit,
1506 2950 1587 2979 nec
1601 2951 1714 2993 equo
1728 2939 1932 2982 desilivit.
1960 2942 2074 2982 Nam

1191 3003 1456 3057 principibus
1485 2995 1690 3055 civitatis,
1722 3005 1792 3056 qui
1812 3005 1893 3045 hoc
1911 3005 2073 3045 honore

1190 3067 1311 3120 digni
1329 3066 1626 3114 censebantur,
1651 3067 1822 3108 honoris
1852 3069 1990 3120 gratia
2016 3069 2071 3109 ab

1188 3125 1464 3172 inferioribus
1483 3142 1595 3184 equo
1626 3131 1985 3181 descendebatur,
2000 3144 2070 3172 ca—

1190 3200 1269 3248 put
1298 3194 1590 3248 aperiebatur,
1622 3201 1667 3234 et
1695 3193 1751 3234 de
1771 3194 1923 3234 semita
1941 3195 2068 3235 cede-

1188 3261 1330 3312 batur,
1355 3258 1468 3314 quod
1500 3259 1672 3300 honoris
1701 3269 1834 3310 genus
1855 3260 2068 3300 senectuti

1187 3324 1395 3377 imprimis
1441 3322 1637 3364 dabatur.
1712 3322 1878 3361 Seneca
1923 3322 2066 3374 Epist.

1186 3398 1295 3429 Lxx.
1326 3388 1338 3410 ‘
1354 3387 1399 3428 Si
1419 3386 1632 3427 consulem
1652 3384 1777 3425 video
1804 3390 1879 3424 aut
1907 3393 2063 3437 praeto-

1187 3465 1294 3504 rem,
1305 3452 1447 3493 omnia
1461 3450 1616 3503 quibus
1630 3448 1762 3488 bonor
1780 3448 1923 3488 haberi
1939 3450 2065 3499 solet,

1185 3518 1356 3569 faciam,
1375 3527 1483 3569 equo
1503 3513 1711 3565 desiliam,
1740 3519 1870 3566 caput
1904 3513 2060 3567 adape-
