2320 4004
358 275 498 327 1114

357 403 555 455 imposito
575 401 616 440 in
637 401 778 453 capite
797 412 875 452 pro
895 400 1138 440 conditione
1158 411 1228 439 cu-

353 466 512 517 jusque
531 464 698 516 preti03
728 464 800 503 sed
834 475 886 502 ea
913 474 988 512 spe
1007 461 1228 501 fraudatus

361 540 387 567 a
423 528 600 577 Senatu,
634 527 707 579 qui
742 537 825 565 non
859 525 1032 576 publice
1077 523 1230 563 redimi

359 590 541 640 censuit,
572 589 684 641 quod
717 588 806 627 sine
840 588 932 639 ejus
968 587 1230 626 auctoritate

360 653 405 692 id
443 651 604 692 factum
640 662 732 691 esse
767 650 948 698 diceret,
995 648 1147 698 tacuit,
1186 653 1231 687 et

365 727 530 767 agrum,
578 725 700 764 quem
746 712 978 763 pretiosum
1029 709 1231 761 habebat,

364 776 535 828 publice
570 774 777 824 vendidit,
814 779 860 814 et
896 774 1118 826 pecuniam
1156 784 1233 823 pro

365 839 549 889 captivis
567 838 677 878 hosti
693 837 934 889 promissam
960 835 1146 876 fideliter
1161 848 1236 875 ex-

363 902 506 942 solvit.
553 900 713 940 Eadem
733 900 859 939 animi
878 899 1120 939 constantia
1137 910 1234 938 usus

367 969 452 1014 est,
475 976 569 1003 cum
592 963 823 1003 Minucium
855 963 1103 1013 magistrum
1123 961 1237 1013 equi-

369 1032 458 1066 tum
478 1026 656 1077 imperio
679 1025 761 1065 sibi
790 1037 935 1076 parem
963 1025 1144 1063 Senatus
1165 1036 1237 1075 po·

369 1090 576 1141 pulusque
600 1090 811 1128 Romanus
842 1099 932 1126 esse
943 1087 1098 1138 jussit;
1127 1086 1238 1138 quod

370 1164 584 1204 nunquam
640 1158 767 1189 antea
812 1148 973 1189 factum
1011 1148 1167 1199 fuerat,
1193 1154 1242 1188 ut

371 1214 588 1254 Dictatori
608 1213 811 1265 magister
839 1212 1024 1264 equitum
1055 1224 1242 1263 aequare-

374 1281 444 1316 tur
460 1275 654 1326 imperio.
712 1265 765 1313 Id
785 1279 929 1312 autem
950 1273 1126 1320 factum,
1146 1273 1244 1325 quia

372 1350 468 1378 cum
489 1337 646 1377 Fabius
675 1337 843 1375 videret
872 1335 1138 1386 superiorum
1168 1336 1243 1374 du-

374 1411 469 1439 cum
512 1399 756 1439 temeritate
798 1397 1104 1449 rempublicam
1150 1410 1245 1438 esse

374 1476 636 1513 concussam,
668 1462 859 1514 adeoque
890 1461 1172 1512 debilitatam,
1200 1467 1248 1502 ut

373 1527 459 1566 suis
481 1526 641 1565 viribus
661 1525 738 1564 niti
758 1525 830 1564 vix
850 1529 1020 1576 posset;
1051 1537 1140 1565 rem
1168 1525 1247 1565 sibi

375 1589 499 1640 longe
534 1588 663 1628 aliter
707 1587 933 1639 gerendam
971 1599 1064 1627 esse
1110 1588 1249 1638 duxit,

377 1663 503 1703 quam
548 1651 788 1703 superiores
831 1649 1041 1702 fecerant,
1084 1651 1250 1691 hostem

378 1714 543 1754 scilicet
563 1715 756 1764 consilio,
784 1727 867 1753 non
889 1715 1046 1755 viribus
1066 1728 1159 1755 esse
1179 1717 1250 1756 do-

380 1777 593 1828 mandum,
614 1783 658 1817 et
677 1778 983 1829 rempublicam
1012 1779 1250 1830 prudentiae

381 1839 532 1890 magis,
546 1852 669 1892 quam
688 1838 870 1879 fortunae
887 1840 1094 1880 beneficio
1113 1853 1252 1881 recre-

383 1902 552 1942 andam.
608 1902 760 1954 Itaque
780 1903 918 1942 noluit
947 1914 1144 1954 unquam,
1176 1904 1255 1943 nisi

382 1969 585 2015 quantum
634 1965 867 2003 necessitas
915 1971 1104 2016 cogeret,
1160 1979 1254 2006 cum

384 2025 504 2065 hoste
535 2031 726 2076 certare;
767 2027 840 2066 sed
876 2027 1044 2067 illorum
1074 2029 1256 2081 impetus

384 2088 523 2128 indies
542 2089 753 2141 frustrari,
772 2096 815 2129 et
834 2091 976 2130 multis
1002 2093 1138 2132 modis
1163 2094 1258 2133 illu-

386 2151 506 2203 dere,
525 2152 661 2192 donec
679 2154 761 2205 ipsi
780 2154 867 2193 suis
886 2155 1047 2194 viribus
1075 2156 1258 2197 confice-

387 2221 549 2255 rentur.
607 2217 716 2255 Nam
749 2217 859 2267 loca,
892 2217 1003 2256 unde
1035 2218 1118 2257 illis
1149 2231 1259 2258 com-

389 2282 552 2317 meatus
584 2290 675 2318 esse
708 2283 896 2329 possent,
924 2292 1048 2331 quam
1082 2283 1262 2321 maxima

387 2339 615 2391 diligentia
634 2341 891 2392 occupabat,
909 2342 1178 2395 arctioraque
1201 2344 1263 2382 in-

391 2403 482 2443 dies
511 2404 713 2444 alimenta
732 2405 773 2443 in
793 2405 942 2444 castris
968 2406 1151 2444 hostium
1172 2406 1266 2446 red·

392 2466 551 2516 debat;
581 2467 692 2519 quod
727 2480 850 2506 unum
872 2467 1073 2507 vincendi
1099 2471 1266 2511 consili-

393 2540 464 2566 um
479 2528 798 2567 saluberrimum
814 2530 1138 2579 excogitaverat
1155 2544 1167 2580 ;
1191 2533 1266 2572 sed

394 2590 611 2629 Minucius
628 2591 830 2641 magister
849 2592 1054 2642 equitum,
1071 2593 1133 2631 vir
1147 2592 1269 2634 ferox

394 2659 441 2692 et
462 2654 635 2704 rapidus
657 2654 698 2692 in
717 2654 917 2705 consiliis,
947 2667 996 2694 ac
1019 2656 1165 2707 lingua
1195 2658 1270 2696 im·

397 2716 606 2766 modicus,
625 2716 759 2766 primo
779 2716 892 2755 inter
919 2728 1093 2768 pauc08‚
1115 2718 1270 2759 deinde

398 2782 539 2833 palam
560 2782 600 2820 in
623 2783 770 2832 vulgus
792 2782 1023 2832 criminari,
1052 2796 1128 2834 pro
1148 2790 1272 2824 cauto

401 2844 610 2894 timidum,
632 2856 710 2894 pro
743 2844 951 2895 prudente
984 2846 1166 2896 tardum,
1196 2860 1274 2898 pro

401 2906 541 2958 perito
578 2907 789 2946 imbellem
828 2909 1062 2959 appellare,
1103 2911 1191 2961 qui,
1228 2917 1276 2951 ut

403 2969 563 3010 diutius
581 2977 692 3010 esset
712 2971 752 3010 in
775 2972 1050 3022 Magistratu,
1068 2980 1113 3013 et
1128 2975 1275 3016 Romae

403 3038 450 3072 et
469 3034 511 3072 in
528 3035 675 3073 castris
694 3034 870 3075 haberet
894 3036 1129 3088 imperium,
1146 3040 1279 3080 nollet

406 3109 500 3136 cum
531 3097 721 3136 hostibus
756 3098 849 3136 acie
879 3098 1100 3140 dimicare.
1171 3103 1280 3143 Haec

410 3165 456 3199 et
484 3160 568 3198 alia
589 3159 652 3198 his
700 3159 941 3210 indigniora
970 3161 1023 3200 de
1055 3163 1281 3204 Dictatore

409 3221 552 3262 ferens
584 3221 626 3260 in
645 3222 807 3273 vulguS,
826 3222 887 3261 sic
912 3222 1073 3263 animos
1102 3226 1283 3266 militum

412 3284 681 3333 incenderat,
719 3288 766 3324 ut
798 3285 833 3323 si
866 3285 1060 3324 militaris
1095 3286 1285 3340 suffragii

418 3359 483 3386 res
512 3346 680 3393 fuisset,
725 3346 836 3387 haud
875 3346 1002 3387 dubie
1038 3348 1288 3390 viderentur

418 3410 654 3450 Minucium
715 3410 849 3450 Fabio
902 3410 999 3450 duci
1053 3412 1289 3462 praelaturi.

419 3474 547 3514 Forte
565 3474 625 3514 ita
640 3474 801 3526 evenit,
819 3478 867 3516 ut
884 3473 1082 3516 Dictator
1099 3477 1293 3520 comitio-

931 284 1106 323 NOTAE
1146 284 1476 323 VARIORUM
1519 283 1583 322 IN

1289 411 1381 439 rum
1399 411 1524 438 causa
1544 399 1720 438 Romam
1749 402 1988 448 revocatus,
2019 395 2163 436 Minu-

1290 461 1399 501 cium
1420 462 1570 501 castris
1590 461 1850 512 praeficeret,
1875 461 1946 512 qui
1967 461 2047 499 levi
2064 472 2165 511 quo-

1291 527 1387 566 dam
1423 527 1657 566 certamine
1691 539 1786 566 cum
1822 525 2034 566 Annibale
2069 536 2168 564 con-

1292 602 1480 640 gressus,
1517 595 1561 629 et
1597 590 1780 629 victoria
1819 601 1949 641 parva
1989 588 2168 640 potitus,

1293 653 1440 692 literas
1474 652 1527 691 de
1568 652 1693 691 rebus
1730 652 1879 702 gestis,
1917 654 1963 690 et
1994 648 2170 700 egregia

1295 714 1474 754 victoria
1507 713 1560 752 ad
1590 714 1793 753 Senatum
1827 714 1971 752 misit:
2017 711 2170 764 quibus

1296 782 1434 816 motus
1454 776 1634 815 Senatus
1660 781 1705 814 et
1739 776 1940 827 populus,
1967 774 2170 814 decreve-

1296 844 1396 878 runt
1425 838 1663 878 Minucium
1693 850 1859 889 aequam
1895 837 2064 888 imperii
2098 847 2174 887 po-

1300 906 1498 941 testatem
1519 901 1679 940 habere
1700 913 1794 940 cum
1814 900 2070 948 Dictatore;
2098 898 2176 938 sed

1299 965 1426 1015 paulo
1446 969 1542 1015 post
1566 964 1819 1002 intellexere
1850 959 2175 1009 Romani,bono

1299 1026 1548 1078 imperatori
1564 1026 1676 1065 haud
1698 1024 1841 1076 magni
1854 1023 2069 1064 fortunam
2089 1033 2180 1062 mo·

1301 1090 1434 1129 menti
1455 1101 1562 1139 esse,
1590 1094 1636 1127 et
1667 1089 1798 1127 solam
1828 1093 2014 1126 mentem
2050 1084 2179 1124 ratio·

1302 1163 1484 1204 nemque
1532 1150 1762 1199 dominari,
1807 1161 1904 1188 nam
1961 1146 2179 1187 Minucius

1304 1220 1466 1254 temere
1485 1226 1580 1253 cum
1601 1212 1793 1252 hostibus
1809 1215 2008 1261 suscepta
2022 1220 2180 1260 pugna,

1306 1292 1389 1319 non
1406 1281 1662 1319 mediocrem
1691 1277 1874 1330 reipubl.
1905 1275 2068 1316 cladem
2091 1274 2183 1313 illa·

1307 1348 1426 1380 turus
1459 1340 1617 1390 fuerat,
1664 1340 1745 1379 nisi
1778 1339 2020 1378 Dictatoris
2047 1336 2185 1376 consi-

1309 1405 1365 1444 lio
1404 1405 1447 1443 in
1484 1411 1676 1456 tempore
1719 1402 1972 1442 subventum
2015 1399 2185 1444 fuisset.

1312 1467 1462 1506 Oliver.

1364 1529 1569 1568 Dictatore?
1594 1529 1630 1568 ei
1650 1527 1893 1578 Magistrum
1912 1525 2084 1576 equitum
2103 1522 2190 1563 Mi«

1308 1594 1463 1632 mucium
1470 1593 1565 1642 jure
1583 1591 1737 1642 imperii
1763 1590 1928 1630 Senatus
1945 1585 2186 1639 aequavemt]

1311 1657 1410 1696 Hoc
1445 1656 1497 1694 de
1525 1656 1686 1695 Senatu
1721 1654 1847 1704 plane
1881 1656 1928 1691 et
1961 1649 2188 1701 perspicue

1312 1717 1480 1758 falsum.
1538 1718 1636 1757 Non
1656 1716 1893 1764 sciverunt,
1925 1724 2008 1752 non
2031 1720 2190 1763 appro-

1313 1781 1469 1820 barunt
1490 1780 1532 1819 id
1553 1778 1821 1819 temerarium
1851 1785 1896 1816 et
1928 1787 2082 1815 novum
2116 1786 2190 1825 pa-

1316 1848 1428 1882 tresz
1482 1841 1618 1893 plebis
1666 1841 1788 1880 unius
1825 1844 1870 1879 et
1903 1838 2188 1878 Tribunorum

1315 1906 1407 1944 baec
1439 1904 1622 1953 sanctio,
1652 1903 1722 1941 hic
1754 1913 1888 1941 error.
1947 1900 2103 1951 Itaque
2123 1898 2192 1938 Li-

1319 1969 1410 2008 vius
1456 1968 1616 2007 diserte
1665 1965 1948 2005 Plebiscitum
1991 1962 2194 2015 appellat.

1320 2032 1414 2071 Nec
1446 2031 1570 2070 aliter
1610 2028 1884 2068 Plutarchus.
1959 2026 2076 2068 Quin
2112 2025 2193 2064 iste

1318 2094 1412 2145 ipse
1432 2093 1634 2132 Valerius
1663 2092 1794 2131 lib.v.
1827 2103 1923 2142 cap.
1942 2093 1982 2130 2.
2010 2091 2023 2111 ‘
2041 2088 2195 2128 Dicta-

1323 2157 1406 2196 tori
1438 2156 1506 2206 ei,’
1547 2154 1702 2207 inquit,
1728 2154 1966 2205 ‘Magister
2003 2150 2194 2203 equitum

1322 2219 1680 2267 Minucius,scito
1694 2216 1832 2269 plebis
1853 2216 2075 2267 aequatus.’
2108 2214 2196 2253 Ne-

1324 2282 1451 2322 scivit
1480 2281 1703 2319 Valerius?
1738 2285 2013 2330 corruptores
2041 2276 2114 2316 isti
2149 2276 2199 2315 li·

1325 2346 1494 2386 brorum
1517 2344 1673 2395 potius‚
1694 2356 1718 2382 a
1738 2342 1890 2394 quibus
1919 2339 2102 2380 infarcta
2118 2350 2201 2377 vox

1326 2407 1507 2448 Senatus.
1552 2408 1642 2458 Ego
1659 2417 1814 2445 censeo
1833 2405 1950 2443 illum
1970 2401 2205 2452 scripsisse,

1315 2471 1408 2520 jure
1436 2470 1594 2521 imperii
1623 2471 1883 2519 aequaverant.
1944 2466 2057 2506 Satis
2089 2463 2202 2504 enim

1329 2544 1508 2583 pronum
1552 2531 1794 2579 intellectu,
1831 2541 1934 2581 quos
1963 2528 2204 2578 intellegat.

1327 2595 1439 2646 Lips-

1384 2656 1495 2707 Soepe
1513 2660 1631 2695 etiam
1658 2654 1782 2705 specie
1809 2654 1902 2693 bene
1932 2652 2115 2703 gerendae
2146 2656 2204 2692 rei

1330 2719 1485 2769 oblata]
1509 2719 1650 2764 Malo;
1681 2728 1781 2768 soepe
1800 2716 1918 2755 etiam
1947 2727 2014 2766 spe
2031 2713 2124 2754 bene
2138 2725 2208 2763 ge,-

1331 2784 1463 2822 rendae
1491 2781 1561 2821 rei.
1617 2779 1763 2831 Atque
1794 2779 1856 2818 ita
1890 2779 2056 2830 priscus
2083 2776 2208 2816 liber.

1334 2846 1462 2885 Idem.

1390 2909 1479 2960 Ira]
1507 2907 1620 2949 Quia
1646 2905 1751 2944 iram
1772 2903 1992 2956 superavit
2010 2903 2068 2952 id,
2095 2903 2210 2955 quod

1339 2982 1554 3020 nunquam
1601 2969 1644 3007 in
1686 2966 1918 3018 perniciem
1964 2964 2212 3017 reipublicae

1342 3033 1468 3072 irasci
1489 3031 1635 3070 voluit.

1396 3093 1494 3146 Spe]
1522 3092 1633 3135 Quia
1650 3090 1902 3130 Annibalem
1922 3088 2111 3129 sedendo
2128 3101 2214 3129 ma-

1345 3159 1424 3210 gis,
1445 3169 1568 3209 quam
1601 3153 1842 3193 dimicando
1870 3152 2089 3202 superavit
2115 3163 2216 3191 con-

1346 3228 1413 3260 tra
1450 3230 1568 3269 spem
1606 3214 1804 3254 omnium.
1875 3214 1990 3253 Hinc
2027 3213 2218 3253 Ennius:

1346 3285 1358 3306 ‘
1375 3283 1495 3322 Unus
1516 3282 1639 3318 homo
1666 3277 1786 3316 nobis
1821 3276 2066 3316 cunctando
2096 3277 2219 3316 resti·

1348 3347 1434 3386 tuit
1453 3341 1571 3381 rem.’

1405 3409 1428 3459 ξ
1447 3410 1472 3445 3
1503 3403 1644 3443 Caium
1667 3402 1785 3440 etiam
1802 3400 2003 3451 Pisonem]
2031 3400 2224 3453 Populus

1356 3473 1410 3513 de
1445 3465 1672 3520 Hispania,
1700 3464 1887 3504 Sertorio
1917 3464 2052 3515 victo,
2085 3472 2223 3517 nuper
