2320 4004
592 327 856 369 vALnnn
903 324 1143 364 MAXIMI
1190 315 1308 365 ms.
1348 325 1403 363 v.
1445 324 1578 363 cAP.
1604 311 1658 362 4.

206 461 346 505 tenes,
367 453 528 507 quanto
547 449 680 502 magis
710 447 764 487 de
794 453 839 487 te
867 446 979 487 bene
997 456 1087 484 me-

207 520 279 560 riti
317 521 463 559 essent
499 512 763 555 venerandi:
807 523 904 552 cum
944 514 1087 550 autem

208 583 303 623 illos
333 575 836 634 ejeceris,*cruciaveris,
861 573 1090 613 damnave-

208 646 284 696 ris,
321 648 483 697 quanto
529 640 724 695 graviore
770 650 898 692 poena
935 637 1088 688 dignus

209 708 393 750 videris?
423 707 532 747 Oliv.

261 776 287 813 3
316 769 587 823 Areopagum]
614 765 940 809 Pausau.lib.1.
958 765 1088 816 Apul.

1893 311 1913 361 l
1928 309 2035 363 189

1150 444 1286 484 licenti
1314 446 1457 484 soluta>
1475 457 1552 484 non
1582 442 1739 495 vacent]
1784 441 1855 483 Ita
1892 442 2035 493 vulgo.

1152 507 1294 546 Locus
1336 507 1406 548 hic
1452 508 1582 548 etiam
1629 513 1857 559 corruptus
1904 513 2035 558 atque

1151 570 1322 610 luxatus
1342 571 1567 611 sciolorum
1595 571 1782 622 inscitia,
1814 569 1938 621 cujus
1959 569 2036 608 du-

1152 635 1254 686 plex
1300 634 1519 685 reperitur
1564 634 1605 673 in
1651 633 1773 674 libris
1817 631 2036 673 veteribus

1129 698 1298 747 -lectio,
1326 709 1502 749 quarum
1527 699 1667 739 altera
1684 698 1727 738 in
1754 695 2036 738 Pulmanuia-

1153 774 1208 802 no
1226 762 1348 802 haec:
1388 763 1533 802 Tacent
1563 768 1683 804 mutoe
1710 763 1865 802 illoram
1885 759 2036 801 umbrae

207 836 286 876 lib.
303 846 350 876 x.
380 836 563 875 Metam.
601 837 614 856 ‘
630 832 838 872 Martium
870 826 1093 882 judicium'
1141 827 1229 877 fati
1245 826 1474 867 necessitate
1499 829 1717 867 constrietoe
1732 840 1755 874 ,··
1773 830 1816 866 at
1840 826 2038 865 immemo-

209 899 416 951 appellat.
440 896 663 940 „Iuvenalis
680 896 695 918 ⁴
712 895 881 936 Curiam
904 889 1091 932 Martis!

210 962 322 1005 Quia
351 975 375 1002 a
403 963 548 1001 Marte
577 960 738 999 dictum
771 958 834 998 illi
863 957 1092 1008 putabant.

212 1026 294 1066 Sed
327 1025 477 1066 Suidas
521 1023 701 1064 scribit:
745 1019 918 1068 Ἐκλήθη
953 1018 995 1059 δὲ
1029 1017 1096 1058 καὶ

204 1089 357 1143 “Apenas
386 1088 529 1140 πάγος,
548 1087 609 1127 ὅτι
629 1087 670 1127 ἐν
693 1088 750 1137 τῷ
775 1084 890 1136 πάγῳ
918 1082 1002 1123 ἐστὶ
1030 1083 1095 1123 καὶ

212 1153 256 1192 ἐν
283 1152 368 1205 ὕψει
394 1149 652 1204 δικαστήριον.
708 1151 775 1190 De
802 1150 927 1202 hujus
940 1147 1095 1201 judicii

211 1216 465 1268 integritate
512 1220 677 1255 tantum
725 1226 809 1254 nou
857 1211 1096 1253 Proverbia

213 1284 314 1319 sunt
353 1279 535 1319 sublata.
590 1278 644 1319 In
673 1278 812 1318 causis
842 1277 1094 1330 perorandis

210 1353 352 1394 neque
388 1341 578 1382 Exordia
614 1340 918 1389 audiebantur,
954 1352 1095 1392 neque

210 1405 629 1446 commiserationum
650 1403 830 1444 affectus
847 1404 920 1444 ulli
941 1403 1096 1443 admit-

213 1470 435 1521 tebantur,
470 1470 591 1522 eujus
625 1470 687 1509 rei
723 1469 892 1509 initium
931 1467 1098 1508 fecerat

214 1533 461 1586 Hyperides
487 1534 667 1586 Orator,
687 1539 736 1574 ut
754 1533 906 1573 scribit
925 1533 1095 1575 Quinti-

214 1598 354 1638 lianus
382 1599 490 1639 libro
520 1610 572 1639 ιι.
590 1611 629 1639 c.
650 1602 717 1638 17.
749 1604 795 1639 et
813 1598 887 1638 lib.
907 1609 974 1638 ιν.
998 1609 1095 1649 cap.

215 1665 255 1702 1.
295 1661 450 1702 Cicero
467 1662 724 1714 gravitatem
745 1667 791 1702 et
808 1663 1095 1702 constantiam

212 1731 387 1764 senatus
423 1724 602 1765 Romani
639 1728 893 1776 σχηματικῶς
928 1727 940 1748 ‘
962 1725 1097 1765 Areo-

213 1788 386 1841 pagum’
418 1790 609 1846 appellat
636 1790 712 1830 lib.
734 1801 765 1831 1.
799 1789 852 1830 ad
874 1789 1095 1830 Atticum:

209 1852 423 1894 ‘Senatus
435 1852 586 1906 ’Ἄρειος
603 1852 729 1904 πάγος
744 1867 755 1894 z
777 1854 878 1894 nihil
897 1860 1094 1895 constan—

215 1919 320 1968 tius,
340 1918 442 1958 nihil
461 1918 668 1971 severius,
687 1918 791 1958 nihil
806 1917 992 1959 fortius:
1022 1919 1097 1958 Co-

214 1981 336 2022 lev-as.

269 2044 429 2096 Divini,
464 2045 551 2097 θα]
607 2045 725 2090 Quia
762 2054 978 2087 certamen
1015 2044 1099 2085 fuit

214 2109 332 2149 inter
352 2109 603 2160 Neptunum
634 2115 681 2150 et
708 2109 933 2149 Palladem
956 2108 1011 2149 de
1029 2121 1098 2149 no-

216 2173 331 2213 mine
367 2172 550 2213 Athenis
584 2174 856 2226 imponendo,
893 2187 989 2214 cum
1024 2174 1098 2214 ille

217 2247 388 2290 equum,
414 2236 511 2278 haec
539 2249 645 2278 vero
670 2239 824 2278 olivam
847 2250 872 2278 a
890 2246 1002 2277 terra
1021 2239 1100 2277 mi·

217 2301 289 2341 sit.
342 2300 543 2351 Humani]
572 2300 684 2343 Quia
714 2299 992 2353 Areopagitae
1013 2301 1100 2342 illic

219 2364 524 2416 disceptabant
543 2364 597 2403 de
616 2363 745 2404 rebus
771 2363 825 2403 ad
847 2363 1099 2416 rempublic.

220 2427 554 2480 pertinentibus.
584 2428 737 2470 Oliver.

275 2493 458 2533 Excelsis
473 2492 690 2545 praesidiis]
717 2491 959 2532 Mitalerius
977 2492 1099 2544 legit,

219 2560 259 2597 et
290 2559 481 2597 excelsam
512 2557 705 2597 Proesidis
733 2557 928 2597 Minervoe
958 2570 1100 2599 arcem.

218 2619 445 2672 Significat
482 2627 625 2661 autem
655 2621 867 2661 Minervae
888 2620 1102 2671 πολιούχου

220 2684 429 2736 templum
443 2684 780 2725 vetustissimum
796 2683 991 2727 Athenis.
1024 2687 1099 2725 Co-

273 2811 437 2853 Honore
454 2824 536 2852 arae
551 2814 752 2853 decoratas
769 2813 917 2853 cineres
929 2827 942 2853 .·
971 2826 1100 2854 sacro-

219 2876 432 2916 sanctiores
465 2875 578 2929 colis]
632 2876 703 2916 Ita
737 2877 890 2928 vulgo:
937 2877 1100 2929 cineres,

220 2939 266 2979 in
302 2939 420 2978 nullo
451 2944 643 2978 veterum
671 2939 875 2979 librorum
907 2939 1102 2980 habetur.

222 3000 358 3054 Atqui
375 3002 470 3042 haec
487 3002 834 3042 emendatissime
851 3003 894 3042 in
923 3003 1103 3045 Susiano

222 3071 269 3106 et
289 3066 627 3106 Pulmanniano:
647 3066 788 3106 honore
807 3079 890 3106 aroe
907 3069 1102 3115 decorata,

223 3130 334 3181 quasi
367 3133 615 3170 sacrosancta
649 3129 756 3170 colis.
811 3130 957 3182 OEdipi
992 3132 1103 3173 enim

224 3207 323 3235 ossa
358 3195 576 3247 intelligit.
615 3194 739 3247 ἡρῷον
776 3196 890 3236 intra
935 3203 1103 3249 septum

225 3258 462 3312 Areopagi,
481 3266 526 3300 et
545 3273 638 3300 ossa
654 3272 706 3300 eo
720 3260 876 3301 Thebis
897 3264 1106 3303 translata

224 3319 374 3373 fuisse,
393 3323 543 3363 scribit
561 3327 606 3364 et
623 3324 860 3364 Pausanias
879 3324 923 3364 in
943 3324 1105 3368 Attica.

228 3383 357 3434 Pigh.

286 3448 431 3490 Tacent
457 3455 576 3491 mutoe
606 3451 754 3492 umbroe
776 3451 863 3502 fati
881 3456 1108 3498 necessitate

228 3514 462 3555 constricte.
515 3516 823 3557 Atimmemores
841 3518 1109 3571 beneficiorum

234 3574 403 3622 Athenoe
431 3578 740 3631 reprehensione,
767 3581 904 3632 lingua
935 3594 1109 3625 sermone

1152 905 1216 932 res
1248 891 1516 945 beneficiorum
1548 892 1715 932 Athenae
1751 890 2038 943 reprehensore,

1154 957 1293 1006 lingua
1318 968 1489 996 sermone
1516 955 1652 996 licenti
1678 957 1806 996 solnta
1823 969 1901 996 non
1919 959 2042 995 caret.

1155 1018 1309 1060 Altera
1328 1020 1562 1060 Cauchiani
1579 1020 1676 1060 libri
1696 1025 1778 1071 est,
1809 1033 1904 1074 qnae
1936 1020 2040 1060 mihi

1157 1083 1329 1136 quidem
1364 1084 1537 1124 videtur
1572 1084 1845 1137 elegantior:
1897 1085 2041 1125 Tacent

1155 1152 1275 1188 mutae
1306 1148 1461 1188 illorum
1502 1147 1650 1188 umbroe
1683 1147 1772 1197 fati
1815 1147 2043 1187 necessitate

1155 1213 1395 1264 constance,
1431 1216 1475 1252 at
1501 1212 1740 1252 immemores
1772 1211 2043 1264 beneficiorum

1157 1276 1336 1317 Athenas
1352 1277 1479 1317 omnis
1495 1278 1633 1327 lingua
1654 1289 1828 1316 sermone
1845 1275 1981 1316 licenti
1999 1277 2042 1315 in

1156 1340 1492 1392 reprehensionem
1509 1341 1636 1380 soluta
1653 1354 1728 1380 non
1747 1344 1865 1382 tacet.
1894 1339 2043 1394 Atque

1157 1403 1280 1455 hujus
1313 1404 1511 1444 lectionis
1551 1404 1731 1456 vestigia
1768 1404 1964 1458 quaedam
1997 1404 2042 1445 iu

1158 1468 1250 1508 aliis
1280 1468 1411 1508 etiam
1441 1468 1760 1520 exemplaribus
1782 1480 2043 1510 remansere.

1158 1532 1349 1584 Pighius.

1212 1598 1323 1637 CAP.
1361 1609 1428 1638 ιν.
1485 1599 1508 1651 §
1537 1601 1559 1638 1
1599 1596 1846 1649 Coriolanus]
1877 1597 2046 1650 Causae,

1158 1660 1310 1713 quibus
1331 1661 1590 1711 exulaverit,
1608 1662 1676 1701 hae
1698 1667 1797 1702 sunt
1817 1675 1828 1712 ;
1865 1674 2042 1715 quarum

1160 1737 1282 1765 unam
1326 1731 1494 1766 tantum
1539 1726 1686 1766 Livius
1735 1726 1887 1778 tangit.
1956 1725 2044 1766 Sed

1158 1789 1382 1830 Plutarch.
1415 1790 1458 1829 in
1480 1790 1573 1842 ejus
1605 1791 1694 1830 vita
1723 1795 2046 1830 commemorat.

1159 1853 1308 1894 Primo
1339 1852 1534 1895 affectati
1563 1855 1682 1904 regni
1702 1859 1925 1895 accusatus
1947 1859 2044 1894 est:

1158 1917 1270 1970 quod
1306 1930 1403 1958 cum
1442 1918 1629 1970 probare
1660 1919 1926 1971 nequissent,
1960 1918 2046 1958 tria

1159 1981 1419 2034 objecerunt
1433 1983 1523 2035 ejus
1533 1983 1692 2023 inimici
1708 1997 1721 2034 ς
1736 1983 1917 2035 primum
1931 1982 2048 2036 quod

1159 2045 1425 2086 frumentum
1468 2047 1583 2088 inter
1630 2047 1801 2098 plebem
1844 2046 2046 2087 distribui

1162 2112 1401 2161 vetuisset;
1435 2111 1688 2162 secundum,
1719 2110 1834 2164 quod
1853 2111 2046 2151 tribuna-

1161 2178 1251 2213 tum
1272 2174 1412 2226 plebis
1428 2173 1525 2214 dolo
1537 2174 1801 2226 intercipere
1814 2174 2047 2223 voluisset3

1161 2239 1339 2278 tertium
1379 2238 1493 2290 quod
1542 2237 1731 2289 praedam
1775 2250 1830 2277 ex
1878 2237 2049 2278 Antiati

1164 2314 1268 2353 agro
1305 2302 1348 2341 in
1396 2302 1592 2341 aerarium
1634 2313 1718 2341 non
1759 2302 2045 2342 contulisset:

1164 2364 1314 2418 quibus
1360 2364 1555 2404 omnibus
1603 2363 1826 2404 convictus
1871 2365 2048 2404 exulare

1163 2435 1342 2470 coactns
1362 2435 1443 2470 est.
1476 2429 1641 2469 Tullius
1664 2429 1706 2469 in
1728 2429 1861 2469 Laelio
1879 2443 1889 2469 ε
1909 2430 1920 2451 ‘
1940 2428 2050 2471 Quis

1164 2493 1321 2533 clarior
1341 2493 1382 2532 in
1413 2493 1586 2534 Graecia
1611 2493 1924 2534 Themistocle?
1953 2494 2047 2547 quis

1165 2557 1411 2608 potentior?
1441 2557 1510 2608 qui
1539 2570 1637 2597 cum
1663 2558 1906 2610 Imperator
1936 2559 2050 2599 bello

1163 2620 1346 2661 Persico
1380 2621 1596 2661 Graeciam
1628 2621 1839 2662 servitute
1871 2622 2051 2663 liberas-

1165 2690 1250 2735 set,
1277 2690 1540 2738 propterque
1568 2685 1770 2726 invidiam
1799 2686 1840 2726 in
1873 2687 2051 2728 exilium

1164 2750 1311 2800 pulsus
1331 2756 1459 2801 esset,
1478 2750 1658 2802 ingratae
1680 2750 1831 2802 patriae
1849 2750 2049 2803 injuriam

1164 2825 1249 2853 non
1269 2814 1384 2864 tulit,
1417 2825 1542 2866 quam
1565 2811 1678 2853 ferre
1698 2813 1866 2855 debuit.
1925 2815 2052 2855 Fecit

1165 2878 1278 2919 idem
1294 2878 1409 2932 quod
1426 2878 1575 2929 viginti
1592 2878 1715 2929 annis
1734 2885 1835 2919 aute
1849 2879 1962 2931 apud
1977 2891 2052 2919 nos

1165 2940 1330 2983 fecerat
1348 2943 1600 2983 Coriolanus
1618 2956 1630 2992 ;
1651 2942 1748 2982 huic
1761 2942 1932 2994 adjutor
1948 2956 2049 2983 eon-

1167 3011 1235 3047 tra
1256 3007 1436 3059 patriam
1458 3007 1657 3046 inventus
1679 3011 1747 3046 est
1763 3019 1902 3047 nemo.
1962 3007 2049 3048 Ita-

1167 3083 1250 3124 que
1285 3070 1368 3110 sibi
1397 3076 1577 3110 mortem
1609 3076 1792 3122 uterque
1812 3068 2052 3110 conscivit!

1167 3135 1335 3177 Quibus
1375 3134 1598 3174 Ciceronis
1635 3134 1776 3174 verbis
1818 3133 2048 3183 colligitur,

1168 3199 1440 3239 Coriolanum
1484 3198 1565 3237 sibi
1612 3203 1794 3237 mortem
1840 3198 2051 3237 intulisse.

1168 3263 1228 3304 At
1248 3264 1379 3303 variae
1397 3268 1496 3302 sunt
1514 3262 1567 3301 de
1586 3262 1712 3313 hujus
1732 3261 1914 3300 hominis
1930 3260 2051 3301 exitu

1169 3329 1438 3380 Scriptorum
1474 3326 1717 3366 sententiae.
1784 3324 1894 3363 Sunt
1936 3324 2051 3364 enim

1169 3392 1241 3445 qui
1278 3391 1440 3440 dicant,
1472 3391 1614 3429 statim
1645 3386 1842 3427 abductis
1869 3398 1922 3425 ex
1944 3399 2049 3439 agro

1170 3457 1294 3497 Rom.
1331 3452 1589 3505 legionibus,
1614 3449 1774 3489 invidia
1793 3449 1855 3488 rei
1875 3461 2049 3501 oppres-

1171 3533 1260 3561 sum
1287 3520 1487 3572 perisse:
1522 3516 1593 3555 alii
1624 3515 1707 3554 alio
1734 3514 1862 3555 letho.
1917 3515 2047 3566 Apud

1171 3584 1367 3634 Fabium,
1402 3582 1526 3631 longe
1558 3577 1894 3630 antiquissimum
1928 3583 2048 3618 auto-
