<?xml version="1.0" encoding="UTF-8"?>
<!DOCTYPE html PUBLIC "-//W3C//DTD XHTML 1.0 Transitional//EN"
    "http://www.w3.org/TR/xhtml1/DTD/xhtml1-transitional.dtd">
<html xmlns="http://www.w3.org/1999/xhtml" xml:lang="en" lang="en">
 <head>
  <title>
</title>
<meta http-equiv="Content-Type" content="text/html;charset=utf-8" />
  <meta name='ocr-system' content='tesseract 3.04.00' />
  <meta name='ocr-capabilities' content='ocr_page ocr_carea ocr_par ocr_line ocrx_word'/>
</head>
<body>
  <div class='ocr_page' id='page_1' title='image "./factorumdictorum03valeuoft_0284.png"; bbox 0 0 2320 4004; ppageno 0'>
   <div class='ocr_carea' id='block_1_1' title="bbox 360 280 502 358">
    <p class='ocr_par' dir='ltr' id='par_1_1' title="bbox 360 280 502 358">
     <span class='ocr_line' id='line_1_1' title="bbox 360 280 502 358; baseline -0.021 0"><span class='ocrx_word' id='word_1_1' title='bbox 360 280 502 358; x_wconf 66' lang='lat'><strong>1134</strong></span> 
     </span>
    </p>
   </div>
   <div class='ocr_carea' id='block_1_2' title="bbox 332 433 1236 3590">
    <p class='ocr_par' dir='ltr' id='par_1_2' title="bbox 341 433 1236 1996">
     <span class='ocr_line' id='line_1_2' title="bbox 359 433 1236 478; baseline -0.006 -2"><span class='ocrx_word' id='word_1_2' title='bbox 359 443 406 478; x_wconf 91' lang='lat' dir='ltr'>et</span> <span class='ocrx_word' id='word_1_3' title='bbox 434 448 528 476; x_wconf 91' lang='lat' dir='ltr'>eam</span> <span class='ocrx_word' id='word_1_4' title='bbox 558 435 702 475; x_wconf 88' lang='lat' dir='ltr'>multis</span> <span class='ocrx_word' id='word_1_5' title='bbox 733 433 1005 474; x_wconf 89' lang='lat' dir='ltr'>innominatis</span> <span class='ocrx_word' id='word_1_6' title='bbox 1025 433 1170 472; x_wconf 84' lang='lat' dir='ltr'>insulis</span> <span class='ocrx_word' id='word_1_7' title='bbox 1190 437 1236 472; x_wconf 89' lang='lat' dir='ltr'>et</span> 
     </span>
     <span class='ocr_line' id='line_1_3' title="bbox 358 496 1234 549; baseline -0.006 -10"><span class='ocrx_word' id='word_1_8' title='bbox 358 499 532 549; x_wconf 83' lang='lat' dir='ltr'>urbibus</span> <span class='ocrx_word' id='word_1_9' title='bbox 589 498 771 538; x_wconf 88' lang='lat' dir='ltr'>omnium</span> <span class='ocrx_word' id='word_1_10' title='bbox 825 496 1100 536; x_wconf 87' lang='lat' dir='ltr'>clarissimam</span> <span class='ocrx_word' id='word_1_11' title='bbox 1141 507 1234 535; x_wconf 88' lang='lat' dir='ltr'>esse</span> 
     </span>
     <span class='ocr_line' id='line_1_4' title="bbox 357 557 1234 614; baseline -0.006 -12"><span class='ocrx_word' id='word_1_12' title='bbox 357 562 479 612; x_wconf 91' lang='lat' dir='ltr'>dicit,</span> <span class='ocrx_word' id='word_1_13' title='bbox 503 567 680 614; x_wconf 87' lang='lat' dir='ltr'>propter</span> <span class='ocrx_word' id='word_1_14' title='bbox 694 560 948 613; x_wconf 82' lang='lat' dir='ltr'>Lycomedis</span> <span class='ocrx_word' id='word_1_15' title='bbox 969 571 1063 599; x_wconf 90' lang='lat' dir='ltr'>cum</span> <span class='ocrx_word' id='word_1_16' title='bbox 1091 557 1234 598; x_wconf 74' lang='lat' dir='ltr'>Aelnil-</span> 
     </span>
     <span class='ocr_line' id='line_1_5' title="bbox 355 620 1234 675; baseline -0.007 -10"><span class='ocrx_word' id='word_1_17' title='bbox 355 627 394 665; x_wconf 88' lang='lat' dir='ltr'>le</span> <span class='ocrx_word' id='word_1_18' title='bbox 409 624 674 675; x_wconf 88' lang='lat' dir='ltr'>affinitatem,</span> <span class='ocrx_word' id='word_1_19' title='bbox 689 629 734 663; x_wconf 91' lang='lat' dir='ltr'>et</span> <span class='ocrx_word' id='word_1_20' title='bbox 745 622 921 662; x_wconf 90' lang='lat' dir='ltr'>Achillis</span> <span class='ocrx_word' id='word_1_21' title='bbox 937 620 1068 661; x_wconf 86' lang='lat' dir='ltr'>filium</span> <span class='ocrx_word' id='word_1_22' title='bbox 1086 621 1234 672; x_wconf 89' lang='lat' dir='ltr'>Neop-</span> 
     </span>
     <span class='ocr_line' id='line_1_6' title="bbox 358 684 1229 738; baseline -0.005 -10"><span class='ocrx_word' id='word_1_23' title='bbox 358 691 558 730; x_wconf 90' lang='lat' dir='ltr'>tolemum</span> <span class='ocrx_word' id='word_1_24' title='bbox 591 689 650 727; x_wconf 91' lang='lat' dir='ltr'>ibi</span> <span class='ocrx_word' id='word_1_25' title='bbox 687 693 957 738; x_wconf 87' lang='lat' dir='ltr'>procreatum</span> <span class='ocrx_word' id='word_1_26' title='bbox 994 690 1037 726; x_wconf 88' lang='lat' dir='ltr'>et</span> <span class='ocrx_word' id='word_1_27' title='bbox 1070 684 1229 725; x_wconf 89' lang='lat' dir='ltr'>enutri-</span> 
     </span>
     <span class='ocr_line' id='line_1_7' title="bbox 356 748 1224 793; baseline -0.005 -1"><span class='ocrx_word' id='word_1_28' title='bbox 356 760 461 793; x_wconf 89' lang='lat' dir='ltr'>tum.</span> <span class='ocrx_word' id='word_1_29' title='bbox 521 750 702 791; x_wconf 89' lang='lat' dir='ltr'>Ovidius</span> <span class='ocrx_word' id='word_1_30' title='bbox 733 750 841 790; x_wconf 89' lang='lat' dir='ltr'>Met.</span> <span class='ocrx_word' id='word_1_31' title='bbox 862 760 940 789; x_wconf 84' lang='lat' dir='ltr'>vn.</span> <span class='ocrx_word' id='word_1_32' title='bbox 966 748 1019 788; x_wconf 91' lang='lat' dir='ltr'>de</span> <span class='ocrx_word' id='word_1_33' title='bbox 1033 748 1224 788; x_wconf 87' lang='lat' dir='ltr'>Theseo:</span> 
     </span>
     <span class='ocr_line' id='line_1_8' title="bbox 351 811 1229 865; baseline -0.008 -9"><span class='ocrx_word' id='word_1_34' title='bbox 351 819 362 839; x_wconf 91' lang='lat'>‘</span> <span class='ocrx_word' id='word_1_35' title='bbox 381 817 460 865; x_wconf 90' lang='lat' dir='ltr'>Te,</span> <span class='ocrx_word' id='word_1_36' title='bbox 481 814 661 854; x_wconf 84' lang='lat' dir='ltr'>maxime</span> <span class='ocrx_word' id='word_1_37' title='bbox 679 813 858 862; x_wconf 85' lang='lat' dir='ltr'>Theseu,</span> <span class='ocrx_word' id='word_1_38' title='bbox 878 812 1037 851; x_wconf 90' lang='lat' dir='ltr'>Mirata</span> <span class='ocrx_word' id='word_1_39' title='bbox 1055 816 1122 851; x_wconf 91' lang='lat' dir='ltr'>est</span> <span class='ocrx_word' id='word_1_40' title='bbox 1135 811 1229 850; x_wconf 89' lang='lat' dir='ltr'>Ma-</span> 
     </span>
     <span class='ocr_line' id='line_1_9' title="bbox 350 874 1229 926; baseline -0.005 -8"><span class='ocrx_word' id='word_1_41' title='bbox 350 879 501 918; x_wconf 83' lang='lat' dir='ltr'>rathon</span> <span class='ocrx_word' id='word_1_42' title='bbox 517 876 674 923; x_wconf 77' lang='lat' dir='ltr'>Cretaei</span> <span class='ocrx_word' id='word_1_43' title='bbox 687 875 892 926; x_wconf 86' lang='lat' dir='ltr'>sanguine</span> <span class='ocrx_word' id='word_1_44' title='bbox 905 874 1033 913; x_wconf 81' lang='lat' dir='ltr'><strong>Tauri</strong></span> <span class='ocrx_word' id='word_1_45' title='bbox 1050 887 1062 924; x_wconf 94' lang='lat'>;</span> <span class='ocrx_word' id='word_1_46' title='bbox 1084 874 1229 915; x_wconf 77' lang='lat' dir='ltr'>Quod-</span> 
     </span>
     <span class='ocr_line' id='line_1_10' title="bbox 352 938 1230 997; baseline -0.007 -15"><span class='ocrx_word' id='word_1_47' title='bbox 352 955 434 997; x_wconf 90' lang='lat' dir='ltr'>que</span> <span class='ocrx_word' id='word_1_48' title='bbox 473 954 589 981; x_wconf 86' lang='lat' dir='ltr'>suam</span> <span class='ocrx_word' id='word_1_49' title='bbox 628 952 801 981; x_wconf 91' lang='lat' dir='ltr'>securus</span> <span class='ocrx_word' id='word_1_50' title='bbox 849 945 943 978; x_wconf 88' lang='lat' dir='ltr'>arat</span> <span class='ocrx_word' id='word_1_51' title='bbox 990 938 1230 990; x_wconf 83' lang='lat' dir='ltr'>Cremyona</span> 
     </span>
     <span class='ocr_line' id='line_1_11' title="bbox 352 1006 1226 1055; baseline -0.005 -8"><span class='ocrx_word' id='word_1_52' title='bbox 352 1007 538 1054; x_wconf 87' lang='lat' dir='ltr'>colonus,</span> <span class='ocrx_word' id='word_1_53' title='bbox 562 1006 720 1045; x_wconf 90' lang='lat' dir='ltr'>Munus</span> <span class='ocrx_word' id='word_1_54' title='bbox 754 1015 946 1055; x_wconf 87' lang='lat' dir='ltr'>opusque</span> <span class='ocrx_word' id='word_1_55' title='bbox 978 1007 1096 1041; x_wconf 88' lang='lat' dir='ltr'>tuum</span> <span class='ocrx_word' id='word_1_56' title='bbox 1133 1007 1226 1043; x_wconf 86' lang='lat' dir='ltr'>est:</span> 
     </span>
     <span class='ocr_line' id='line_1_12' title="bbox 350 1066 1225 1120; baseline -0.003 -10"><span class='ocrx_word' id='word_1_57' title='bbox 350 1071 476 1110; x_wconf 87' lang='lat' dir='ltr'>tellus</span> <span class='ocrx_word' id='word_1_58' title='bbox 498 1068 734 1120; x_wconf 78' lang='lat' dir='ltr'>Epidauria</span> <span class='ocrx_word' id='word_1_59' title='bbox 765 1079 843 1120; x_wconf 89' lang='lat' dir='ltr'>per</span> <span class='ocrx_word' id='word_1_60' title='bbox 876 1074 920 1106; x_wconf 89' lang='lat' dir='ltr'>te</span> <span class='ocrx_word' id='word_1_61' title='bbox 955 1066 1225 1118; x_wconf 84' lang='lat' dir='ltr'>Clavigeram</span> 
     </span>
     <span class='ocr_line' id='line_1_13' title="bbox 349 1128 1221 1181; baseline -0.001 -8"><span class='ocrx_word' id='word_1_62' title='bbox 349 1133 461 1173; x_wconf 86' lang='lat' dir='ltr'>vidit</span> <span class='ocrx_word' id='word_1_63' title='bbox 503 1128 688 1172; x_wconf 85' lang='lat' dir='ltr'>Vulcani</span> <span class='ocrx_word' id='word_1_64' title='bbox 720 1130 984 1181; x_wconf 69' lang='lat' dir='ltr'>voccumbere</span> <span class='ocrx_word' id='word_1_65' title='bbox 1032 1131 1221 1181; x_wconf 89' lang='lat' dir='ltr'>prolem:</span> 
     </span>
     <span class='ocr_line' id='line_1_14' title="bbox 350 1193 1224 1244; baseline -0.005 -8"><span class='ocrx_word' id='word_1_66' title='bbox 350 1197 474 1236; x_wconf 83' lang='lat' dir='ltr'>Vidit</span> <span class='ocrx_word' id='word_1_67' title='bbox 489 1201 535 1236; x_wconf 91' lang='lat' dir='ltr'>et</span> <span class='ocrx_word' id='word_1_68' title='bbox 553 1195 760 1236; x_wconf 91' lang='lat' dir='ltr'>immitem</span> <span class='ocrx_word' id='word_1_69' title='bbox 780 1193 1002 1244; x_wconf 87' lang='lat' dir='ltr'>Cephisias</span> <span class='ocrx_word' id='word_1_70' title='bbox 1022 1205 1097 1232; x_wconf 84' lang='lat' dir='ltr'>ora</span> <span class='ocrx_word' id='word_1_71' title='bbox 1116 1194 1224 1232; x_wconf 86' lang='lat' dir='ltr'>Pro·</span> 
     </span>
     <span class='ocr_line' id='line_1_15' title="bbox 349 1255 1224 1309; baseline -0.006 -9"><span class='ocrx_word' id='word_1_72' title='bbox 349 1266 537 1300; x_wconf 88' lang='lat' dir='ltr'>crustem</span> <span class='ocrx_word' id='word_1_73' title='bbox 560 1273 570 1299; x_wconf 73' lang='grc' dir='ltr'>ι</span> <span class='ocrx_word' id='word_1_74' title='bbox 601 1256 832 1309; x_wconf 78' lang='lat' dir='ltr'>Cercyonis</span> <span class='ocrx_word' id='word_1_75' title='bbox 852 1257 983 1295; x_wconf 89' lang='lat' dir='ltr'>letum</span> <span class='ocrx_word' id='word_1_76' title='bbox 1013 1255 1120 1295; x_wconf 85' lang='lat' dir='ltr'>vidit</span> <span class='ocrx_word' id='word_1_77' title='bbox 1147 1257 1224 1296; x_wconf 92' lang='lat' dir='ltr'>Ce-</span> 
     </span>
     <span class='ocr_line' id='line_1_16' title="bbox 347 1318 1223 1362; baseline -0.005 0"><span class='ocrx_word' id='word_1_78' title='bbox 347 1323 472 1362; x_wconf 87' lang='lat' dir='ltr'>realis</span> <span class='ocrx_word' id='word_1_79' title='bbox 509 1321 708 1361; x_wconf 85' lang='lat' dir='ltr'>Eleusis:</span> <span class='ocrx_word' id='word_1_80' title='bbox 755 1318 932 1359; x_wconf 87' lang='lat' dir='ltr'>Occidit</span> <span class='ocrx_word' id='word_1_81' title='bbox 966 1319 1037 1357; x_wconf 90' lang='lat' dir='ltr'>ille</span> <span class='ocrx_word' id='word_1_82' title='bbox 1083 1318 1223 1358; x_wconf 89' lang='lat' dir='ltr'>Scinis</span> 
     </span>
     <span class='ocr_line' id='line_1_17' title="bbox 347 1380 1224 1437; baseline -0.005 -12"><span class='ocrx_word' id='word_1_83' title='bbox 347 1385 511 1437; x_wconf 83' lang='lat' dir='ltr'>magnis</span> <span class='ocrx_word' id='word_1_84' title='bbox 529 1384 639 1424; x_wconf 90' lang='lat' dir='ltr'>male</span> <span class='ocrx_word' id='word_1_85' title='bbox 653 1382 809 1423; x_wconf 86' lang='lat' dir='ltr'>viribus</span> <span class='ocrx_word' id='word_1_86' title='bbox 824 1394 934 1432; x_wconf 85' lang='lat' dir='ltr'>usus,</span> <span class='ocrx_word' id='word_1_87' title='bbox 950 1380 1034 1423; x_wconf 82' lang='lat' dir='ltr'>Qui</span> <span class='ocrx_word' id='word_1_88' title='bbox 1053 1386 1224 1432; x_wconf 88' lang='lat' dir='ltr'>poterat</span> 
     </span>
     <span class='ocr_line' id='line_1_18' title="bbox 344 1444 1222 1496; baseline -0.003 -8"><span class='ocrx_word' id='word_1_89' title='bbox 344 1459 526 1488; x_wconf 87' lang='lat' dir='ltr'>curvare</span> <span class='ocrx_word' id='word_1_90' title='bbox 540 1446 701 1493; x_wconf 89' lang='lat' dir='ltr'>trabes,</span> <span class='ocrx_word' id='word_1_91' title='bbox 730 1452 774 1484; x_wconf 91' lang='lat' dir='ltr'>et</span> <span class='ocrx_word' id='word_1_92' title='bbox 792 1445 948 1496; x_wconf 88' lang='lat' dir='ltr'>agebat</span> <span class='ocrx_word' id='word_1_93' title='bbox 975 1444 1029 1483; x_wconf 91' lang='lat' dir='ltr'>ab</span> <span class='ocrx_word' id='word_1_94' title='bbox 1047 1445 1133 1484; x_wconf 93' lang='lat' dir='ltr'>alto</span> <span class='ocrx_word' id='word_1_95' title='bbox 1153 1445 1222 1485; x_wconf 92' lang='lat' dir='ltr'>Ad</span> 
     </span>
     <span class='ocr_line' id='line_1_19' title="bbox 345 1507 1223 1560; baseline -0.003 -9"><span class='ocrx_word' id='word_1_96' title='bbox 345 1516 504 1551; x_wconf 88' lang='lat' dir='ltr'>terram</span> <span class='ocrx_word' id='word_1_97' title='bbox 525 1510 611 1549; x_wconf 88' lang='lat' dir='ltr'>late</span> <span class='ocrx_word' id='word_1_98' title='bbox 630 1519 849 1560; x_wconf 89' lang='lat' dir='ltr'>sparsuras</span> <span class='ocrx_word' id='word_1_99' title='bbox 877 1519 1054 1559; x_wconf 85' lang='lat' dir='ltr'>corpora</span> <span class='ocrx_word' id='word_1_100' title='bbox 1081 1507 1223 1558; x_wconf 85' lang='lat' dir='ltr'>pinus.</span> 
     </span>
     <span class='ocr_line' id='line_1_20' title="bbox 344 1571 1222 1622; baseline -0.005 -9"><span class='ocrx_word' id='word_1_101' title='bbox 344 1575 484 1615; x_wconf 87' lang='lat' dir='ltr'>Tutus</span> <span class='ocrx_word' id='word_1_102' title='bbox 502 1573 554 1613; x_wconf 89' lang='lat' dir='ltr'>ad</span> <span class='ocrx_word' id='word_1_103' title='bbox 570 1571 823 1622; x_wconf 67' lang='lat' dir='ltr'>Alcathoen,</span> <span class='ocrx_word' id='word_1_104' title='bbox 838 1571 1040 1622; x_wconf 79' lang='lat' dir='ltr'>Lelegeia</span> <span class='ocrx_word' id='word_1_105' title='bbox 1054 1571 1222 1618; x_wconf 85' lang='lat' dir='ltr'>moenia,</span> 
     </span>
     <span class='ocr_line' id='line_1_21' title="bbox 343 1635 1223 1690; baseline -0.005 -13"><span class='ocrx_word' id='word_1_106' title='bbox 343 1639 465 1679; x_wconf 90' lang='lat' dir='ltr'>limes</span> <span class='ocrx_word' id='word_1_107' title='bbox 482 1636 728 1690; x_wconf 88' lang='lat' dir='ltr'>Composito</span> <span class='ocrx_word' id='word_1_108' title='bbox 747 1635 924 1676; x_wconf 88' lang='lat' dir='ltr'>Scirone</span> <span class='ocrx_word' id='word_1_109' title='bbox 942 1640 1078 1686; x_wconf 90' lang='lat' dir='ltr'>patet,</span> <span class='ocrx_word' id='word_1_110' title='bbox 1104 1647 1223 1686; x_wconf 89' lang='lat' dir='ltr'>spar-</span> 
     </span>
     <span class='ocr_line' id='line_1_22' title="bbox 344 1698 1222 1754; baseline -0.007 -12"><span class='ocrx_word' id='word_1_111' title='bbox 344 1702 488 1754; x_wconf 87' lang='lat' dir='ltr'>sisque</span> <span class='ocrx_word' id='word_1_112' title='bbox 520 1699 698 1741; x_wconf 88' lang='lat' dir='ltr'>latronis</span> <span class='ocrx_word' id='word_1_113' title='bbox 729 1700 862 1739; x_wconf 88' lang='lat' dir='ltr'>Terra</span> <span class='ocrx_word' id='word_1_114' title='bbox 897 1703 1028 1749; x_wconf 87' lang='lat' dir='ltr'>negat</span> <span class='ocrx_word' id='word_1_115' title='bbox 1059 1698 1222 1749; x_wconf 88' lang='lat' dir='ltr'>sedem,</span> 
     </span>
     <span class='ocr_line' id='line_1_23' title="bbox 344 1760 1220 1815; baseline -0.007 -10"><span class='ocrx_word' id='word_1_116' title='bbox 344 1765 488 1805; x_wconf 89' lang='lat' dir='ltr'>sedem</span> <span class='ocrx_word' id='word_1_117' title='bbox 509 1769 640 1815; x_wconf 88' lang='lat' dir='ltr'>negat</span> <span class='ocrx_word' id='word_1_118' title='bbox 658 1762 823 1802; x_wconf 91' lang='lat' dir='ltr'>ossibus</span> <span class='ocrx_word' id='word_1_119' title='bbox 843 1760 980 1809; x_wconf 81' lang='lat' dir='ltr'>unda3</span> <span class='ocrx_word' id='word_1_120' title='bbox 1009 1760 1220 1809; x_wconf 83' lang='lat' dir='ltr'>Quaejac-</span> 
     </span>
     <span class='ocr_line' id='line_1_24' title="bbox 344 1823 1220 1868; baseline -0.008 1"><span class='ocrx_word' id='word_1_121' title='bbox 344 1833 438 1868; x_wconf 87' lang='lat' dir='ltr'>tata</span> <span class='ocrx_word' id='word_1_122' title='bbox 456 1828 529 1867; x_wconf 89' lang='lat' dir='ltr'>diu</span> <span class='ocrx_word' id='word_1_123' title='bbox 564 1825 703 1867; x_wconf 88' lang='lat' dir='ltr'>fertur</span> <span class='ocrx_word' id='word_1_124' title='bbox 735 1824 909 1864; x_wconf 83' lang='lat' dir='ltr'>durasse</span> <span class='ocrx_word' id='word_1_125' title='bbox 943 1828 1134 1863; x_wconf 80' lang='lat' dir='ltr'>vetustas</span> <span class='ocrx_word' id='word_1_126' title='bbox 1171 1823 1220 1862; x_wconf 90' lang='lat' dir='ltr'>In</span> 
     </span>
     <span class='ocr_line' id='line_1_25' title="bbox 344 1887 1220 1943; baseline -0.006 -12"><span class='ocrx_word' id='word_1_127' title='bbox 344 1892 568 1943; x_wconf 85' lang='lat' dir='ltr'>scopulos:</span> <span class='ocrx_word' id='word_1_128' title='bbox 612 1889 797 1941; x_wconf 86' lang='lat' dir='ltr'>scopulis</span> <span class='ocrx_word' id='word_1_129' title='bbox 841 1898 993 1926; x_wconf 87' lang='lat' dir='ltr'>nomen</span> <span class='ocrx_word' id='word_1_130' title='bbox 1033 1887 1220 1927; x_wconf 85' lang='lat' dir='ltr'>Scironis</span> 
     </span>
     <span class='ocr_line' id='line_1_26' title="bbox 341 1955 732 1996; baseline -0.005 -1"><span class='ocrx_word' id='word_1_131' title='bbox 341 1955 551 1996; x_wconf 84' lang='lat' dir='ltr'>inhaeret.&#39;</span> <span class='ocrx_word' id='word_1_132' title='bbox 582 1955 732 1994; x_wconf 77' lang='lat' dir='ltr'>Oliver.</span> 
     </span>
    </p>

    <p class='ocr_par' dir='ltr' id='par_1_3' title="bbox 332 2015 1221 3590">
     <span class='ocr_line' id='line_1_27' title="bbox 393 2015 1220 2070; baseline -0.007 -11"><span class='ocrx_word' id='word_1_133' title='bbox 393 2020 489 2059; x_wconf 86' lang='lat' dir='ltr'>Jam</span> <span class='ocrx_word' id='word_1_134' title='bbox 503 2018 632 2067; x_wconf 75' lang='lat' dir='ltr'>Solon,</span> <span class='ocrx_word' id='word_1_135' title='bbox 650 2017 739 2070; x_wconf 54' lang='grc' dir='ltr'>εγω]</span> <span class='ocrx_word' id='word_1_136' title='bbox 767 2017 895 2057; x_wconf 91' lang='lat' dir='ltr'>Solon</span> <span class='ocrx_word' id='word_1_137' title='bbox 915 2027 991 2056; x_wconf 89' lang='lat' dir='ltr'>cur</span> <span class='ocrx_word' id='word_1_138' title='bbox 1018 2015 1220 2055; x_wconf 85' lang='lat' dir='ltr'>exulave-</span> 
     </span>
     <span class='ocr_line' id='line_1_28' title="bbox 341 2079 1220 2130; baseline -0.006 -8"><span class='ocrx_word' id='word_1_139' title='bbox 341 2082 411 2130; x_wconf 85' lang='lat' dir='ltr'>rit‚</span> <span class='ocrx_word' id='word_1_140' title='bbox 439 2083 532 2122; x_wconf 86' lang='lat' dir='ltr'>haec</span> <span class='ocrx_word' id='word_1_141' title='bbox 552 2081 829 2121; x_wconf 88' lang='lat' dir='ltr'>esthistoria:</span> <span class='ocrx_word' id='word_1_142' title='bbox 862 2079 1085 2119; x_wconf 84' lang='lat' dir='ltr'>Simulavit</span> <span class='ocrx_word' id='word_1_143' title='bbox 1104 2079 1220 2118; x_wconf 90' lang='lat' dir='ltr'>navi-</span> 
     </span>
     <span class='ocr_line' id='line_1_29' title="bbox 340 2143 1220 2198; baseline -0.006 -12"><span class='ocrx_word' id='word_1_144' title='bbox 340 2145 468 2198; x_wconf 86' lang='lat' dir='ltr'>gandi</span> <span class='ocrx_word' id='word_1_145' title='bbox 495 2157 680 2196; x_wconf 90' lang='lat' dir='ltr'>causam,</span> <span class='ocrx_word' id='word_1_146' title='bbox 706 2151 755 2184; x_wconf 89' lang='lat' dir='ltr'>ut</span> <span class='ocrx_word' id='word_1_147' title='bbox 788 2144 976 2184; x_wconf 82' lang='lat' dir='ltr'>diversos</span> <span class='ocrx_word' id='word_1_148' title='bbox 1003 2143 1220 2182; x_wconf 89' lang='lat' dir='ltr'>hominum</span> 
     </span>
     <span class='ocr_line' id='line_1_30' title="bbox 339 2205 1221 2258; baseline -0.007 -7"><span class='ocrx_word' id='word_1_149' title='bbox 339 2222 478 2251; x_wconf 89' lang='lat' dir='ltr'>mores</span> <span class='ocrx_word' id='word_1_150' title='bbox 507 2209 706 2258; x_wconf 84' lang='lat' dir='ltr'>videret3</span> <span class='ocrx_word' id='word_1_151' title='bbox 736 2209 810 2248; x_wconf 90' lang='lat' dir='ltr'>sed</span> <span class='ocrx_word' id='word_1_152' title='bbox 831 2207 1116 2248; x_wconf 87' lang='lat' dir='ltr'>voluntarium</span> <span class='ocrx_word' id='word_1_153' title='bbox 1138 2205 1221 2246; x_wconf 90' lang='lat' dir='ltr'>fuit</span> 
     </span>
     <span class='ocr_line' id='line_1_31' title="bbox 338 2269 1221 2326; baseline -0.008 -11"><span class='ocrx_word' id='word_1_154' title='bbox 338 2275 529 2326; x_wconf 87' lang='lat' dir='ltr'>exilium,</span> <span class='ocrx_word' id='word_1_155' title='bbox 548 2273 661 2326; x_wconf 90' lang='lat' dir='ltr'>quod</span> <span class='ocrx_word' id='word_1_156' title='bbox 681 2273 797 2312; x_wconf 88' lang='lat' dir='ltr'>cives</span> <span class='ocrx_word' id='word_1_157' title='bbox 813 2269 1221 2321; x_wconf 85' lang='lat' dir='ltr'>sentiebatlegibus,</span> 
     </span>
     <span class='ocr_line' id='line_1_32' title="bbox 338 2330 1218 2392; baseline -0.007 -15"><span class='ocrx_word' id='word_1_158' title='bbox 338 2349 443 2392; x_wconf 89' lang='lat' dir='ltr'>quas</span> <span class='ocrx_word' id='word_1_159' title='bbox 488 2338 663 2386; x_wconf 90' lang='lat' dir='ltr'>tulerat,</span> <span class='ocrx_word' id='word_1_160' title='bbox 705 2335 982 2374; x_wconf 87' lang='lat' dir='ltr'>vehementer</span> <span class='ocrx_word' id='word_1_161' title='bbox 1018 2330 1218 2372; x_wconf 86' lang='lat' dir='ltr'>offensos.</span> 
     </span>
     <span class='ocr_line' id='line_1_33' title="bbox 335 2397 1219 2449; baseline -0.01 -7"><span class='ocrx_word' id='word_1_162' title='bbox 335 2401 613 2442; x_wconf 87' lang='lat' dir='ltr'>Pisistratum</span> <span class='ocrx_word' id='word_1_163' title='bbox 625 2398 770 2448; x_wconf 90' lang='lat' dir='ltr'>etiam,</span> <span class='ocrx_word' id='word_1_164' title='bbox 785 2397 1067 2449; x_wconf 87' lang='lat' dir='ltr'>propinquum</span> <span class='ocrx_word' id='word_1_165' title='bbox 1081 2407 1219 2447; x_wconf 90' lang='lat' dir='ltr'>suum,</span> 
     </span>
     <span class='ocr_line' id='line_1_34' title="bbox 334 2459 1217 2515; baseline -0.009 -9"><span class='ocrx_word' id='word_1_166' title='bbox 334 2477 432 2506; x_wconf 87' lang='lat' dir='ltr'>cum</span> <span class='ocrx_word' id='word_1_167' title='bbox 451 2464 530 2505; x_wconf 91' lang='lat' dir='ltr'>sibi</span> <span class='ocrx_word' id='word_1_168' title='bbox 548 2461 815 2515; x_wconf 83' lang='lat' dir='ltr'>tyrannidem</span> <span class='ocrx_word' id='word_1_169' title='bbox 835 2472 989 2513; x_wconf 83' lang='lat' dir='ltr'>parare</span> <span class='ocrx_word' id='word_1_170' title='bbox 1007 2459 1217 2511; x_wconf 88' lang='lat' dir='ltr'>intellige-</span> 
     </span>
     <span class='ocr_line' id='line_1_35' title="bbox 336 2524 1217 2582; baseline -0.007 -12"><span class='ocrx_word' id='word_1_171' title='bbox 336 2535 420 2578; x_wconf 85' lang='lat' dir='ltr'>ret,</span> <span class='ocrx_word' id='word_1_172' title='bbox 448 2532 652 2582; x_wconf 90' lang='lat' dir='ltr'>quantum</span> <span class='ocrx_word' id='word_1_173' title='bbox 690 2527 732 2566; x_wconf 88' lang='lat' dir='ltr'>in</span> <span class='ocrx_word' id='word_1_174' title='bbox 766 2538 810 2565; x_wconf 93' lang='lat' dir='ltr'>se</span> <span class='ocrx_word' id='word_1_175' title='bbox 842 2524 939 2573; x_wconf 88' lang='lat' dir='ltr'>fuit,</span> <span class='ocrx_word' id='word_1_176' title='bbox 967 2524 1217 2576; x_wconf 87' lang='lat' dir='ltr'>prohibuit;</span> 
     </span>
     <span class='ocr_line' id='line_1_36' title="bbox 335 2586 1217 2638; baseline -0.007 -7"><span class='ocrx_word' id='word_1_177' title='bbox 335 2604 433 2631; x_wconf 88' lang='lat' dir='ltr'>nam</span> <span class='ocrx_word' id='word_1_178' title='bbox 454 2594 688 2631; x_wconf 88' lang='lat' dir='ltr'>convocata</span> <span class='ocrx_word' id='word_1_179' title='bbox 707 2588 913 2628; x_wconf 89' lang='lat' dir='ltr'>concione</span> <span class='ocrx_word' id='word_1_180' title='bbox 932 2586 1152 2638; x_wconf 85' lang='lat' dir='ltr'>profectus</span> <span class='ocrx_word' id='word_1_181' title='bbox 1173 2587 1217 2625; x_wconf 90' lang='lat' dir='ltr'>in</span> 
     </span>
     <span class='ocr_line' id='line_1_37' title="bbox 337 2650 1217 2706; baseline -0.006 -13"><span class='ocrx_word' id='word_1_182' title='bbox 337 2654 569 2706; x_wconf 87' lang='lat' dir='ltr'>publicum,</span> <span class='ocrx_word' id='word_1_183' title='bbox 594 2652 729 2691; x_wconf 87' lang='lat' dir='ltr'>lorica</span> <span class='ocrx_word' id='word_1_184' title='bbox 759 2658 943 2691; x_wconf 86' lang='lat' dir='ltr'>armatus</span> <span class='ocrx_word' id='word_1_185' title='bbox 974 2655 1019 2689; x_wconf 87' lang='lat' dir='ltr'>et</span> <span class='ocrx_word' id='word_1_186' title='bbox 1047 2650 1217 2701; x_wconf 88' lang='lat' dir='ltr'>clypeo,</span> 
     </span>
     <span class='ocr_line' id='line_1_38' title="bbox 337 2714 1218 2765; baseline -0.007 -8"><span class='ocrx_word' id='word_1_187' title='bbox 337 2717 556 2757; x_wconf 82' lang='lat' dir='ltr'>Pisistrati</span> <span class='ocrx_word' id='word_1_188' title='bbox 586 2717 777 2765; x_wconf 83' lang='lat' dir='ltr'>insidias,</span> <span class='ocrx_word' id='word_1_189' title='bbox 803 2720 849 2754; x_wconf 90' lang='lat' dir='ltr'>et</span> <span class='ocrx_word' id='word_1_190' title='bbox 881 2714 1056 2764; x_wconf 87' lang='lat' dir='ltr'>impium</span> <span class='ocrx_word' id='word_1_191' title='bbox 1091 2725 1218 2752; x_wconf 81' lang='lat' dir='ltr'>cona-</span> 
     </span>
     <span class='ocr_line' id='line_1_39' title="bbox 337 2777 1215 2832; baseline -0.008 -12"><span class='ocrx_word' id='word_1_192' title='bbox 337 2786 443 2832; x_wconf 86' lang='lat' dir='ltr'>tum,</span> <span class='ocrx_word' id='word_1_193' title='bbox 469 2781 666 2832; x_wconf 88' lang='lat' dir='ltr'>aperuit;</span> <span class='ocrx_word' id='word_1_194' title='bbox 695 2790 832 2830; x_wconf 90' lang='lat' dir='ltr'>neque</span> <span class='ocrx_word' id='word_1_195' title='bbox 845 2777 887 2816; x_wconf 92' lang='lat' dir='ltr'>id</span> <span class='ocrx_word' id='word_1_196' title='bbox 908 2777 1058 2827; x_wconf 88' lang='lat' dir='ltr'>solum,</span> <span class='ocrx_word' id='word_1_197' title='bbox 1071 2788 1215 2815; x_wconf 85' lang='lat' dir='ltr'>verum</span> 
     </span>
     <span class='ocr_line' id='line_1_40' title="bbox 337 2840 1216 2895; baseline -0.008 -10"><span class='ocrx_word' id='word_1_198' title='bbox 337 2846 467 2886; x_wconf 88' lang='lat' dir='ltr'>etiam</span> <span class='ocrx_word' id='word_1_199' title='bbox 490 2857 535 2883; x_wconf 87' lang='lat' dir='ltr'>se</span> <span class='ocrx_word' id='word_1_200' title='bbox 549 2844 703 2895; x_wconf 90' lang='lat' dir='ltr'>juvare</span> <span class='ocrx_word' id='word_1_201' title='bbox 739 2847 954 2893; x_wconf 87' lang='lat' dir='ltr'>paratum,</span> <span class='ocrx_word' id='word_1_202' title='bbox 987 2853 1037 2879; x_wconf 89' lang='lat' dir='ltr'>ac</span> <span class='ocrx_word' id='word_1_203' title='bbox 1069 2852 1146 2891; x_wconf 85' lang='lat' dir='ltr'>pro</span> <span class='ocrx_word' id='word_1_204' title='bbox 1166 2840 1216 2879; x_wconf 92' lang='lat' dir='ltr'>li·</span> 
     </span>
     <span class='ocr_line' id='line_1_41' title="bbox 334 2903 1214 2958; baseline -0.008 -9"><span class='ocrx_word' id='word_1_205' title='bbox 334 2909 506 2949; x_wconf 88' lang='lat' dir='ltr'>bertate</span> <span class='ocrx_word' id='word_1_206' title='bbox 521 2913 805 2958; x_wconf 85' lang='lat' dir='ltr'>pugnaturum</span> <span class='ocrx_word' id='word_1_207' title='bbox 817 2903 1092 2944; x_wconf 88' lang='lat' dir='ltr'>asseveravit.</span> <span class='ocrx_word' id='word_1_208' title='bbox 1103 2904 1214 2955; x_wconf 89' lang='lat' dir='ltr'>Viri,</span> 
     </span>
     <span class='ocr_line' id='line_1_42' title="bbox 333 2967 1212 3025; baseline -0.008 -13"><span class='ocrx_word' id='word_1_209' title='bbox 333 2972 486 3025; x_wconf 86' lang='lat' dir='ltr'>inquit,</span> <span class='ocrx_word' id='word_1_210' title='bbox 501 2970 803 3019; x_wconf 84' lang='lat' dir='ltr'>Athenienses,</span> <span class='ocrx_word' id='word_1_211' title='bbox 823 2969 918 3008; x_wconf 89' lang='lat' dir='ltr'>aliis</span> <span class='ocrx_word' id='word_1_212' title='bbox 947 2967 1118 3020; x_wconf 89' lang='lat' dir='ltr'>quidem</span> <span class='ocrx_word' id='word_1_213' title='bbox 1150 2980 1212 3006; x_wconf 87' lang='lat' dir='ltr'>sa-</span> 
     </span>
     <span class='ocr_line' id='line_1_43' title="bbox 334 3030 1212 3089; baseline -0.01 -13"><span class='ocrx_word' id='word_1_214' title='bbox 334 3036 538 3089; x_wconf 85' lang='lat' dir='ltr'>pientior,</span> <span class='ocrx_word' id='word_1_215' title='bbox 557 3034 648 3073; x_wconf 91' lang='lat' dir='ltr'>aliis</span> <span class='ocrx_word' id='word_1_216' title='bbox 670 3044 772 3072; x_wconf 92' lang='lat' dir='ltr'>vero</span> <span class='ocrx_word' id='word_1_217' title='bbox 803 3030 957 3071; x_wconf 84' lang='lat' dir='ltr'>fortior</span> <span class='ocrx_word' id='word_1_218' title='bbox 990 3042 1095 3069; x_wconf 85' lang='lat' dir='ltr'>sum.</span> <span class='ocrx_word' id='word_1_219' title='bbox 1138 3030 1212 3069; x_wconf 85' lang='lat' dir='ltr'>Sa-</span> 
     </span>
     <span class='ocr_line' id='line_1_44' title="bbox 334 3093 1212 3151; baseline -0.008 -12"><span class='ocrx_word' id='word_1_220' title='bbox 334 3098 520 3151; x_wconf 88' lang='lat' dir='ltr'>pientior</span> <span class='ocrx_word' id='word_1_221' title='bbox 546 3097 630 3136; x_wconf 90' lang='lat' dir='ltr'>illis</span> <span class='ocrx_word' id='word_1_222' title='bbox 677 3095 751 3148; x_wconf 91' lang='lat' dir='ltr'>qui</span> <span class='ocrx_word' id='word_1_223' title='bbox 782 3094 1055 3134; x_wconf 85' lang='lat' dir='ltr'>Pisistratum</span> <span class='ocrx_word' id='word_1_224' title='bbox 1083 3093 1212 3133; x_wconf 91' lang='lat' dir='ltr'>istum</span> 
     </span>
     <span class='ocr_line' id='line_1_45' title="bbox 332 3155 1214 3207; baseline -0.01 -5"><span class='ocrx_word' id='word_1_225' title='bbox 332 3175 416 3202; x_wconf 89' lang='lat' dir='ltr'>non</span> <span class='ocrx_word' id='word_1_226' title='bbox 445 3159 822 3207; x_wconf 83' lang='lat' dir='ltr'>animadvertunt3</span> <span class='ocrx_word' id='word_1_227' title='bbox 850 3156 1005 3197; x_wconf 85' lang='lat' dir='ltr'>fortior</span> <span class='ocrx_word' id='word_1_228' title='bbox 1033 3156 1111 3207; x_wconf 82' lang='lat' dir='ltr'>his,</span> <span class='ocrx_word' id='word_1_229' title='bbox 1142 3155 1214 3207; x_wconf 90' lang='lat' dir='ltr'>qui</span> 
     </span>
     <span class='ocr_line' id='line_1_46' title="bbox 334 3219 1211 3274; baseline -0.01 -9"><span class='ocrx_word' id='word_1_230' title='bbox 334 3226 476 3265; x_wconf 90' lang='lat' dir='ltr'>sciunt</span> <span class='ocrx_word' id='word_1_231' title='bbox 494 3223 630 3274; x_wconf 88' lang='lat' dir='ltr'>illum,</span> <span class='ocrx_word' id='word_1_232' title='bbox 659 3221 735 3260; x_wconf 90' lang='lat' dir='ltr'>sed</span> <span class='ocrx_word' id='word_1_233' title='bbox 753 3225 869 3259; x_wconf 89' lang='lat' dir='ltr'>metu</span> <span class='ocrx_word' id='word_1_234' title='bbox 890 3221 1091 3259; x_wconf 82' lang='lat' dir='ltr'>reticent.</span> <span class='ocrx_word' id='word_1_235' title='bbox 1138 3219 1211 3257; x_wconf 92' lang='lat' dir='ltr'>Se-</span> 
     </span>
     <span class='ocr_line' id='line_1_47' title="bbox 334 3282 1214 3338; baseline -0.01 -9"><span class='ocrx_word' id='word_1_236' title='bbox 334 3295 462 3329; x_wconf 89' lang='lat' dir='ltr'>natus</span> <span class='ocrx_word' id='word_1_237' title='bbox 483 3298 598 3337; x_wconf 89' lang='lat' dir='ltr'>vero,</span> <span class='ocrx_word' id='word_1_238' title='bbox 627 3284 738 3338; x_wconf 86' lang='lat' dir='ltr'>quod</span> <span class='ocrx_word' id='word_1_239' title='bbox 761 3284 992 3323; x_wconf 84' lang='lat' dir='ltr'>Pisistrato</span> <span class='ocrx_word' id='word_1_240' title='bbox 1006 3282 1214 3333; x_wconf 81' lang='lat' dir='ltr'>studeret,</span> 
     </span>
     <span class='ocr_line' id='line_1_48' title="bbox 335 3344 1210 3399; baseline -0.008 -8"><span class='ocrx_word' id='word_1_241' title='bbox 335 3353 454 3391; x_wconf 90' lang='lat' dir='ltr'>illum</span> <span class='ocrx_word' id='word_1_242' title='bbox 473 3349 658 3391; x_wconf 87' lang='lat' dir='ltr'>insanire</span> <span class='ocrx_word' id='word_1_243' title='bbox 678 3346 982 3399; x_wconf 84' lang='lat' dir='ltr'>proclamabat.</span> <span class='ocrx_word' id='word_1_244' title='bbox 1036 3344 1097 3385; x_wconf 89' lang='lat' dir='ltr'>At</span> <span class='ocrx_word' id='word_1_245' title='bbox 1123 3345 1210 3396; x_wconf 90' lang='lat' dir='ltr'>ille,</span> 
     </span>
     <span class='ocr_line' id='line_1_49' title="bbox 333 3409 1212 3465; baseline -0.01 -10"><span class='ocrx_word' id='word_1_246' title='bbox 333 3416 493 3465; x_wconf 88' lang='lat' dir='ltr'>Meam,</span> <span class='ocrx_word' id='word_1_247' title='bbox 512 3413 669 3464; x_wconf 91' lang='lat' dir='ltr'>inquit,</span> <span class='ocrx_word' id='word_1_248' title='bbox 682 3410 887 3450; x_wconf 87' lang='lat' dir='ltr'>insaniam</span> <span class='ocrx_word' id='word_1_249' title='bbox 907 3409 1068 3449; x_wconf 89' lang='lat' dir='ltr'>civibus</span> <span class='ocrx_word' id='word_1_250' title='bbox 1083 3409 1212 3447; x_wconf 85' lang='lat' dir='ltr'>breve</span> 
     </span>
     <span class='ocr_line' id='line_1_50' title="bbox 335 3471 1213 3529; baseline -0.01 -11"><span class='ocrx_word' id='word_1_251' title='bbox 335 3484 505 3529; x_wconf 87' lang='lat' dir='ltr'>tempus</span> <span class='ocrx_word' id='word_1_252' title='bbox 536 3475 754 3526; x_wconf 84' lang='lat' dir='ltr'>ostendet,</span> <span class='ocrx_word' id='word_1_253' title='bbox 775 3486 870 3515; x_wconf 89' lang='lat' dir='ltr'>cum</span> <span class='ocrx_word' id='word_1_254' title='bbox 891 3472 1046 3512; x_wconf 89' lang='lat' dir='ltr'>veritas</span> <span class='ocrx_word' id='word_1_255' title='bbox 1075 3471 1119 3511; x_wconf 88' lang='lat' dir='ltr'>in</span> <span class='ocrx_word' id='word_1_256' title='bbox 1149 3472 1213 3510; x_wconf 89' lang='lat' dir='ltr'>lu·</span> 
     </span>
     <span class='ocr_line' id='line_1_51' title="bbox 336 3532 1210 3590; baseline -0.009 -8"><span class='ocrx_word' id='word_1_257' title='bbox 336 3532 431 3582; x_wconf 77' lang='lat' dir='ltr'>cem</span> <span class='ocrx_word' id='word_1_258' title='bbox 465 3539 666 3588; x_wconf 81' lang='lat' dir='ltr'>venerit3</span> <span class='ocrx_word' id='word_1_259' title='bbox 707 3539 796 3590; x_wconf 89' lang='lat' dir='ltr'>jam</span> <span class='ocrx_word' id='word_1_260' title='bbox 834 3548 934 3577; x_wconf 88' lang='lat' dir='ltr'>vero</span> <span class='ocrx_word' id='word_1_261' title='bbox 978 3534 1210 3576; x_wconf 84' lang='lat' dir='ltr'>Pisistrato</span> 
     </span>
    </p>
   </div>
   <div class='ocr_carea' id='block_1_3' title="bbox 937 315 1600 356">
    <p class='ocr_par' dir='ltr' id='par_1_4' title="bbox 937 315 1600 356">
     <span class='ocr_line' id='line_1_52' title="bbox 937 315 1600 356; baseline 0 0"><span class='ocrx_word' id='word_1_262' title='bbox 937 317 1114 356; x_wconf 83' lang='lat' dir='ltr'><strong>NOTAE.</strong></span> <span class='ocrx_word' id='word_1_263' title='bbox 1154 315 1490 356; x_wconf 74' lang='lat' dir='ltr'>VARIORUM</span> <span class='ocrx_word' id='word_1_264' title='bbox 1536 318 1600 356; x_wconf 84' lang='lat' dir='ltr'>IN</span> 
     </span>
    </p>
   </div>
   <div class='ocr_carea' id='block_1_4' title="bbox 1273 435 2181 3586">
    <p class='ocr_par' dir='ltr' id='par_1_5' title="bbox 1280 435 2181 2506">
     <span class='ocr_line' id='line_1_53' title="bbox 1297 435 2175 488; baseline 0.006 -16"><span class='ocrx_word' id='word_1_265' title='bbox 1297 445 1436 473; x_wconf 85' lang='lat' dir='ltr'>rerum</span> <span class='ocrx_word' id='word_1_266' title='bbox 1477 435 1616 487; x_wconf 81' lang='lat' dir='ltr'>potito</span> <span class='ocrx_word' id='word_1_267' title='bbox 1653 435 1824 476; x_wconf 88' lang='lat' dir='ltr'>minime</span> <span class='ocrx_word' id='word_1_268' title='bbox 1857 435 2175 488; x_wconf 86' lang='lat' dir='ltr'>obtemperans,</span> 
     </span>
     <span class='ocr_line' id='line_1_54' title="bbox 1296 499 2174 551; baseline 0.001 -15"><span class='ocrx_word' id='word_1_269' title='bbox 1296 502 1396 537; x_wconf 88' lang='lat' dir='ltr'>ante</span> <span class='ocrx_word' id='word_1_270' title='bbox 1423 499 1583 539; x_wconf 91' lang='lat' dir='ltr'>curiam</span> <span class='ocrx_word' id='word_1_271' title='bbox 1612 511 1731 538; x_wconf 87' lang='lat' dir='ltr'>arma</span> <span class='ocrx_word' id='word_1_272' title='bbox 1759 499 1975 551; x_wconf 87' lang='lat' dir='ltr'>deposuit,</span> <span class='ocrx_word' id='word_1_273' title='bbox 2004 499 2174 539; x_wconf 82' lang='lat' dir='ltr'>dicens-</span> 
     </span>
     <span class='ocr_line' id='line_1_55' title="bbox 1295 560 2172 613; baseline 0.003 -15"><span class='ocrx_word' id='word_1_274' title='bbox 1295 572 1379 611; x_wconf 90' lang='lat' dir='ltr'>que</span> <span class='ocrx_word' id='word_1_275' title='bbox 1410 560 1542 600; x_wconf 87' lang='lat' dir='ltr'>illud:</span> <span class='ocrx_word' id='word_1_276' title='bbox 1591 561 1631 602; x_wconf 90' lang='grc' dir='ltr'>Ο</span> <span class='ocrx_word' id='word_1_277' title='bbox 1667 561 1820 613; x_wconf 86' lang='lat' dir='ltr'>patria,</span> <span class='ocrx_word' id='word_1_278' title='bbox 1857 561 1936 600; x_wconf 89' lang='lat' dir='ltr'>tibi</span> <span class='ocrx_word' id='word_1_279' title='bbox 1973 560 2172 613; x_wconf 87' lang='lat' dir='ltr'>equidem</span> 
     </span>
     <span class='ocr_line' id='line_1_56' title="bbox 1294 622 2181 674; baseline 0.002 -13"><span class='ocrx_word' id='word_1_280' title='bbox 1294 622 1425 662; x_wconf 85' lang='lat' dir='ltr'>verbo</span> <span class='ocrx_word' id='word_1_281' title='bbox 1442 628 1487 663; x_wconf 91' lang='lat' dir='ltr'>et</span> <span class='ocrx_word' id='word_1_282' title='bbox 1506 635 1640 674; x_wconf 89' lang='lat' dir='ltr'>opera</span> <span class='ocrx_word' id='word_1_283' title='bbox 1658 623 1887 664; x_wconf 87' lang='lat' dir='ltr'>auxiliatus</span> <span class='ocrx_word' id='word_1_284' title='bbox 1921 636 2027 664; x_wconf 88' lang='lat' dir='ltr'>sum.</span> <span class='ocrx_word' id='word_1_285' title='bbox 2082 623 2181 663; x_wconf 87' lang='lat' dir='ltr'>De·-</span> 
     </span>
     <span class='ocr_line' id='line_1_57' title="bbox 1292 684 2171 738; baseline 0.002 -15"><span class='ocrx_word' id='word_1_286' title='bbox 1292 684 1394 724; x_wconf 85' lang='lat' dir='ltr'>inde</span> <span class='ocrx_word' id='word_1_287' title='bbox 1430 685 1472 724; x_wconf 92' lang='lat' dir='ltr'>in</span> <span class='ocrx_word' id='word_1_288' title='bbox 1508 686 1736 737; x_wconf 84' lang='lat' dir='ltr'>AEgyptum</span> <span class='ocrx_word' id='word_1_289' title='bbox 1771 686 2004 738; x_wconf 84' lang='lat' dir='ltr'>navigavit,</span> <span class='ocrx_word' id='word_1_290' title='bbox 2041 691 2171 738; x_wconf 87' lang='lat' dir='ltr'>atque</span> 
     </span>
     <span class='ocr_line' id='line_1_58' title="bbox 1294 747 2171 801; baseline 0.001 -14"><span class='ocrx_word' id='word_1_291' title='bbox 1294 747 1395 787; x_wconf 90' lang='lat' dir='ltr'>inde</span> <span class='ocrx_word' id='word_1_292' title='bbox 1413 748 1454 788; x_wconf 92' lang='lat' dir='ltr'>in</span> <span class='ocrx_word' id='word_1_293' title='bbox 1475 749 1664 801; x_wconf 89' lang='lat' dir='ltr'>Cyprum</span> <span class='ocrx_word' id='word_1_294' title='bbox 1695 747 1929 801; x_wconf 87' lang='lat' dir='ltr'>profectus,</span> <span class='ocrx_word' id='word_1_295' title='bbox 1955 754 2171 801; x_wconf 86' lang='lat' dir='ltr'>postremo</span> 
     </span>
     <span class='ocr_line' id='line_1_59' title="bbox 1294 811 2171 864; baseline 0.001 -13"><span class='ocrx_word' id='word_1_296' title='bbox 1294 811 1347 851; x_wconf 91' lang='lat' dir='ltr'>ad</span> <span class='ocrx_word' id='word_1_297' title='bbox 1367 812 1559 851; x_wconf 89' lang='lat' dir='ltr'>Croesum</span> <span class='ocrx_word' id='word_1_298' title='bbox 1579 813 1790 864; x_wconf 88' lang='lat' dir='ltr'>pervenit.</span> <span class='ocrx_word' id='word_1_299' title='bbox 1832 812 1955 852; x_wconf 90' lang='lat' dir='ltr'>Obiit</span> <span class='ocrx_word' id='word_1_300' title='bbox 1969 817 2112 852; x_wconf 90' lang='lat' dir='ltr'>autem</span> <span class='ocrx_word' id='word_1_301' title='bbox 2127 813 2171 852; x_wconf 90' lang='lat' dir='ltr'>in</span> 
     </span>
     <span class='ocr_line' id='line_1_60' title="bbox 1293 874 2171 927; baseline -0.002 -12"><span class='ocrx_word' id='word_1_302' title='bbox 1293 875 1434 927; x_wconf 88' lang='lat' dir='ltr'>Cypro</span> <span class='ocrx_word' id='word_1_303' title='bbox 1463 886 1606 915; x_wconf 70' lang='lat' dir='ltr'>LXXX.</span> <span class='ocrx_word' id='word_1_304' title='bbox 1629 875 1774 915; x_wconf 85' lang='lat' dir='ltr'>aetatis</span> <span class='ocrx_word' id='word_1_305' title='bbox 1807 886 1896 914; x_wconf 85' lang='lat' dir='ltr'>suae</span> <span class='ocrx_word' id='word_1_306' title='bbox 1934 886 2059 926; x_wconf 90' lang='lat' dir='ltr'>anno,</span> <span class='ocrx_word' id='word_1_307' title='bbox 2090 874 2171 914; x_wconf 86' lang='lat' dir='ltr'>hoc</span> 
     </span>
     <span class='ocr_line' id='line_1_61' title="bbox 1292 937 2172 990; baseline -0.003 -12"><span class='ocrx_word' id='word_1_308' title='bbox 1292 939 1377 978; x_wconf 89' lang='lat' dir='ltr'>suis</span> <span class='ocrx_word' id='word_1_309' title='bbox 1440 939 1661 990; x_wconf 86' lang='lat' dir='ltr'>mandans,</span> <span class='ocrx_word' id='word_1_310' title='bbox 1723 943 1771 978; x_wconf 90' lang='lat' dir='ltr'>ut</span> <span class='ocrx_word' id='word_1_311' title='bbox 1817 937 2034 982; x_wconf 83' lang='lat' dir='ltr'>Salamina</span> <span class='ocrx_word' id='word_1_312' title='bbox 2078 937 2172 988; x_wconf 85' lang='lat' dir='ltr'>ejus</span> 
     </span>
     <span class='ocr_line' id='line_1_62' title="bbox 1290 1003 2170 1056; baseline 0.001 -14"><span class='ocrx_word' id='word_1_313' title='bbox 1290 1015 1386 1043; x_wconf 90' lang='lat' dir='ltr'>ossa</span> <span class='ocrx_word' id='word_1_314' title='bbox 1416 1003 1718 1055; x_wconf 85' lang='lat' dir='ltr'>transferrent,</span> <span class='ocrx_word' id='word_1_315' title='bbox 1749 1009 1876 1056; x_wconf 89' lang='lat' dir='ltr'>atque</span> <span class='ocrx_word' id='word_1_316' title='bbox 1907 1004 1951 1043; x_wconf 91' lang='lat' dir='ltr'>in</span> <span class='ocrx_word' id='word_1_317' title='bbox 1981 1004 2170 1045; x_wconf 83' lang='lat' dir='ltr'>cinerem</span> 
     </span>
     <span class='ocr_line' id='line_1_63' title="bbox 1289 1066 2169 1119; baseline 0.001 -13"><span class='ocrx_word' id='word_1_318' title='bbox 1289 1068 1430 1107; x_wconf 89' lang='lat' dir='ltr'>soluta</span> <span class='ocrx_word' id='word_1_319' title='bbox 1482 1080 1560 1119; x_wconf 90' lang='lat' dir='ltr'>per</span> <span class='ocrx_word' id='word_1_320' title='bbox 1608 1067 1876 1119; x_wconf 89' lang='lat' dir='ltr'>provinciam</span> <span class='ocrx_word' id='word_1_321' title='bbox 1921 1066 2169 1107; x_wconf 80' lang='lat' dir='ltr'>dissemina-</span> 
     </span>
     <span class='ocr_line' id='line_1_64' title="bbox 1287 1131 2169 1182; baseline 0.002 -12"><span class='ocrx_word' id='word_1_322' title='bbox 1287 1137 1398 1170; x_wconf 87' lang='lat' dir='ltr'>rent.</span> <span class='ocrx_word' id='word_1_323' title='bbox 1457 1131 1791 1172; x_wconf 87' lang='lat' dir='ltr'>Celeberrimum</span> <span class='ocrx_word' id='word_1_324' title='bbox 1831 1135 1900 1171; x_wconf 88' lang='lat' dir='ltr'>est</span> <span class='ocrx_word' id='word_1_325' title='bbox 1945 1131 2040 1182; x_wconf 90' lang='lat' dir='ltr'>ejus</span> <span class='ocrx_word' id='word_1_326' title='bbox 2087 1132 2169 1172; x_wconf 86' lang='lat' dir='ltr'>hoc</span> 
     </span>
     <span class='ocr_line' id='line_1_65' title="bbox 1286 1192 2168 1246; baseline 0.003 -14"><span class='ocrx_word' id='word_1_327' title='bbox 1286 1192 1473 1234; x_wconf 86' lang='lat' dir='ltr'>factum:</span> <span class='ocrx_word' id='word_1_328' title='bbox 1518 1207 1615 1235; x_wconf 90' lang='lat' dir='ltr'>cum</span> <span class='ocrx_word' id='word_1_329' title='bbox 1651 1196 1706 1235; x_wconf 90' lang='lat' dir='ltr'>de</span> <span class='ocrx_word' id='word_1_330' title='bbox 1744 1195 2011 1246; x_wconf 88' lang='lat' dir='ltr'>proprietate</span> <span class='ocrx_word' id='word_1_331' title='bbox 2049 1195 2168 1236; x_wconf 88' lang='lat' dir='ltr'>Sala-</span> 
     </span>
     <span class='ocr_line' id='line_1_66' title="bbox 1285 1257 2167 1310; baseline 0.006 -15"><span class='ocrx_word' id='word_1_332' title='bbox 1285 1257 1410 1297; x_wconf 88' lang='lat' dir='ltr'>minae</span> <span class='ocrx_word' id='word_1_333' title='bbox 1440 1259 1570 1309; x_wconf 89' lang='lat' dir='ltr'>ipsius</span> <span class='ocrx_word' id='word_1_334' title='bbox 1601 1260 1772 1310; x_wconf 87' lang='lat' dir='ltr'>patriae,</span> <span class='ocrx_word' id='word_1_335' title='bbox 1792 1260 1906 1299; x_wconf 88' lang='lat' dir='ltr'>inter</span> <span class='ocrx_word' id='word_1_336' title='bbox 1930 1258 2167 1300; x_wconf 88' lang='lat' dir='ltr'>Athenien-</span> 
     </span>
     <span class='ocr_line' id='line_1_67' title="bbox 1287 1321 2166 1375; baseline 0.005 -17"><span class='ocrx_word' id='word_1_337' title='bbox 1287 1332 1354 1359; x_wconf 86' lang='lat' dir='ltr'>ses</span> <span class='ocrx_word' id='word_1_338' title='bbox 1386 1327 1428 1359; x_wconf 87' lang='lat' dir='ltr'>et</span> <span class='ocrx_word' id='word_1_339' title='bbox 1460 1323 1742 1373; x_wconf 85' lang='lat' dir='ltr'>Megarenses</span> <span class='ocrx_word' id='word_1_340' title='bbox 1775 1321 1911 1362; x_wconf 86' lang='lat' dir='ltr'>ferme</span> <span class='ocrx_word' id='word_1_341' title='bbox 1945 1334 2077 1375; x_wconf 88' lang='lat' dir='ltr'>usque</span> <span class='ocrx_word' id='word_1_342' title='bbox 2111 1323 2166 1362; x_wconf 90' lang='lat' dir='ltr'>ad</span> 
     </span>
     <span class='ocr_line' id='line_1_68' title="bbox 1286 1383 2168 1438; baseline 0.003 -15"><span class='ocrx_word' id='word_1_343' title='bbox 1286 1383 1505 1424; x_wconf 88' lang='lat' dir='ltr'>interitum</span> <span class='ocrx_word' id='word_1_344' title='bbox 1527 1386 1772 1426; x_wconf 85' lang='lat' dir='ltr'>dimicatum</span> <span class='ocrx_word' id='word_1_345' title='bbox 1793 1391 1924 1437; x_wconf 87' lang='lat' dir='ltr'>esset,</span> <span class='ocrx_word' id='word_1_346' title='bbox 1937 1385 2168 1438; x_wconf 81' lang='lat' dir='ltr'>multisque</span> 
     </span>
     <span class='ocr_line' id='line_1_69' title="bbox 1284 1443 2169 1500; baseline 0.002 -14"><span class='ocrx_word' id='word_1_347' title='bbox 1284 1447 1479 1487; x_wconf 84' lang='lat' dir='ltr'>cladibus</span> <span class='ocrx_word' id='word_1_348' title='bbox 1501 1449 1707 1500; x_wconf 80' lang='lat' dir='ltr'>acceptis,</span> <span class='ocrx_word' id='word_1_349' title='bbox 1737 1445 1927 1500; x_wconf 85' lang='lat' dir='ltr'>capitale</span> <span class='ocrx_word' id='word_1_350' title='bbox 1957 1460 2050 1488; x_wconf 87' lang='lat' dir='ltr'>esse</span> <span class='ocrx_word' id='word_1_351' title='bbox 2083 1443 2169 1488; x_wconf 84' lang='lat' dir='ltr'>coe-</span> 
     </span>
     <span class='ocr_line' id='line_1_70' title="bbox 1287 1511 2168 1565; baseline 0 -15"><span class='ocrx_word' id='word_1_352' title='bbox 1287 1513 1435 1563; x_wconf 84' lang='lat' dir='ltr'>pisset,</span> <span class='ocrx_word' id='word_1_353' title='bbox 1464 1513 1497 1551; x_wconf 88' lang='lat' dir='ltr'>si</span> <span class='ocrx_word' id='word_1_354' title='bbox 1531 1513 1624 1565; x_wconf 91' lang='lat' dir='ltr'>quis</span> <span class='ocrx_word' id='word_1_355' title='bbox 1650 1514 1788 1564; x_wconf 85' lang='lat' dir='ltr'>legem</span> <span class='ocrx_word' id='word_1_356' title='bbox 1826 1511 1880 1551; x_wconf 88' lang='lat' dir='ltr'>de</span> <span class='ocrx_word' id='word_1_357' title='bbox 1914 1511 2168 1551; x_wconf 85' lang='lat' dir='ltr'>vindicanda</span> 
     </span>
     <span class='ocr_line' id='line_1_71' title="bbox 1285 1573 2167 1625; baseline -0.002 -11"><span class='ocrx_word' id='word_1_358' title='bbox 1285 1573 1400 1614; x_wconf 85' lang='lat' dir='ltr'>ferre</span> <span class='ocrx_word' id='word_1_359' title='bbox 1420 1576 1598 1616; x_wconf 89' lang='lat' dir='ltr'>auderet</span> <span class='ocrx_word' id='word_1_360' title='bbox 1616 1589 1627 1624; x_wconf 92' lang='lat'>;</span> <span class='ocrx_word' id='word_1_361' title='bbox 1656 1575 1864 1615; x_wconf 84' lang='lat' dir='ltr'>sollicitus</span> <span class='ocrx_word' id='word_1_362' title='bbox 1877 1574 2016 1625; x_wconf 89' lang='lat' dir='ltr'>Solon,</span> <span class='ocrx_word' id='word_1_363' title='bbox 2031 1586 2085 1614; x_wconf 83' lang='lat' dir='ltr'>ue</span> <span class='ocrx_word' id='word_1_364' title='bbox 2099 1573 2167 1616; x_wconf 88' lang='lat' dir='ltr'>vel</span> 
     </span>
     <span class='ocr_line' id='line_1_72' title="bbox 1285 1638 2169 1691; baseline -0.002 -12"><span class='ocrx_word' id='word_1_365' title='bbox 1285 1640 1469 1679; x_wconf 82' lang='lat' dir='ltr'>tacendo</span> <span class='ocrx_word' id='word_1_366' title='bbox 1504 1652 1652 1691; x_wconf 84' lang='lat' dir='ltr'>parum</span> <span class='ocrx_word' id='word_1_367' title='bbox 1693 1638 1874 1690; x_wconf 82' lang='lat' dir='ltr'>reipubl.</span> <span class='ocrx_word' id='word_1_368' title='bbox 1908 1638 2169 1689; x_wconf 84' lang='lat' dir='ltr'>consuleret,</span> 
     </span>
     <span class='ocr_line' id='line_1_73' title="bbox 1286 1701 2167 1752; baseline -0.002 -9"><span class='ocrx_word' id='word_1_369' title='bbox 1286 1704 1354 1743; x_wconf 90' lang='lat' dir='ltr'>vel</span> <span class='ocrx_word' id='word_1_370' title='bbox 1386 1703 1648 1743; x_wconf 89' lang='lat' dir='ltr'>consulendo</span> <span class='ocrx_word' id='word_1_371' title='bbox 1683 1703 1763 1742; x_wconf 89' lang='lat' dir='ltr'>sibi</span> <span class='ocrx_word' id='word_1_372' title='bbox 1798 1707 1994 1752; x_wconf 87' lang='lat' dir='ltr'>noceret,</span> <span class='ocrx_word' id='word_1_373' title='bbox 2024 1701 2167 1742; x_wconf 83' lang='lat' dir='ltr'>subito</span> 
     </span>
     <span class='ocr_line' id='line_1_74' title="bbox 1284 1765 2166 1818; baseline -0.001 -12"><span class='ocrx_word' id='word_1_374' title='bbox 1284 1766 1538 1806; x_wconf 84' lang='lat' dir='ltr'>dementiam</span> <span class='ocrx_word' id='word_1_375' title='bbox 1560 1767 1751 1817; x_wconf 81' lang='lat' dir='ltr'>simulat3</span> <span class='ocrx_word' id='word_1_376' title='bbox 1781 1765 1898 1817; x_wconf 84' lang='lat' dir='ltr'>cujus</span> <span class='ocrx_word' id='word_1_377' title='bbox 1925 1765 2051 1805; x_wconf 85' lang='lat' dir='ltr'>venia</span> <span class='ocrx_word' id='word_1_378' title='bbox 2070 1777 2166 1818; x_wconf 86' lang='lat' dir='ltr'>quae</span> 
     </span>
     <span class='ocr_line' id='line_1_75' title="bbox 1283 1828 2164 1882; baseline 0 -13"><span class='ocrx_word' id='word_1_379' title='bbox 1283 1830 1596 1882; x_wconf 85' lang='lat' dir='ltr'>prohibebatur</span> <span class='ocrx_word' id='word_1_380' title='bbox 1615 1842 1696 1870; x_wconf 88' lang='lat' dir='ltr'>non</span> <span class='ocrx_word' id='word_1_381' title='bbox 1714 1829 1841 1869; x_wconf 90' lang='lat' dir='ltr'>modo</span> <span class='ocrx_word' id='word_1_382' title='bbox 1859 1828 2069 1880; x_wconf 87' lang='lat' dir='ltr'>dicturus,</span> <span class='ocrx_word' id='word_1_383' title='bbox 2086 1828 2164 1869; x_wconf 86' lang='lat' dir='ltr'>sed</span> 
     </span>
     <span class='ocr_line' id='line_1_76' title="bbox 1284 1891 2163 1934; baseline 0 -1"><span class='ocrx_word' id='word_1_384' title='bbox 1284 1895 1412 1933; x_wconf 88' lang='lat' dir='ltr'>etiam</span> <span class='ocrx_word' id='word_1_385' title='bbox 1438 1894 1633 1934; x_wconf 89' lang='lat' dir='ltr'>facturus</span> <span class='ocrx_word' id='word_1_386' title='bbox 1663 1899 1773 1933; x_wconf 91' lang='lat' dir='ltr'>erat.</span> <span class='ocrx_word' id='word_1_387' title='bbox 1832 1891 2053 1932; x_wconf 89' lang='lat' dir='ltr'>Deformis</span> <span class='ocrx_word' id='word_1_388' title='bbox 2088 1905 2163 1934; x_wconf 87' lang='lat' dir='ltr'>ore</span> 
     </span>
     <span class='ocr_line' id='line_1_77' title="bbox 1282 1956 2166 2010; baseline -0.001 -13"><span class='ocrx_word' id='word_1_389' title='bbox 1282 1957 1517 2010; x_wconf 87' lang='lat' dir='ltr'>habituque</span> <span class='ocrx_word' id='word_1_390' title='bbox 1543 1957 1792 1997; x_wconf 89' lang='lat' dir='ltr'>vecordium</span> <span class='ocrx_word' id='word_1_391' title='bbox 1826 1956 1985 2008; x_wconf 86' lang='lat' dir='ltr'>evolat,</span> <span class='ocrx_word' id='word_1_392' title='bbox 2026 1957 2166 1996; x_wconf 83' lang='lat' dir='ltr'>facto·</span> 
     </span>
     <span class='ocr_line' id='line_1_78' title="bbox 1284 2019 2163 2073; baseline -0.002 -13"><span class='ocrx_word' id='word_1_393' title='bbox 1284 2033 1365 2073; x_wconf 89' lang='lat' dir='ltr'>que</span> <span class='ocrx_word' id='word_1_394' title='bbox 1402 2033 1607 2061; x_wconf 86' lang='lat' dir='ltr'>concursu</span> <span class='ocrx_word' id='word_1_395' title='bbox 1645 2021 1876 2071; x_wconf 89' lang='lat' dir='ltr'>hominum,</span> <span class='ocrx_word' id='word_1_396' title='bbox 1913 2031 1996 2072; x_wconf 90' lang='lat' dir='ltr'>quo</span> <span class='ocrx_word' id='word_1_397' title='bbox 2028 2019 2163 2071; x_wconf 87' lang='lat' dir='ltr'>magis</span> 
     </span>
     <span class='ocr_line' id='line_1_79' title="bbox 1284 2082 2164 2136; baseline 0 -12"><span class='ocrx_word' id='word_1_398' title='bbox 1284 2085 1504 2124; x_wconf 87' lang='lat' dir='ltr'>consilium</span> <span class='ocrx_word' id='word_1_399' title='bbox 1524 2085 1708 2136; x_wconf 89' lang='lat' dir='ltr'>simulet,</span> <span class='ocrx_word' id='word_1_400' title='bbox 1730 2083 1924 2123; x_wconf 89' lang='lat' dir='ltr'>versibus</span> <span class='ocrx_word' id='word_1_401' title='bbox 1940 2082 2021 2122; x_wconf 89' lang='lat' dir='ltr'>sibi</span> <span class='ocrx_word' id='word_1_402' title='bbox 2051 2083 2164 2124; x_wconf 87' lang='lat' dir='ltr'>inso-</span> 
     </span>
     <span class='ocr_line' id='line_1_80' title="bbox 1282 2145 2164 2199; baseline -0.001 -12"><span class='ocrx_word' id='word_1_403' title='bbox 1282 2149 1366 2187; x_wconf 88' lang='lat' dir='ltr'>litis</span> <span class='ocrx_word' id='word_1_404' title='bbox 1403 2160 1481 2199; x_wconf 89' lang='lat' dir='ltr'>per</span> <span class='ocrx_word' id='word_1_405' title='bbox 1521 2159 1766 2199; x_wconf 83' lang='lat' dir='ltr'>praeconem</span> <span class='ocrx_word' id='word_1_406' title='bbox 1804 2145 1986 2186; x_wconf 88' lang='lat' dir='ltr'>suadere</span> <span class='ocrx_word' id='word_1_407' title='bbox 2014 2147 2164 2198; x_wconf 88' lang='lat' dir='ltr'>coepit,</span> 
     </span>
     <span class='ocr_line' id='line_1_81' title="bbox 1284 2209 2166 2265; baseline -0.002 -13"><span class='ocrx_word' id='word_1_408' title='bbox 1284 2212 1396 2265; x_wconf 91' lang='lat' dir='ltr'>quod</span> <span class='ocrx_word' id='word_1_409' title='bbox 1431 2212 1674 2261; x_wconf 84' lang='lat' dir='ltr'>vetabatur,</span> <span class='ocrx_word' id='word_1_410' title='bbox 1703 2210 1976 2261; x_wconf 87' lang='lat' dir='ltr'>omniumque</span> <span class='ocrx_word' id='word_1_411' title='bbox 2003 2209 2166 2250; x_wconf 88' lang='lat' dir='ltr'>animos</span> 
     </span>
     <span class='ocr_line' id='line_1_82' title="bbox 1282 2273 2164 2326; baseline -0.001 -12"><span class='ocrx_word' id='word_1_412' title='bbox 1282 2275 1345 2315; x_wconf 88' lang='lat' dir='ltr'>ira</span> <span class='ocrx_word' id='word_1_413' title='bbox 1365 2275 1571 2326; x_wconf 81' lang='lat' dir='ltr'>incendit,</span> <span class='ocrx_word' id='word_1_414' title='bbox 1589 2281 1637 2314; x_wconf 89' lang='lat' dir='ltr'>ut</span> <span class='ocrx_word' id='word_1_415' title='bbox 1657 2274 1864 2314; x_wconf 86' lang='lat' dir='ltr'>adversus</span> <span class='ocrx_word' id='word_1_416' title='bbox 1883 2273 2164 2324; x_wconf 85' lang='lat' dir='ltr'>Megarenses</span> 
     </span>
     <span class='ocr_line' id='line_1_83' title="bbox 1284 2336 2164 2389; baseline -0.003 -10"><span class='ocrx_word' id='word_1_417' title='bbox 1284 2338 1440 2379; x_wconf 91' lang='lat' dir='ltr'>bellum</span> <span class='ocrx_word' id='word_1_418' title='bbox 1460 2338 1678 2389; x_wconf 89' lang='lat' dir='ltr'>extemplo</span> <span class='ocrx_word' id='word_1_419' title='bbox 1701 2337 2024 2386; x_wconf 86' lang='lat' dir='ltr'>decerneretur,</span> <span class='ocrx_word' id='word_1_420' title='bbox 2054 2336 2164 2376; x_wconf 88' lang='lat' dir='ltr'>insu-</span> 
     </span>
     <span class='ocr_line' id='line_1_84' title="bbox 1280 2398 2164 2455; baseline -0.002 -14"><span class='ocrx_word' id='word_1_421' title='bbox 1280 2403 1424 2455; x_wconf 89' lang='lat' dir='ltr'>laque,</span> <span class='ocrx_word' id='word_1_422' title='bbox 1460 2401 1643 2441; x_wconf 84' lang='lat' dir='ltr'>devictis</span> <span class='ocrx_word' id='word_1_423' title='bbox 1680 2399 1890 2452; x_wconf 85' lang='lat' dir='ltr'>hostibus,</span> <span class='ocrx_word' id='word_1_424' title='bbox 1928 2398 2164 2440; x_wconf 86' lang='lat' dir='ltr'>Athenien-</span> 
     </span>
     <span class='ocr_line' id='line_1_85' title="bbox 1280 2463 1735 2506; baseline -0.004 -1"><span class='ocrx_word' id='word_1_425' title='bbox 1280 2466 1388 2506; x_wconf 89' lang='lat' dir='ltr'>sium</span> <span class='ocrx_word' id='word_1_426' title='bbox 1413 2463 1554 2504; x_wconf 88' lang='lat' dir='ltr'>fieret.</span> <span class='ocrx_word' id='word_1_427' title='bbox 1586 2464 1735 2503; x_wconf 82' lang='lat' dir='ltr'>Oliver.</span> 
     </span>
    </p>

    <p class='ocr_par' dir='ltr' id='par_1_6' title="bbox 1273 2526 2164 3514">
     <span class='ocr_line' id='line_1_86' title="bbox 1333 2526 2164 2579; baseline -0.002 -12"><span class='ocrx_word' id='word_1_428' title='bbox 1333 2528 1555 2579; x_wconf 82' lang='lat' dir='ltr'>Salamina]</span> <span class='ocrx_word' id='word_1_429' title='bbox 1581 2528 1789 2577; x_wconf 85' lang='lat' dir='ltr'>Salamin,</span> <span class='ocrx_word' id='word_1_430' title='bbox 1817 2531 1863 2567; x_wconf 90' lang='lat' dir='ltr'>et</span> <span class='ocrx_word' id='word_1_431' title='bbox 1895 2526 2091 2578; x_wconf 86' lang='lat' dir='ltr'>Salamis,</span> <span class='ocrx_word' id='word_1_432' title='bbox 2118 2530 2164 2566; x_wconf 85' lang='lat' dir='ltr'>et</span> 
     </span>
     <span class='ocr_line' id='line_1_87' title="bbox 1281 2590 2163 2631; baseline -0.001 -1"><span class='ocrx_word' id='word_1_433' title='bbox 1281 2592 1496 2631; x_wconf 88' lang='lat' dir='ltr'>Salamina</span> <span class='ocrx_word' id='word_1_434' title='bbox 1522 2591 1781 2631; x_wconf 86' lang='lat' dir='ltr'>declinatur.</span> <span class='ocrx_word' id='word_1_435' title='bbox 1839 2590 1947 2630; x_wconf 83' lang='lat' dir='ltr'>Haec</span> <span class='ocrx_word' id='word_1_436' title='bbox 1965 2590 2102 2630; x_wconf 88' lang='lat' dir='ltr'>insula</span> <span class='ocrx_word' id='word_1_437' title='bbox 2118 2590 2163 2629; x_wconf 91' lang='lat' dir='ltr'>in</span> 
     </span>
     <span class='ocr_line' id='line_1_88' title="bbox 1280 2653 2162 2705; baseline -0.002 -12"><span class='ocrx_word' id='word_1_438' title='bbox 1280 2655 1472 2694; x_wconf 84' lang='lat' dir='ltr'>Euboico</span> <span class='ocrx_word' id='word_1_439' title='bbox 1491 2654 1596 2693; x_wconf 83' lang='lat' dir='ltr'>mari</span> <span class='ocrx_word' id='word_1_440' title='bbox 1615 2654 1770 2705; x_wconf 89' lang='lat' dir='ltr'>posita,</span> <span class='ocrx_word' id='word_1_441' title='bbox 1791 2653 1836 2692; x_wconf 90' lang='lat' dir='ltr'>in</span> <span class='ocrx_word' id='word_1_442' title='bbox 1856 2665 1939 2705; x_wconf 92' lang='lat' dir='ltr'>qua</span> <span class='ocrx_word' id='word_1_443' title='bbox 1959 2653 2162 2692; x_wconf 88' lang='lat' dir='ltr'>Telamon</span> 
     </span>
     <span class='ocr_line' id='line_1_89' title="bbox 1279 2715 2160 2768; baseline -0.001 -12"><span class='ocrx_word' id='word_1_444' title='bbox 1279 2715 1425 2768; x_wconf 89' lang='lat' dir='ltr'>Ajacis</span> <span class='ocrx_word' id='word_1_445' title='bbox 1474 2720 1520 2756; x_wconf 91' lang='lat' dir='ltr'>et</span> <span class='ocrx_word' id='word_1_446' title='bbox 1575 2716 1731 2756; x_wconf 88' lang='lat' dir='ltr'>Teucri</span> <span class='ocrx_word' id='word_1_447' title='bbox 1779 2722 1904 2767; x_wconf 86' lang='lat' dir='ltr'>pater</span> <span class='ocrx_word' id='word_1_448' title='bbox 1950 2715 2160 2767; x_wconf 80' lang='lat' dir='ltr'>regnavit.</span> 
     </span>
     <span class='ocr_line' id='line_1_90' title="bbox 1279 2777 2163 2822; baseline -0.007 0"><span class='ocrx_word' id='word_1_449' title='bbox 1279 2779 1481 2822; x_wconf 83' lang='lat' dir='ltr'>Quamvis</span> <span class='ocrx_word' id='word_1_450' title='bbox 1514 2784 1559 2819; x_wconf 89' lang='lat' dir='ltr'>et</span> <span class='ocrx_word' id='word_1_451' title='bbox 1579 2778 1793 2819; x_wconf 90' lang='lat' dir='ltr'>Salamina</span> <span class='ocrx_word' id='word_1_452' title='bbox 1815 2778 1983 2817; x_wconf 87' lang='lat' dir='ltr'>dicatur</span> <span class='ocrx_word' id='word_1_453' title='bbox 2009 2777 2163 2817; x_wconf 86' lang='lat' dir='ltr'>civitas</span> 
     </span>
     <span class='ocr_line' id='line_1_91' title="bbox 1278 2842 2160 2894; baseline -0.001 -13"><span class='ocrx_word' id='word_1_454' title='bbox 1278 2842 1322 2881; x_wconf 93' lang='lat' dir='ltr'>in</span> <span class='ocrx_word' id='word_1_455' title='bbox 1342 2843 1503 2894; x_wconf 89' lang='lat' dir='ltr'>Cypro,</span> <span class='ocrx_word' id='word_1_456' title='bbox 1518 2842 1692 2882; x_wconf 91' lang='lat' dir='ltr'>condita</span> <span class='ocrx_word' id='word_1_457' title='bbox 1711 2854 1735 2880; x_wconf 88' lang='lat' dir='ltr'>a</span> <span class='ocrx_word' id='word_1_458' title='bbox 1750 2842 1915 2880; x_wconf 90' lang='lat' dir='ltr'>Teucro</span> <span class='ocrx_word' id='word_1_459' title='bbox 1934 2846 2160 2893; x_wconf 87' lang='lat' dir='ltr'>postquam</span> 
     </span>
     <span class='ocr_line' id='line_1_92' title="bbox 1279 2903 2161 2958; baseline -0.003 -12"><span class='ocrx_word' id='word_1_460' title='bbox 1279 2919 1305 2946; x_wconf 89' lang='lat' dir='ltr'>a</span> <span class='ocrx_word' id='word_1_461' title='bbox 1320 2912 1442 2958; x_wconf 89' lang='lat' dir='ltr'>patre</span> <span class='ocrx_word' id='word_1_462' title='bbox 1456 2917 1590 2956; x_wconf 85' lang='lat' dir='ltr'>regno</span> <span class='ocrx_word' id='word_1_463' title='bbox 1609 2906 1771 2956; x_wconf 91' lang='lat' dir='ltr'>pulsus,</span> <span class='ocrx_word' id='word_1_464' title='bbox 1788 2903 1901 2956; x_wconf 87' lang='lat' dir='ltr'>quod</span> <span class='ocrx_word' id='word_1_465' title='bbox 1919 2904 1960 2943; x_wconf 91' lang='lat' dir='ltr'>in</span> <span class='ocrx_word' id='word_1_466' title='bbox 1978 2904 2161 2955; x_wconf 89' lang='lat' dir='ltr'>patriam</span> 
     </span>
     <span class='ocr_line' id='line_1_93' title="bbox 1278 2965 2162 3019; baseline -0.001 -10"><span class='ocrx_word' id='word_1_467' title='bbox 1278 2970 1370 3009; x_wconf 91' lang='lat' dir='ltr'>sine</span> <span class='ocrx_word' id='word_1_468' title='bbox 1401 2968 1538 3008; x_wconf 85' lang='lat' dir='ltr'>fratre</span> <span class='ocrx_word' id='word_1_469' title='bbox 1558 2968 1772 3019; x_wconf 85' lang='lat' dir='ltr'>rediisset,</span> <span class='ocrx_word' id='word_1_470' title='bbox 1800 2965 1992 3019; x_wconf 86' lang='lat' dir='ltr'>profugit</span> <span class='ocrx_word' id='word_1_471' title='bbox 2010 2967 2053 3006; x_wconf 89' lang='lat' dir='ltr'>in</span> <span class='ocrx_word' id='word_1_472' title='bbox 2075 2967 2162 3018; x_wconf 81' lang='lat' dir='ltr'>Cy-</span> 
     </span>
     <span class='ocr_line' id='line_1_94' title="bbox 1278 3030 2159 3085; baseline -0.002 -13"><span class='ocrx_word' id='word_1_473' title='bbox 1278 3045 1414 3085; x_wconf 87' lang='lat' dir='ltr'>prum.</span> <span class='ocrx_word' id='word_1_474' title='bbox 1471 3032 1604 3084; x_wconf 86' lang='lat' dir='ltr'>Cujus</span> <span class='ocrx_word' id='word_1_475' title='bbox 1642 3031 1836 3071; x_wconf 89' lang='lat' dir='ltr'>meminit</span> <span class='ocrx_word' id='word_1_476' title='bbox 1872 3030 2079 3070; x_wconf 86' lang='lat' dir='ltr'>Horatius</span> <span class='ocrx_word' id='word_1_477' title='bbox 2115 3030 2159 3070; x_wconf 90' lang='lat' dir='ltr'>in</span> 
     </span>
     <span class='ocr_line' id='line_1_95' title="bbox 1276 3091 2157 3147; baseline -0.006 -12"><span class='ocrx_word' id='word_1_478' title='bbox 1276 3096 1414 3147; x_wconf 90' lang='lat' dir='ltr'>primo</span> <span class='ocrx_word' id='word_1_479' title='bbox 1431 3095 1702 3135; x_wconf 88' lang='lat' dir='ltr'>Carminum:</span> <span class='ocrx_word' id='word_1_480' title='bbox 1738 3097 1749 3117; x_wconf 81' lang='lat'>⁸</span> <span class='ocrx_word' id='word_1_481' title='bbox 1763 3091 2157 3144; x_wconf 85' lang='lat' dir='ltr'>Nildesperandum</span> 
     </span>
     <span class='ocr_line' id='line_1_96' title="bbox 1275 3156 2158 3210; baseline -0.008 -11"><span class='ocrx_word' id='word_1_482' title='bbox 1275 3161 1441 3199; x_wconf 91' lang='lat' dir='ltr'>Teucro</span> <span class='ocrx_word' id='word_1_483' title='bbox 1475 3159 1604 3210; x_wconf 82' lang='lat' dir='ltr'>duce,</span> <span class='ocrx_word' id='word_1_484' title='bbox 1650 3163 1697 3198; x_wconf 91' lang='lat' dir='ltr'>et</span> <span class='ocrx_word' id='word_1_485' title='bbox 1742 3156 1916 3208; x_wconf 87' lang='lat' dir='ltr'>auspice</span> <span class='ocrx_word' id='word_1_486' title='bbox 1961 3156 2158 3194; x_wconf 84' lang='lat' dir='ltr'>Teucro:</span> 
     </span>
     <span class='ocr_line' id='line_1_97' title="bbox 1276 3216 2158 3272; baseline -0.008 -10"><span class='ocrx_word' id='word_1_487' title='bbox 1276 3223 1430 3262; x_wconf 90' lang='lat' dir='ltr'>Certus</span> <span class='ocrx_word' id='word_1_488' title='bbox 1464 3223 1575 3261; x_wconf 89' lang='lat' dir='ltr'>enim</span> <span class='ocrx_word' id='word_1_489' title='bbox 1606 3219 1800 3272; x_wconf 85' lang='lat' dir='ltr'>promisit</span> <span class='ocrx_word' id='word_1_490' title='bbox 1818 3218 1992 3269; x_wconf 82' lang='lat' dir='ltr'>Apollo,</span> <span class='ocrx_word' id='word_1_491' title='bbox 2011 3216 2158 3256; x_wconf 89' lang='lat' dir='ltr'>Ambi-</span> 
     </span>
     <span class='ocr_line' id='line_1_98' title="bbox 1276 3278 2159 3337; baseline -0.006 -12"><span class='ocrx_word' id='word_1_492' title='bbox 1276 3297 1400 3337; x_wconf 88' lang='lat' dir='ltr'>guam</span> <span class='ocrx_word' id='word_1_493' title='bbox 1417 3285 1568 3324; x_wconf 87' lang='lat' dir='ltr'>tellure</span> <span class='ocrx_word' id='word_1_494' title='bbox 1582 3295 1691 3322; x_wconf 91' lang='lat' dir='ltr'>nova</span> <span class='ocrx_word' id='word_1_495' title='bbox 1711 3281 1924 3322; x_wconf 87' lang='lat' dir='ltr'>Salamina</span> <span class='ocrx_word' id='word_1_496' title='bbox 1937 3278 2159 3320; x_wconf 69' lang='lat' dir='ltr'>futuram!</span> 
     </span>
     <span class='ocr_line' id='line_1_99' title="bbox 1277 3341 2157 3388; baseline -0.007 0"><span class='ocrx_word' id='word_1_497' title='bbox 1277 3349 1387 3388; x_wconf 82' lang='lat' dir='ltr'>Haec</span> <span class='ocrx_word' id='word_1_498' title='bbox 1420 3354 1563 3387; x_wconf 89' lang='lat' dir='ltr'>autem</span> <span class='ocrx_word' id='word_1_499' title='bbox 1599 3344 1739 3384; x_wconf 89' lang='lat' dir='ltr'>insula</span> <span class='ocrx_word' id='word_1_500' title='bbox 1767 3342 1852 3382; x_wconf 88' lang='lat' dir='ltr'>fuit</span> <span class='ocrx_word' id='word_1_501' title='bbox 1879 3343 1992 3381; x_wconf 89' lang='lat' dir='ltr'>inter</span> <span class='ocrx_word' id='word_1_502' title='bbox 2023 3341 2157 3382; x_wconf 86' lang='lat' dir='ltr'>Athe-</span> 
     </span>
     <span class='ocr_line' id='line_1_100' title="bbox 1273 3405 2155 3459; baseline -0.008 -8"><span class='ocrx_word' id='word_1_503' title='bbox 1273 3412 1442 3450; x_wconf 88' lang='lat' dir='ltr'>nienses</span> <span class='ocrx_word' id='word_1_504' title='bbox 1463 3414 1508 3448; x_wconf 91' lang='lat' dir='ltr'>et</span> <span class='ocrx_word' id='word_1_505' title='bbox 1525 3409 1822 3459; x_wconf 83' lang='lat' dir='ltr'>Megarenses,</span> <span class='ocrx_word' id='word_1_506' title='bbox 1839 3418 1963 3457; x_wconf 91' lang='lat' dir='ltr'>quam</span> <span class='ocrx_word' id='word_1_507' title='bbox 1983 3405 2155 3457; x_wconf 86' lang='lat' dir='ltr'>utrique</span> 
     </span>
     <span class='ocr_line' id='line_1_101' title="bbox 1275 3469 1858 3514; baseline -0.009 0"><span class='ocrx_word' id='word_1_508' title='bbox 1275 3474 1352 3514; x_wconf 88' lang='lat' dir='ltr'>sibi</span> <span class='ocrx_word' id='word_1_509' title='bbox 1375 3471 1676 3513; x_wconf 87' lang='lat' dir='ltr'>vendicabant.</span> <span class='ocrx_word' id='word_1_510' title='bbox 1710 3469 1858 3509; x_wconf 74' lang='lat' dir='ltr'>Oliver.</span> 
     </span>
    </p>

    <p class='ocr_par' dir='ltr' id='par_1_7' title="bbox 1327 3531 2155 3586">
     <span class='ocr_line' id='line_1_102' title="bbox 1327 3531 2155 3586; baseline -0.006 -9"><span class='ocrx_word' id='word_1_511' title='bbox 1327 3535 1636 3586; x_wconf 66' lang='lat' dir='ltr'>Bene&#39;egissent</span> <span class='ocrx_word' id='word_1_512' title='bbox 1671 3531 1956 3583; x_wconf 75' lang='lat' dir='ltr'>Athenienses]</span> <span class='ocrx_word' id='word_1_513' title='bbox 1990 3531 2155 3572; x_wconf 87' lang='lat' dir='ltr'>Miltia-</span> 
     </span>
    </p>
   </div>
  </div>
 </body>
</html>
