2358 4036
411 272 519 326 922

409 411 598 446 moratus
632 405 789 459 dictus,
820 408 1005 448 omnium
1042 409 1203 461 primus
1241 414 1286 449 et

410 470 882 522 antiquissimus,hodie
894 474 1046 512 nullus.
1069 472 1286 514 Fabricius.

408 533 521 572 Vide
541 539 586 573 et
607 535 876 575 Marlianum.

461 595 706 647 donicatum]
738 597 845 637 Urbi
859 598 913 637 ab
937 597 1056 638 Anco
1073 599 1199 639 Mons
1217 599 1284 639 hic

409 657 600 708 additus3
649 672 759 700 nunc
789 673 814 700 a
846 659 968 700 flavis
1000 663 1136 703 arenis
1164 675 1285 703 mons

408 733 562 762 aureus
585 724 650 762 vel
667 724 908 764 Montorius
928 724 1101 765 dicitur.

457 785 509 824 L.
537 786 745 837 Albanius]
782 788 851 827 Ita
885 788 957 830 lib.
976 789 1091 830 Dan.
1137 790 1285 830 Florus

408 852 454 887 et
487 847 646 899 Livius,
685 850 734 889 L.
761 849 958 892 Albinius.
1013 851 1084 891 An
1122 854 1283 892 rectius

410 915 507 949 erat
524 910 726 953 Albinus?
755 913 896 953 coler.

463 974 574 1014 Coere
591 975 634 1014 in
663 975 842 1026 oppidum
866 975 1064 1027 pervexit]
1107 975 1177 1017 Ita
1196 990 1287 1018 cor-

405 1043 524 1078 recte
541 1039 680 1090 magis
701 1039 742 1078 in
775 1041 979 1093 antiquo:
1022 1041 1167 1093 vulgo,
1190 1043 1289 1082 Cere

405 1104 450 1142 in
467 1105 651 1155 oppidum
667 1105 861 1156 pervexit.
893 1106 1019 1157 Pigh.

461 1168 575 1206 Caere
593 1168 635 1206 in
661 1168 861 1219 oppidum]
894 1169 987 1209 Lib.
1025 1169 1138 1210 Dan.
1173 1170 1284 1210 Coere

402 1230 611 1282 oppidum:
641 1232 752 1283 quod
789 1244 974 1283 agnosco
994 1232 1158 1272 lubens.
1214 1235 1284 1273 De

402 1294 483 1334 hoc
502 1294 662 1346 oppido
696 1294 856 1346 Livius,
891 1295 1069 1335 Plinius.
1101 1294 1285 1346 Agillam

401 1357 503 1397 olIm
532 1356 694 1395 dictum
727 1356 859 1396 fuisse
880 1357 1022 1396 multis
1043 1356 1170 1397 docet
1187 1358 1286 1397 Ser·

400 1419 495 1460 vius
514 1418 682 1459 AEneid.
706 1431 809 1458 vul.
826 1418 981 1459 Strabo
994 1419 1064 1460 lib.
1081 1432 1126 1460 v.
1157 1421 1284 1462 Coler-

458 1480 740 1532 Caeremonias]
778 1480 890 1521 Vide
910 1494 1039 1533 supra
1059 1481 1111 1521 ad
1135 1482 1283 1523 Prolo-

408 1555 523 1595 gum.

453 1607 540 1659 §11
562 1608 711 1647 Eadem
729 1607 975 1660 tempestate]
1005 1608 1204 1660 Contigit
1223 1609 1278 1651 A.

405 1669 642 1710 U.·cc1.111.

457 1735 506 1773 C.
541 1733 689 1773 Fabius
723 1734 894 1786 Dorsuo]
938 1735 1069 1775 Dorso
1106 1735 1279 1776 videtur

401 1795 691 1845 scribendum,
711 1801 759 1835 ut
789 1797 957 1848 Mento,
990 1797 1128 1848 Pedo,
1147 1799 1278 1850 Gulo‚

398 1858 578 1909 Fronto,
599 1858 770 1910 Capito,
789 1859 861 1912 qui
879 1860 980 1900 item
1001 1860 1095 1912 ejus
1112 1862 1278 1912 generis

399 1920 656 1972 cognomina
695 1927 809 1961 sunt.
886 1922 1096 1964 Quaedam
1129 1935 1276 1963 manu-

396 1985 562 2036 scripta
597 1984 866 2036 exemplaria
900 1997 1146 2037 perperam,
1166 1988 1277 2027 dorso

397 2059 483 2098 suo,
519 2048 695 2088 habent.
751 2046 821 2088 An
859 2059 960 2088 vero
1007 2050 1105 2089 hinc
1139 2050 1274 2090 Fabio

398 2122 651 2162 cognomen,
681 2112 790 2164 quod
824 2124 948 2152 sacra
976 2112 1105 2153 dorso
1135 2126 1185 2154 ac
1203 2114 1276 2153 hu·

396 2174 525 2214 meris
567 2186 644 2226 per
682 2175 866 2214 hostium
913 2181 1058 2216 castra
1095 2177 1275 2218 tulerit?

396 2237 521 2288 Pigh.

450 2301 628 2352 Namque
650 2299 791 2351 Gallis,
809 2300 897 2352 ἐξα]
939 2302 1113 2343 Scilicet
1145 2303 1276 2343 Seno-

395 2362 534 2404 nibus.

451 2424 710 2477 Capitolium]
758 2426 1017 2476 Capitolium
1053 2427 1095 2466 in
1130 2433 1274 2468 monte

393 2489 577 2540 Tarpeio
597 2489 739 2539 situm,
756 2489 1134 2539 Superbimaxime
1154 2503 1274 2542 opus.

394 2551 521 2593 Quod
538 2549 602 2588 his
616 2549 707 2590 fere
729 2550 869 2590 verbis
886 2550 1094 2590 describit
1115 2552 1275 2602 Diony-

391 2613 505 2653 sius:
533 2615 545 2636 ‘
566 2613 704 2653 Situm
740 2618 808 2653 est
836 2613 879 2652 in
912 2615 998 2652 alta
1030 2614 1273 2665 crepidine,

391 2676 610 2728 habetque
646 2676 689 2715 in
723 2676 883 2716 ambitu
905 2677 1189 2728 octojugera,
1209 2678 1272 2717 sic

391 2744 441 2780 ut
477 2740 615 2779 latera
651 2739 820 2790 singula
855 2740 1134 2780 ducentorum
1179 2741 1272 2780 fere

392 2801 550 2854 pedum
571 2802 671 2852 sint,
688 2802 842 2853 exigua
863 2802 1100 2843 latitudinis
1121 2810 1167 2843 et
1181 2804 1271 2843 lon-

393 2864 603 2916 gitudinis
636 2862 899 2915 differentia,
933 2865 1010 2904 nisi
1044 2866 1155 2918 quod
1189 2866 1272 2906 ista

389 2928 509 2968 illam
547 2928 682 2967 vincit
718 2928 789 2967 vix
824 2928 1006 2979 pedibus
1035 2929 1271 2980 quindenis.

391 2992 490 3033 Qua
510 2996 633 3042 parte
651 2989 768 3029 frons
788 2990 881 3041 ejus
908 2991 1128 3030 meridiem
1148 3004 1268 3042 spec-

391 3058 473 3100 tat,
493 3052 655 3104 triplici
689 3052 975 3091 columnarum
1007 3052 1156 3092 ordine
1189 3054 1266 3093 cir-

390 3115 690 3167 cumcingitur,
705 3114 759 3154 ab
771 3115 862 3154 aliis
874 3115 1079 3155 lateribus
1093 3116 1270 3167 duplici.

390 3180 445 3220 In
465 3180 557 3230 ipso
591 3185 691 3218 sunt
721 3184 809 3217 tres
834 3178 954 3217 cellae
975 3191 1028 3218 ex
1049 3178 1215 3230 ordine,
1244 3193 1269 3219 a

389 3242 595 3282 lateribus
612 3241 905 3280 communione
923 3242 1134 3292 parietum
1154 3242 1268 3282 clau-

391 3318 469 3355 sae,
501 3305 641 3343 media
659 3310 725 3344 est
743 3304 884 3354 JoviS‚
905 3305 1104 3356 utrinque
1133 3306 1268 3345 altera

390 3369 588 3414 Junonis,
610 3369 747 3407 altera
774 3368 1000 3418 Minervae,
1016 3368 1098 3407 sub
1115 3369 1267 3408 eodem

391 3434 601 3487 Laqueari,
648 3433 884 3485 eodemque
933 3431 1085 3472 tecto.'
1157 3432 1268 3473 Haec

389 3498 595 3538 hactenus
610 3495 856 3547 Dionysius.
912 3495 1173 3548 Capitolium
1193 3507 1266 3536 au-

999 287 1175 326 NO'I'AE
1217 285 1544 326 VARIORUM
1591 286 1656 325 IN

1353 413 1438 447 tem
1460 408 1521 447 ita
1539 407 1765 457 vocabant,
1783 418 1907 460 quam
1929 406 2075 447 Graeci
2095 405 2229 460 ἄκραν,

1352 470 1464 523 quod
1481 477 1595 510 esset
1615 470 1759 523 κορυφὴ
1776 471 1847 517 τῆς
1862 469 2025 510 πόλεως.
2078 470 2140 510 At
2167 470 2230 510 fa-

1350 533 1450 573 bula
1465 534 1617 584 capitis
1650 534 1811 574 inventi
1846 534 1896 572 ad
1920 533 2057 585 gentis
2077 533 2230 574 nobili·

1351 600 1500 636 tatem.
1555 596 1795 646 Capitolium
1827 607 1930 647 ergo
1961 597 2114 637 Latina
2131 609 2230 647 vox,

1349 664 1399 698 ut
1431 659 1667 709 Pergamus
1706 658 1748 697 in
1781 658 1986 710 Phrygia.
2032 658 2228 709 Scaliger.

1348 722 1420 762 De
1452 720 1544 772 ejus
1577 719 1895 771 magnificentia
1927 731 2011 759 non
2037 723 2143 772 opus
2161 724 2230 761 est

1349 784 1483 823 multa
1498 782 1683 823 adferre.
1738 783 1788 822 In
1819 783 1892 822 illo
1910 782 2129 835 Tarquinii
2147 782 2230 823 Ca·

1351 846 1498 897 pitolio
1514 845 1710 897 primitus
1730 857 1850 886 aenea
1867 850 1990 884 erant
2006 845 2168 896 limina,
2183 850 2229 885 et

1351 911 1478 950 trium
1511 921 1750 950 mensarum
1786 913 1997 961 argentea
2033 920 2136 948 vasa
2182 908 2226 948 in

1348 975 1460 1014 cella
1494 975 1630 1025 Jovis,
1669 975 1912 1026 Jovemque
1955 974 1997 1013 in
2043 974 2227 1013 culmine

1350 1049 1446 1076 cum
1482 1037 1702 1090 quadrigis
1732 1037 1872 1076 aureis
1902 1036 2050 1076 aediies
2077 1047 2227 1088 posue·

1348 1106 1462 1141 rant.
1537 1102 1646 1141 Post
1682 1100 1986 1151 Carthaginem
2035 1111 2224 1139 eversam

1349 1164 1567 1216 laquearia
1588 1165 1778 1204 inaurata
1799 1163 1988 1204 fuerunt.
2045 1163 2225 1203 Catulus

1349 1234 1492 1267 autem
1510 1229 1677 1280 tegulas
1697 1240 1828 1267 aereas
1857 1226 2083 1266 inauravit.
2137 1226 2225 1266 Suo

1348 1296 1539 1343 tempore
1552 1291 1593 1330 in
1610 1291 1915 1331 inaurationem
1931 1290 2062 1330 solam
2079 1293 2225 1330 12000.

1347 1354 1510 1393 talenta
1545 1354 1738 1406 impensa
1770 1353 1907 1393 refert
1954 1352 2227 1398 Plutarchus,

1345 1416 1389 1455 id
1408 1421 1490 1467 est,
1511 1423 1658 1457 nostra
1689 1415 2025 1468 computatione,
2057 1420 2224 1466 septem

1344 1480 1568 1519 muliones.
1594 1480 1705 1531 Lips.
1763 1479 1900 1519 Recte
1933 1478 2080 1531 itaque
2114 1477 2225 1517 dixit

1343 1542 1576 1594 Virgilius:
1621 1543 1769 1583 ‘Hinc
1801 1542 1855 1582 ad
1892 1542 2121 1594 Tarpeiam
2158 1553 2224 1582 se-

1343 1605 1455 1657 dem,
1473 1610 1519 1645 et
1538 1605 1752 1657 Capitolia
1774 1604 1908 1656 ducit,
1928 1603 2075 1644 Aurea
2094 1615 2225 1655 nuuc,

1342 1668 1442 1708 olim
1463 1669 1744 1720 sylvestribus
1763 1668 1936 1708 horrida
1955 1667 2125 1707 dumis!

1396 1733 1532 1773 Fabioe
1558 1731 1709 1783 gentis]
1757 1730 2069 1783 Antiquissima
2100 1741 2221 1782 gens,

1339 1810 1436 1850 quae
1456 1798 1508 1837 ad
1530 1797 1788 1849 Aborigines
1818 1797 1976 1848 primos
2004 1795 2119 1835 Latii
2145 1806 2220 1845 po-

1341 1862 1463 1913 pulos
1478 1861 1684 1913 originem
1705 1857 1858 1908 refert,
1875 1857 2050 1909 stirpem
2067 1855 2119 1896 ad
2139 1856 2219 1900 Fa-

1339 1923 1455 1963 bium
1479 1924 1681 1963 Herculis
1699 1921 1850 1973 filium,
1882 1927 1927 1960 ut
1948 1919 2099 1960 scribit
2118 1919 2219 1959 Piu-

1340 1988 1509 2028 tarchus
1546 1987 1590 2026 in
1631 1986 1839 2026 Maximo.
1909 1985 2048 2024 Fuere
2087 1983 2129 2023 in
2167 1994 2219 2022 ea

1339 2055 1484 2100 gente,
1515 2049 1732 2100 Vibulani‚
1765 2047 1985 2097 Ambusti,
2021 2046 2217 2097 Maximi,

1339 2111 1570 2163 Pictores3
1612 2111 1780 2152 addidit
1822 2117 1868 2150 et
1905 2109 2125 2151 Labeones
2162 2121 2217 2149 ex

1338 2174 1525 2227 antiquis
1545 2174 1733 2214 denariis
1754 2174 1804 2214 F.
1824 2174 2023 2213 Ursinus.

1395 2239 1460 2279 Ne
1488 2244 1636 2280 statum
1666 2239 1804 2279 Fabiae
1833 2237 1967 2290 gentis
1982 2236 2216 2291 sacrificinm

1336 2302 1706 2354 interrumperetur]
1762 2302 1831 2341 Sic
1865 2301 1992 2341 etiam
2028 2298 2215 2340 Atreba-

1338 2367 1473 2406 tensis
1494 2365 1666 2416 collegii
1693 2365 1777 2405 Ms.
1795 2362 1958 2404 Codex.
2015 2362 2122 2403 Quae
2142 2372 2216 2400 an-

1337 2429 1455 2482 tiqua
1488 2428 1621 2468 lectio
1652 2428 1822 2467 videtur
1851 2438 1962 2476 esse,
1993 2435 2216 2465 remanens

1336 2492 1439 2531 item
1459 2491 1501 2530 in
1523 2490 1844 2531 Gemblacensi.
1883 2489 2003 2529 Stata
2020 2488 2215 2541 sacrifloia

1335 2559 1466 2594 vocat
1484 2554 1653 2601 Festus,
1681 2565 1777 2605 quae
1798 2551 1931 2591 certis
1951 2551 2101 2590 diebus
2119 2550 2213 2590 fieri

1334 2616 1511 2667 debent,
1525 2616 1717 2667 citatque
1737 2615 1800 2654 M.
1819 2614 2000 2655 Catonis
2022 2613 2150 2654 verba
2169 2614 2212 2653 in

1338 2680 1387 2719 L.
1407 2679 1653 2729 Veturium,
1672 2690 1768 2718 cum
1805 2676 1844 2716 ei
1871 2689 2026 2729 equum
2047 2678 2211 2717 Censor

1332 2741 1558 2792 adimeret,
1573 2753 1666 2781 cum
1685 2739 1792 2779 dicit
1810 2753 1820 2778 ε
1849 2740 1861 2761 ‘
1877 2739 2003 2780 Quod
2019 2744 2080 2788 tu,
2095 2738 2211 2791 quod

1332 2804 1375 2844 in
1396 2809 1441 2844 te
1456 2803 1551 2854 fuit,
1570 2815 1690 2843 sacra
1710 2807 1823 2841 stata
1838 2801 2045 2851 solennia,
2065 2801 2213 2852 capite

1333 2874 1482 2907 sancta
1501 2863 1758 2906 deseruisti..’
1814 2862 1939 2905 Quod
1958 2862 2210 2904 vocabulum

1333 2935 1379 2969 et
1413 2930 1532 2970 Livio
1566 2927 1736 2968 restitui
1768 2926 1930 2978 poterit
1959 2925 2031 2965 ubi
2055 2925 2110 2965 de
2130 2926 2208 2967 hac

1333 2993 1484 3032 eadem
1504 3004 1550 3031 re
1568 2991 1715 3031 scribit
1734 2990 1809 3055 lib7
1829 3001 1873 3029 v.
1892 2989 2210 3042 legendumque

1332 3056 1416 3095 ita:
1444 3055 1456 3077 ‘
1470 3053 1733 3094 Sacrificium
1755 3057 1849 3092 erat
1868 3057 2025 3092 statum
2044 3051 2087 3091 in
2105 3053 2214 3095 Qui-

1332 3117 1458 3157 rinali
1478 3117 1586 3156 colle
1606 3115 1749 3154 Fabiae
1768 3113 1915 3166 genti.’
1940 3114 2126 3164 Pighius.

1389 3180 1545 3219 Gabino
1563 3179 1667 3229 ritu]
1704 3177 1920 3216 Videlicet
1940 3181 2042 3228 toga
2060 3176 2104 3216 in
2123 3182 2207 3216 ter-

1332 3255 1430 3295 gum
1467 3243 1627 3293 rejecta
1661 3239 1737 3279 sub
1769 3240 1946 3290 lacerto,
1975 3240 2038 3279 ita
2073 3245 2121 3279 ut
2153 3240 2207 3279 ad

1331 3307 1550 3345 dexteram
1572 3308 1735 3354 partem
1757 3302 1948 3341 laciniam
1969 3303 2205 3351 traherent,

1331 3374 1376 3408 et
1397 3368 1474 3407 sub
1498 3373 1617 3406 veste
1637 3365 1851 3404 exteriore
1871 3364 2037 3404 laciniae
2056 3376 2204 3406 manus

1329 3431 1486 3471 dextra
1522 3435 1764 3470 teneretur:
1812 3427 1892 3468 hoc
1924 3426 2083 3467 factum
2120 3436 2202 3479 est,

1329 3495 1429 3548 quia
1460 3505 1554 3534 cum
1583 3491 1744 3533 Gabini
1772 3502 1892 3531 sacra
1920 3490 2206 3544 celebrarent,
