2320 4004
551 330 807 371 VAcnuu
850 328 1089 368 ΜΑΧῙΜΙ
1137 328 1368 368 mn.1v.
1408 328 1539 367 cAP.
1566 315 1616 367 2.

179 463 353 496 numero
371 453 424 492 de
453 449 689 503 republica,
720 453 765 489 et
793 448 884 499 ejus
912 457 1056 498 causa,

179 519 291 558 sicut
309 517 415 557 etin
450 514 559 564 aliis,
592 512 716 552 amici
749 523 832 551 non
864 510 1056 552 fuerunt.

178 583 242 622 Ea
258 580 447 621 simultas
466 589 561 617 cum
579 576 650 616 diu
666 575 909 625 mansisset,
926 581 971 615 et
990 587 1055 615 so-

177 642 292 683 lenni
332 641 404 681 die
457 640 556 681 Jovi
610 639 783 691 epulum
830 638 1055 689 libaretur,

176 709 304 758 atque
337 704 380 744 id
415 704 470 743 ob
509 701 762 743 sacrificium
794 702 976 742 Senatus
1012 701 1054 740 in

176 767 394 820 Capitolio
439 766 707 818 epularetur,
751 763 839 805 fors
873 763 970 816 fuit,
1008 769 1056 804 ut

175 830 289 884 apud
308 831 487 885 eandem
515 842 704 870 mensam
725 830 809 870 duo
826 829 888 869 illi
914 829 1055 881 juncti

172 895 447 935 locarentur:
480 899 570 934 tum
600 893 722 946 quasi
758 893 854 932 Diis
885 892 1054 932 immor-

173 958 332 998 talibus
352 957 527 998 arbitris
546 957 587 996 in
608 955 806 996 convivio
826 956 854 997 J
859 956 948 995 ovis
964 957 1055 1007 op-

173 1020 266 1060 timi
296 1020 482 1060 Maximi
514 1021 688 1059 dextras
722 1030 867 1058 eorum
897 1020 1054 1059 condu-

174 1081 390 1134 centibus,
426 1087 607 1134 repente
653 1075 896 1121 amicissimi
932 1080 1053 1132 facti,

173 1157 314 1198 neque
355 1147 489 1186 solum
526 1144 716 1184 amicitia
745 1145 934 1197 incepta,
976 1145 1053 1185 sed

174 1207 357 1250 affinitas
402 1208 526 1248 simul
570 1208 782 1249 instituta.
851 1209 964 1248 Nam
1000 1209 1052 1248 P.

171 1271 316 1324 Scipio
351 1269 484 1310 filiam
521 1270 728 1322 virginem
770 1270 932 1310 habens
959 1271 1052 1323 jam

174 1333 264 1374 viro
295 1339 522 1384 maturam,
550 1332 610 1373 ibi
648 1339 737 1373 tum
771 1333 923 1374 eodem
958 1335 1052 1374 loco

174 1397 405 1449 despondit
453 1408 548 1436 eam
606 1396 781 1436 Tiberio
841 1397 1053 1448 Graccho,

174 1471 300 1512 quam
320 1459 580 1512 probaverat
603 1460 882 1512 elegeratque
901 1461 1051 1512 explo-

172 1523 388 1564 ratissimo
399 1523 556 1575 judicii
577 1528 782 1575 tempore,
802 1523 901 1563 dum
915 1524 1052 1564 inimi-

173 1597 249 1626 cus
267 1593 395 1627 esset.
452 1586 596 1626 Livius
617 1586 671 1626 de
693 1587 816 1626 Bello
846 1587 1050 1628 Macedo-

171 1651 270 1691 nico
307 1650 382 1690 lib.
407 1661 510 1691 vm.
539 1662 687 1702 parum
716 1656 914 1691 constare
943 1651 1053 1692 dicit

171 1714 286 1753 inter
318 1718 533 1764 auctores,
567 1718 710 1752 utrum
740 1718 840 1764 post
868 1719 1050 1755 mortem

171 1776 308 1828 patris
327 1775 588 1828 desponsata
606 1776 756 1828 fuerit,
774 1783 819 1818 et
851 1779 1050 1830 nupserit

169 1838 258 1879 filia
273 1838 710 1892 Africani-Graccho,
745 1853 797 1881 an
818 1854 931 1882 verae
960 1843 1048 1884 illae

171 1902 393 1953 opiniones
430 1905 531 1956 sint,
573 1905 833 1957 Gracchum,
870 1918 968 1947 cum
1004 1908 1049 1947 L.

169 1965 316 2018 Scipio
359 1968 404 2008 in
450 1968 620 2009 vincula
664 1969 913 2021 duceretur,
967 1982 1049 2011 nec

169 2029 391 2083 quisquam
414 2032 697 2084 »collegarum
734 2034 891 2073 auxilio
921 2039 1050 2085 esset,

162 2092 335 2145 jurasse
355 2095 437 2136 sibi
457 2095 703 2136 inimicitias
723 2108 818 2136 curn
837 2097 1049 2148 Scipioni-

168 2155 247 2197 bus
265 2169 455 2211 manere,
475 2169 556 2199 nec
572 2171 617 2199 se
635 2159 786 2211 gratiae
804 2159 1048 2211 quaerendae

170 2231 297 2261 causa
315 2221 541 2275 quicquam
560 2221 730 2272 facere3
760 2223 833 2262 sed
860 2223 902 2262 in
923 2235 1047 2275 quem

171 2294 389 2324 carcerem
408 2297 533 2338 reges
553 2286 920 2338 ‹at-Imperatores
953 2287 1049 2325 hos-

170 2346 279 2386 tium
316 2347 544 2388 ducentem
591 2349 771 2389 vidisset
808 2350 859 2390 P.
878 2348 1049 2390 Africa-

168 2421 286 2460 num,
306 2410 350 2450 in
370 2423 465 2451 eum
500 2410 679 2452 fratrem
700 2413 797 2464 ejus
831 2413 929 2453 duci
964 2425 1046 2453 non

170 2483 410 2522 passurum.
482 2474 685 2514 Senatum
730 2486 783 2513 eo
817 2475 887 2513 die
933 2474 1047 2515 forte

169 2542 408 2576 coenantem
427 2537 470 2576 in
485 2537 698 2589 Capitolio
717 2539 1048 2590 consurrexisse,

169 2604 216 2638 et
234 2599 425 2650 petiisse,
451 2605 499 2640 ut
528 2601 644 2640 inter
675 2601 824 2652 epulas
845 2602 1045 2643 Graccho

165 2659 297 2701 filiam
333 2662 637 2714 desponderet.
708 2664 876 2706 Quibus
909 2666 970 2705 ita
1002 2667 1043 2705 in

165 2723 383 2774 publicum
427 2726 602 2766 solenne
649 2728 917 2778 sponsalibus
960 2730 1043 2770 rite

165 2785 306 2839 factis,
334 2800 437 2829 ,cum
485 2801 532 2829 se
572 2790 742 2830 domurn
788 2792 1042 2844 recepisset,

164 2850 410 2903 Scipionem
430 2853 609 2892 AEmiliae
642 2854 764 2894 uxori
785 2854 959 2907 dixisse,
992 2857 1042 2896 fi-

165 2914 267 2954 liam
287 2927 334 2954 se
365 2916 570 2955 minorem
602 2916 905 2969 despondisse;
943 2932 1057 2960 cum·

166 2978 434 3019 muliebriter
460 2979 802 3031 indignabunda,
844 2983 947 3022 nihil
986 2983 1039 3023 de

165 3040 380 3080 communi
409 3040 500 3081 filia
518 3054 663 3082 secum
683 3046 1039 3087 communicatum

164 3109 238 3144 aut
256 3105 544 3144 consultatum
560 3105 804 3157 adjecisset,
824 3119 907 3148 non
926 3110 962 3149 si
991 3111 1039 3152 T.

165 3166 363 3208 Graccho
382 3167 523 3220 daret,
540 3175 762 3220 expertem
779 3172 946 3211 consilii
965 3172 1039 3214 de-

163 3229 306 3271 buisse
326 3237 507 3271 matrem
535 3243 654 3282 esse;
695 3234 842 3273 laetum
875 3235 1037 3287 Scipio-

166 3304 264 3333 nem
300 3298 386 3334 tam
424 3295 627 3334 concordi
661 3296 843 3348 judicio,
875 3304 921 3337 et
956 3300 1038 3351 ipsi

166 3354 418 3407 desponsam
452 3360 739 3410 respondisse.
809 3363 952 3414 Scipio
983 3377 1038 3404 ex

166 3417 328 3458 duabus
368 3420 552 3473 filiabus,
594 3423 799 3474 majorem
843 3430 948 3465 natu
981 3426 1035 3467 P.

166 3479 364 3522 Cornelio
377 3482 779 3533 Nasicae,minorem
793 3487 890 3528 huic
905 3488 1038 3529 Grac·

167 3543 246 3583 cho
263 3543 508 3594 despondit.
539 3548 690 3590 Oliver.
731 3595 733 3597 ,

274 3609 416 3662 Delph.
432 3614 469 3650 et
496 3612 586 3652 Var.
604 3614 709 3654 clas.

946 3618 1033 3658 Val.
1054 3619 1136 3658 Ma.
1149 3648 1167 3659 ·.

1856 311 1996 368 1137

1173 448 1324 487 Mensae
1343 446 1472 498 sacra]
1519 447 1617 487 Mos
1651 455 1814 484 annuus
1852 447 1897 483 et
1930 456 1995 483 so·=

1118 511 1253 550 lennis
1275 517 1367 551 erat
1386 512 1548 561 Romae,
1577 515 1625 548 ut
1644 508 1783 560 epnlae
1811 507 1932 548 Jovis
1953 508 1997 546 iu

1121 573 1336 624 Capitolio
1363 573 1705 621 celebrarentur,
1727 581 1810 623 quo
1840 569 1998 620 princi-

1119 647 1195 686 pes
1228 636 1535 675 convenientes
1572 628 1917 684 discumbebant,
1949 637 1995 672 et

1103 700 1421 752 ‚epulabantun
1451 700 1572 740 Idem.

1172 761 1343 802 Auctore
1363 762 1531 814 Senatu]
1561 763 1613 803 Id
1647 768 1728 814 est,
1764 760 2007 803 interveni--

1119 833 1220 867 ente
1242 827 1474 868 autoritate
1493 829 1694 879 Senatus,
1725 828 1797 880 qui
1827 838 1916 876 eos,
1949 831 1997 865 ut

1119 890 1518 941 reconciliarentur,
1557 892 1684 941 epulo
1709 891 1832 930 simul
1863 891 1997 930 inter-

1118 965 1213 992 esse
1235 953 1381 992 voluit.
1412 953 1584 992 Badius.

1172 1018 1240 1068 §4
1268 1016 1347 1056 Sed
1378 1016 1533 1066 hujusce
1566 1018 1723 1066 generis
1755 1016 1997 1069 humanitas]

1117 1079 1271 1120 Cicero
1323 1080 1510 1120 Gabinio
1545 1081 1814 1120 conciliatur.
1880 1080 1996 1119 Huic

1117 1143 1304 1183 Gabinio
1332 1144 1486 1183 Cicero
1528 1143 1769 1193 restiterat,
1808 1154 1861 1181 ne
1897 1155 1992 1193 sup-

1115 1206 1292 1258 plicatio
1323 1205 1649 1257 decerneretur,
1677 1206 1731 1246 ob
1757 1217 1824 1245 res
1853 1212 1995 1258 gestas

1114 1271 1158 1309 in
1177 1270 1318 1322 Syria,
1349 1274 1398 1310 ut
1427 1282 1480 1309 ex
1500 1269 1593 1321 ipso
1615 1269 1820 1309 Cicerone
1839 1270 1993 1320 depre-

1113 1333 1313 1374 henditur
1351 1333 1406 1373 ad
1447 1332 1543 1373 Att.
1589 1333 1661 1385 qui
1706 1333 1787 1372 hoc
1825 1334 1990 1385 inquit:

1118 1400 1131 1421 ‘
1147 1400 1329 1452 Nequeo
1350 1397 1525 1439 differre
1541 1398 1594 1437 ad
1607 1398 1711 1438 Idus
1726 1398 1878 1438 Maias.
1919 1398 1995 1437 Se-

1115 1469 1240 1503 natus
1274 1462 1440 1502 divinus
1478 1461 1561 1502 fuit
1592 1463 1634 1500 in
1672 1461 1991 1513 supplicatione

1115 1526 1302 1566 Gabinio
1336 1525 1614 1579 deneganda!
1685 1525 1816 1564 Hunc
1847 1529 1993 1563 autem

1115 1589 1346 1630 Gabinium
1378 1601 1475 1630 cum
1506 1589 1657 1629 Clodio
1691 1593 1842 1628 contra
1874 1588 1996 1628 Cice-

1115 1664 1258 1692 ronem
1299 1653 1482 1692 sensisse
1527 1651 1820 1704 intelligimus,
1865 1663 1992 1703 quern

1113 1721 1264 1768 postea
1296 1721 1540 1768 revocatus,
1570 1715 1776 1767 depositis
1811 1714 1993 1754 inimici-

1112 1780 1202 1831 tiis,
1228 1780 1380 1821 Cicero
1409 1779 1621 1821 defendit.
1677 1780 1837 1819 Fuerat
1852 1783 1993 1818 autem

1113 1843 1357 1895 majestatis
1378 1845 1618 1896 postulatus
1638 1855 1664 1883 a
1688 1843 1872 1883 Lentulo
1900 1843 1993 1881 Fla-

1113 1907 1236 1947 minis
1268 1907 1370 1960 filio,
1396 1920 1523 1961 quem
1554 1913 1706 1959 postea
1742 1906 1796 1946 de
1824 1906 1993 1958 ambitu

1113 1971 1156 2010 in
1193 1971 1402 2023 petitione
1446 1971 1691 2012 consulatus
1733 1981 1852 2009 reum
1886 1968 1991 2009 fecit

1112 2035 1165 2075 P.
1186 2035 1317 2087 Sylla.
1389 2035 1473 2075 Sed
1515 2041 1640 2074 vetus
1683 2039 1779 2074 erat
1816 2033 1992 2075 Gabinii

1112 2110 1207 2138 cum
1237 2099 1446 2139 Cicerone
1478 2098 1702 2138 inimicitia
1732 2097 1787 2137 ob
1819 2097 1991 2136 damna-

1113 2167 1250 2201 torum
1280 2162 1520 2213 supplicia:
1570 2162 1683 2201 inter
1719 2173 1824 2213 quos
1857 2160 1992 2200 Gabi-

1112 2223 1207 2262 nius
1243 2223 1420 2275 quidam
1459 2222 1616 2275 fuerat,
1661 2223 1787 2274 liujus
1816 2222 1989 2262 Gabinii

1110 2287 1387 2339 propinquuS.
1446 2287 1655 2326 Gabinius
1689 2287 1760 2325 ille
1793 2286 1990 2336 conjura·

1111 2349 1236 2389 tionis
1274 2350 1538 2389 Catilinariae
1577 2348 1772 2388 conscius
1803 2348 1988 2388 traditus

1110 2410 1252 2452 fuerat
1271 2413 1428 2453 Crasso
1457 2412 1786 2452 custodiendus:
1830 2412 1882 2449 de
1903 2423 1987 2462 quo

1110 2480 1260 2526 postea
1278 2488 1373 2516 cum
1391 2476 1559 2516 caeteris
1576 2475 1830 2527 supplicium
1846 2487 1988 2526 sump-

1110 2542 1198 2578 tum
1228 2545 1309 2579 est.
1367 2539 1441 2578 vDe
1477 2539 1558 2579 hac
1589 2543 1731 2578 autem
1763 2538 1989 2578 inimicitia

1108 2602 1254 2642 multis
1275 2602 1317 2641 in
1347 2603 1451 2643 locis
1483 2602 1596 2655 apud
1630 2603 1882 2642 Ciceronem
1911 2615 1985 2643 no-

1109 2668 1171 2707 bis
1191 2667 1338 2708 videre
1370 2669 1487 2717 licet,
1520 2668 1595 2708 sed
1626 2668 1817 2719 inprimis
1848 2667 1891 2706 in
1923 2668 1984 2708 0-

1107 2731 1272 2771 ratione
1310 2731 1362 2770 de
1383 2731 1616 2783 gratiarum
1649 2731 1834 2782 actione,
1855 2743 1982 2784 quam

1107 2794 1162 2834 ad
1197 2795 1402 2846 populum
1429 2795 1596 2845 habuit,
1626 2794 1716 2834 sive
1760 2795 1814 2835 ad
1854 2798 1982 2836 sena-

1106 2863 1212 2909 tum,
1248 2858 1323 2898 ubi
1354 2859 1415 2898 ait
1450 2859 1629 2899 Cicero:
1673 2859 1823 2899 ‘Tune
1853 2872 1980 2899 ausus

1103 2921 1187 2961 isto
1217 2922 1358 2972 oculo,
1395 2934 1479 2962 non
1519 2922 1658 2962 dicam
1693 2923 1861 2972 auimo;
1907 2924 1981 2963 illa

1101 2982 1260 3035 fronte,
1293 2985 1528 3035 non'vita3
1576 2991 1698 3025 tanto
1736 2986 1982 3038 supercilio,

1100 3059 1186 3087 non
1199 3047 1311 3087 enim
1330 3061 1498 3100 possum
1513 3049 1661 3089 dicere
1679 3049 1810 3089 tantis
1830 3050 1978 3101 gestis,

1102 3123 1196 3151 cum
1216 3110 1403 3152 Gabinio
1422 3112 1669 3154 consociare
1686 3112 1862 3152 consilia
1883 3125 1981 3163 pes-

1101 3174 1156 3214 tis
1186 3174 1346 3214 meae?'
1402 3176 1472 3215 De
1502 3175 1849 3216 reconciliatione
1875 3187 1975 3214 vero

1101 3250 1152 3277 ac
1171 3236 1420 3278 defensione
1440 3239 1573 3278 multa
1592 3239 1737 3278 videre
1754 3249 1974 3289 possumus

1098 3300 1141 3338 in
1157 3300 1353 3352 epistola,
1366 3314 1490 3353 quam
1509 3302 1560 3341 ad
1581 3302 1805 3346 Lentulum
1824 3300 1976 3349 scribit

1098 3362 1170 3403 lib.
1189 3375 1222 3402 1.
1243 3363 1315 3403 ubi
1338 3365 1544 3404 Lentulus
1565 3377 1619 3404 ex
1632 3365 1839 3403 Cicerone
1860 3375 1973 3414 quae-

1097 3425 1202 3465 sisse
1221 3425 1406 3477 videtur,
1432 3438 1560 3478 quare
1579 3425 1807 3465 Gabinium
1824 3423 1972 3465 defen-

1098 3489 1210 3528 derit
1224 3495 1269 3528 et
1285 3489 1481 3529 laudarit.
1513 3489 1657 3528 Oliver.

1151 3552 1331 3603 Idemque
1352 3554 1404 3593 P.
1432 3552 1651 3604 Vatinium]
1687 3552 1838 3593 Cicero
1873 3563 1969 3592 cum

1774 3616 1863 3660 4C
