2320 4004
331 263 472 316 1130

329 394 384 432 tis
416 393 712 446 superbusque
729 393 841 432 visus
859 398 939 443 est,
958 393 1068 444 quod
1090 392 1197 431 Con·

329 456 488 496 sulibus
523 456 865 508 Praetoribusque
899 456 1063 495 obviam
1100 468 1197 508 pro-

329 518 635 569 gredientibnS,
664 531 801 571 neque
826 518 1099 569 substitisset,
1123 532 1198 560 ne-

329 594 411 634 que
427 594 592 622 currum
610 583 869 634 retinuisset,
883 595 961 622 nec
982 584 1023 622 in
1039 589 1199 623 terram

329 646 384 684 ad
416 657 487 685 eos
512 646 820 698 descendisset,
841 646 915 686 sed
939 659 1199 698 progressus,

330 721 414 748 non
450 709 565 760 prius
601 709 848 760 destitisset,
881 723 1002 762 quam
1022 711 1198 750 classem

331 772 375 811 in
410 772 575 811 navalia
603 772 875 823 conjecisset,
901 784 1027 825 quum
1057 779 1199 812 tamen

330 841 552 885 argentum
617 847 695 886 per
751 834 887 875 forum
942 842 1200 888 portaretur.

330 895 580 936 Admiratus
641 904 708 937 est
766 899 943 950 populus
991 900 1202 938 Romanus

331 965 492 999 tantam
537 961 902 1011 magnitudinem;
949 967 995 1002 et
1020 962 1201 1001 Senatus

334 1028 432 1074 post
449 1024 603 1063 multas
618 1025 797 1064 Catonis
831 1025 980 1064 laudes
1012 1024 1204 1064 decrevit

333 1087 373 1125 ei
394 1092 622 1137 praeturam
641 1091 765 1126 extra
778 1086 983 1138 ordinem,
1010 1093 1055 1126 et
1085 1086 1204 1126 ludos

334 1148 544 1200 inspicere
566 1162 781 1201 purpurea
801 1156 936 1200 veste,
965 1162 1056 1202 quae
1076 1150 1206 1189 Sena-

333 1216 403 1250 tns
431 1211 604 1251 decreta
632 1214 722 1264 ipse
739 1213 992 1265 deprecatus
1013 1219 1091 1253 est.
1122 1213 1206 1251 Oli·

335 1286 416 1317 ver.

390 1340 599 1379 Praetoriz‘s
624 1340 809 1392 comitiis]
836 1341 1002 1382 Quibus
1038 1340 1209 1379 Praetor

334 1407 553 1442 crearetur
572 1409 696 1443 extra
730 1403 935 1453 ordinem,
964 1409 1013 1443 ut
1044 1402 1209 1442 scilicet

337 1465 400 1505 sic
413 1472 579 1504 creatus
592 1466 761 1506 Praetor
777 1466 829 1506 ab
838 1478 965 1506 onere
979 1465 1207 1506 reddendae

337 1527 515 1567 rationis
533 1528 762 1568 levaretur.

393 1590 509 1635 Quod
533 1590 631 1629 nulli
652 1590 723 1630 aliz·
741 1589 995 1642 tribueretur]
1021 1592 1079 1631 Ut
1098 1590 1209 1631 scili-

339 1658 413 1692 eet
429 1664 513 1692 non
531 1666 606 1693 suo
626 1665 736 1694 anno
755 1660 829 1694 aut
847 1655 959 1704 loco,
985 1654 1061 1693 sed
1088 1659 1213 1693 extra

340 1716 531 1756 ordinem
550 1716 720 1756 Praetor
735 1721 984 1765 crearetur;
1013 1728 1108 1755 nam
1139 1727 1213 1767 per

340 1784 483 1818 certos
530 1778 682 1829 gradus
722 1779 775 1818 ad
819 1791 1001 1819 summos
1034 1780 1214 1820 honores

342 1841 687 1893 perveniebatur,
714 1854 821 1895 quos
854 1842 925 1894 qui
958 1854 1041 1881 non
1071 1842 1214 1882 obser-

341 1904 517 1955 vahant,
547 1910 670 1944 extra
702 1903 893 1946 ordinem
930 1904 1069 1944 creari
1101 1905 1215 1945 dice-

342 1970 516 2011 bantur.
546 1971 708 2011 Badius.

402 2034 683 2086 Campestrem]
728 2033 887 2085 Populi
924 2033 1118 2083 Romani,
1145 2033 1216 2086 qui

346 2096 389 2136 in
410 2109 559 2149 campo
579 2097 739 2137 Martio
760 2095 958 2148 suffragia
976 2096 1119 2137 dabat.

400 2161 424 2211 ς
444 2164 492 2199 15
523 2162 587 2200 Ad
605 2165 767 2200 externa
787 2159 877 2208 jam
906 2160 1003 2199 mihi
1025 2160 1218 2212 exempla]

345 2222 519 2263 Marcus
537 2223 714 2263 Bibulus
742 2224 794 2263 de
814 2223 1061 2264 Gabinianis
1077 2225 1219 2264 militi-

346 2286 425 2327 bns
461 2299 487 2326 a
525 2287 756 2338 Cleopatra
793 2287 927 2326 missis
966 2287 1220 2339 supplicium

347 2361 516 2389 sumere.
534 2350 688 2400 noluit,
709 2362 835 2401 quum
857 2349 959 2389 duos
977 2351 1090 2389 illius
1115 2349 1222 2390 filios

350 2424 428 2464 per
473 2413 729 2454 seditionem
784 2413 1071 2463 occidissent;
1126 2427 1223 2454 nam

351 2476 524 2517 Marcus
556 2476 732 2516 Bibulus
764 2477 807 2515 in
845 2477 968 2528 Syria
1005 2478 1226 2529 provincia

353 2539 452 2579 dum
479 2546 609 2588 esset,
626 2540 759 2580 Aulus
772 2541 980 2581 Gabinius
993 2542 1229 2582 Proconsul

357 2603 638 2641 Ptolemaeum
665 2603 850 2654 reduxit,
868 2616 979 2644 caeso
1005 2604 1230 2655 Archelao,

357 2675 453 2703 cum
474 2664 687 2704 Beronice
718 2666 944 2706 Ptolemaei
971 2666 1075 2715 filia,
1104 2675 1231 2719 quam*

358 2727 565 2780 AEgyptii,
599 2728 740 2779 ejecto
773 2735 913 2779 patre,
943 2729 1022 2768 sibi
1043 2730 1231 2781 reginam

361 2790 620 2839 asciverant,
657 2796 702 2830 et
720 2791 795 2831 illa
815 2790 1069 2831 Archelaum
1096 2792 1232 2831 virum

359 2860 662 2906 assumpserat.
729 2855 864 2894 Paulo
911 2861 1022 2906 post,
1067 2860 1233 2894 mortuo

360 2917 616 2967 Ptolemaeo,
634 2916 718 2956 duo
740 2916 816 2956 filii
833 2929 885 2955 ex
909 2923 1164 2956 testamento
1193 2917 1233 2954 in

361 2993 536 3033 regnum
558 2981 619 3019 illi
641 2986 955 3030 successerunt,
973 2985 1075 3018 natu
1101 2979 1237 3030 major

362 3056 416 3083 ex
433 3044 572 3096 pueris
590 3043 836 3094 Cleopatra.
866 3043 979 3081 Dum
1000 3043 1130 3094 igitur
1146 3055 1238 3081 eam

365 3107 628 3159 provinciam
658 3105 823 3157 Syriam
857 3105 1064 3144 Gabinius
1085 3107 1240 3145 consti-

366 3178 528 3219 tueret,
547 3171 628 3210 hoc
644 3177 727 3220 est,
748 3168 1080 3217 administraret,
1092 3169 1243 3208 milites

366 3246 444 3286 per
463 3234 555 3285 ejus
569 3233 697 3272 rixam
717 3231 823 3271 duos
844 3231 987 3271 Bibuli
1000 3230 1110 3271 filios
1130 3232 1242 3271 occi-

368 3298 538 3337 derunt.
594 3296 764 3346 Quippe
784 3294 1001 3334 exercitus
1027 3305 1120 3333 cum
1150 3294 1245 3345 ipso

371 3361 479 3399 duce
500 3365 730 3410 corruptus
748 3361 869 3407 erat;
899 3369 994 3397 nam
1025 3357 1246 3408 pactiones

373 3422 648 3475 pecuniarum
696 3433 791 3460 cum
837 3420 1034 3471 tyrannis
1082 3424 1247 3470 egerat.

373 3484 653 3527 Ariobarsani
674 3483 805 3525 etiam
826 3482 933 3535 Regi
956 3494 1002 3523 se
1021 3482 1074 3523 ad
1088 3481 1249 3524 caedem

909 276 1086 315 No'rAE
1130 276 1454 316 VARIORUM
1496 278 1559 316 1N

1258 392 1498 433 faciendam
1530 405 1625 433 cum
1663 395 1857 434 exercitu
1893 394 2130 446 locaverat,

1259 462 1308 495 ut
1320 454 1429 495 infra
1446 457 1603 496 dicitur
1616 458 1802 499 lib.v111.
1832 457 1917 498 Hic
1934 458 2131 510 Bibulus,

1260 520 1423 572 collega
1453 521 1633 560 Caesaris
1665 520 1808 562 fuerat
1827 521 1870 560 in
1891 522 2132 571 consulatu,

1260 583 1330 634 qui
1364 583 1416 621 ab
1436 583 1587 622 eodem
1605 584 1700 623 loco
1720 584 1946 636 aliquoties
1966 584 2131 636 ejectus

1261 651 1343 694 est,
1374 644 1449 683 sed
1484 656 1529 683 se
1562 645 1674 684 domi
1708 658 1877 697 semper
1906 646 2131 686 continuit.

1260 707 1386 746 Unde
1406 707 1490 746 dici
1507 709 1685 754 solebat,
1706 709 1859 749 Bibulo
1886 716 1933 749 et
1964 710 2134 750 Caesare

1263 770 1511 810 Consulibus
1529 771 1634 810 nihil
1654 776 1819 822 gestum
1852 776 1935 822 est,
1967 771 2133 812 Catone

1263 839 1308 872 et
1329 834 1499 873 Caesare
1520 834 1771 874 Consulibus
1790 835 1947 887 aliquid
1970 839 2136 886 gestum

1263 904 1342 936 est.
1374 898 1520 936 Oliver.
1567 897 1759 947 Contigit
1779 897 1831 939 A.
1846 898 1902 937 U.
1922 908 2081 938 neem.

1314 959 1352 999 A
1376 960 1609 1000 Gabinianis
1627 960 1832 1011 militibus]
1860 960 1972 1002 Quia
2003 960 2136 999 Bibu-

1265 1025 1327 1064 lus
1347 1032 1438 1064 erat
1455 1025 1496 1064 in
1514 1025 1732 1076 provincia
1749 1025 1890 1077 Syria,
1909 1036 2035 1077 quum
2051 1024 2138 1064 Ga-

1266 1087 1402 1127 binius
1418 1088 1715 1139 Ptolemaeum,
1730 1094 1779 1128 ut
1792 1088 1895 1138 dixi,
1908 1088 1951 1127 in
1964 1097 2139 1139 regnum

1267 1151 1458 1190 restituit
1466 1150 1588 1201 jussu
1607 1151 1817 1203 Pompeii,
1849 1155 2030 1202 propter
2062 1162 2136 1201 po·

1267 1214 1357 1265 puli
1379 1214 1555 1253 Romani
1577 1215 1854 1265 voluntatem,
1875 1214 2142 1266 Senatusque

1269 1277 1588 1316 authoritatem.
1657 1277 1786 1316 Unde
1843 1283 1888 1316 et
1937 1275 2145 1316 Gabinius

1269 1351 1366 1378 reus
1381 1337 1521 1379 factus
1536 1340 1671 1390 gratia
1683 1346 1728 1380 et
1742 1339 2003 1380 authoritate
2020 1339 2146 1379 Pom-

1270 1403 1370 1454 peii,
1403 1404 1763 1457 pecuniarumque
1799 1403 1994 1456 potentia
2025 1403 2146 1443 abso·

1268 1467 1384 1506 lutus
1405 1471 1484 1506 est.
1518 1466 1666 1507 Oliver.

1322 1529 1434 1569 Ex'r.
1463 1530 1526 1581 §l
1561 1529 1793 1570 Tarentinus
1810 1527 2024 1582 Archytas]
2077 1527 2146 1568 Ad

1271 1597 1448 1632 externa
1463 1592 1616 1632 transit
1635 1594 1849 1645 exempla,
1868 1603 2043 1645 quorum
2062 1591 2148 1643 pri-

1273 1670 1383 1698 mum
1416 1662 1483 1697 est
1516 1656 1718 1708 Archytae
1754 1656 1996 1696 Tarentini.
2049 1655 2150 1696 Fuit

1274 1727 1415 1760 autem
1437 1720 1718 1771 Philosophus
1738 1718 2050 1771 Pythagoricus
2075 1718 2149 1756 no-

1273 1783 1516 1834 bilissimus,
1554 1783 1626 1835 qui
1663 1783 1906 1832 Platonem,
1948 1791 2075 1834 quum
2122 1792 2147 1820 a

1274 1846 1482 1899 Dionysio
1501 1845 1718 1885 necandus
1737 1849 1866 1895 esset,
1887 1855 1965 1896 per
1987 1842 2150 1895 episto-

1276 1910 1360 1949 lam
1408 1908 1582 1960 eripuit.
1649 1907 1933 1947 Admirationi
1974 1917 2149 1949 summoe

1277 1971 1392 2024 apud
1425 1972 1627 2023 plurimos
1663 1970 1832 2011 habitus
1861 1975 1928 2010 est
1959 1968 2004 2008 in
2039 1968 2154 2008 omni

1278 2036 1448 2076 virtutis
1479 2047 1663 2087 genere;
1696 2035 1856 2087 quippe
1889 2033 1961 2087 qui
1989 2032 2152 2084 septies

1279 2101 1444 2141 civibus
1472 2099 1707 2152 praefectus
1738 2105 1821 2150 est,
1853 2110 1980 2151 quum
2009 2097 2158 2137 caeteri

1281 2165 1375 2216 plus
1389 2175 1514 2216 quam
1534 2174 1689 2202 annum
1709 2162 1920 2214 imperare
1941 2160 2036 2211 lege
2058 2170 2154 2210 pro-

1278 2227 1542 2266 hiberentur.
1616 2222 1866 2272 Tarentinus]
1921 2221 2158 2261 Tarentum

1283 2289 1382 2329 urbs
1395 2288 1556 2339 inclyta
1567 2286 1792 2336 Calabriae,
1804 2285 1846 2325 in
1860 2283 2007 2324 ultimo
2021 2282 2160 2322 Italiae

1283 2354 1398 2393 circa
1418 2351 1732 2392 Salentinorum
1765 2348 1966 2399 confinia,
1998 2359 2024 2386 a
2052 2346 2164 2386 Tare

1286 2415 1482 2467 Neptuni
1493 2413 1582 2454 filio
1602 2413 1791 2454 condita.
1811 2412 1917 2452 Oliv.
1949 2409 2162 2462 Archytas]

1287 2480 1357 2519 De
1396 2479 1479 2518 hoc
1519 2477 1798 2517 celeberrimo
1836 2476 2070 2515 Geometra
2103 2473 2167 2512 ita

1287 2542 1498 2582 Horatius
1531 2553 1566 2580 1.
1604 2539 1692 2580 Od.
1710 2543 1780 2579 28.
1825 2540 1838 2561 ‘
1867 2539 1926 2577 Te
1965 2535 2090 2576 maris
2121 2540 2167 2574 et

1289 2611 1418 2646 terrae
1472 2614 1730 2654 numeroque
1776 2599 1960 2640 carentis
2023 2607 2164 2638 arenae

1292 2669 1535 2708 Mensorem
1557 2666 1776 2714 cohibent,
1789 2662 1996 2713 Archyta,
2010 2661 2167 2700 Pulve-

1293 2731 1351 2771 ris
1366 2729 1510 2781 exigui
1525 2739 1659 2780 prope
1676 2728 1796 2767 littus
1813 2737 1942 2778 parva
1961 2724 2170 2764 Matinum

1293 2794 1505 2835 Munera:
1535 2804 1613 2831 nec
1641 2790 1869 2843 quicquam
1894 2787 1975 2827 tibi
1995 2785 2174 2839 prodest

1296 2856 1447 2895 Aerias
1463 2861 1652 2895 tentasse
1673 2853 1834 2902 domos,
1860 2850 2085 2902 animoque
2107 2860 2172 2887 ro-

1297 2919 1474 2959 tundum
1486 2917 1760 2956 Percnrrisse
1775 2916 1931 2967 polum,
1942 2913 2179 2952 morituro!

1353 2979 1595 3031 Metaponti]
1626 2979 1766 3019 Italiae
1798 2976 2003 3029 oppidum
2032 2975 2072 3014 in
2090 2973 2177 3014 fine

1299 3046 1535 3084 Tarentino
1565 3041 1787 3082 conditum
1819 3053 1845 3080 a
1878 3036 2178 3082 Locrensibus,

1303 3111 1414 3147 teste
1433 3105 1593 3145 Solino.

1358 3169 1492 3208 Nimis
1517 3165 1705 3216 liberalis]
1732 3163 1988 3205 Tarentinus
2017 3160 2182 3212 Archy·

1305 3236 1370 3272 tas
1390 3232 1433 3270 in
1455 3231 1639 3270 villicum
1658 3228 1782 3267 nimis
1801 3226 2024 3276 indulgens
2047 3222 2180 3263 fuisse

1307 3294 1491 3341 videtur,
1528 3303 1609 3331 non
1649 3292 1707 3330 ita
1744 3287 2041 3328 moderationis
2087 3299 2182 3338 pro·

1308 3356 1463 3408 prium,
1487 3360 1536 3393 ut
1561 3354 1689 3392 Plato
1708 3363 1900 3391 servasse
1926 3350 2007 3390 dici
2036 3351 2187 3401 possit,

1310 3424 1353 3457 et
1369 3417 1447 3456 nisi
1467 3415 1712 3465 Philosophi
1730 3414 1920 3454 obstaret
1932 3412 2182 3459 authoritas,

1312 3481 1685 3532 intemperantiam
1707 3476 1850 3529 potius
1871 3475 2056 3516 dicerem
2083 3473 2186 3521 fuis—
