2320 4004
618 305 879 348 VALERH
921 290 1666 345 MAX1M11AB.V.CAP.4.

221 441 306 482 ros,
339 441 422 470 non
460 428 674 470 dubitavit
717 426 800 467 sibi
843 424 1100 465 dictaturam

219 495 312 535 sine
350 492 496 546 populi
528 498 572 532 et
609 491 795 532 Senatus
838 489 1100 530 auctoritate

219 568 468 610 prorogare.
498 556 650 596 Oliver.

271 619 469 670 Manlius]
514 620 567 659 Τ.
590 619 779 659 Manlius
796 618 832 658 is
852 623 935 668 est,
954 616 1027 669 qni
1044 614 1099 656 ad

215 682 428 724 Anienem
455 683 590 731 Galli,
607 695 732 736 quem
754 682 807 722 ab
827 694 879 722 eo
896 693 1099 734 provoca—

218 752 288 788 tus
318 746 558 798 occiderat,
587 753 737 799 torque
765 746 979 794 detracto,
1004 755 1101 796 cog-

215 822 371 853 nomen
391 810 583 850 invenit:
622 810 745 861 cujus
761 808 892 851 tertio
907 807 1100 848 consula-

216 878 266 914 tu
283 873 426 913 Latini
444 873 593 914 itidem
613 871 698 912 fusi
719 878 764 913 et
777 871 931 924 fugati.
978 871 1100 922 Mag-

215 947 296 976 nus
319 936 384 976 vir
403 937 446 975 in
468 935 631 988 primis,
649 941 694 976 et
713 936 785 988 qui
805 947 945 987 nuper
963 933 1101 974 indul-

216 1011 320 1051 gens
350 999 394 1041 in
419 1006 603 1052 patrem,
623 999 737 1040 idem
769 998 946 1039 acerbus
966 1003 1012 1039 et
1033 1009 1098 1050 se-

216 1075 345 1104 verus
364 1063 406 1103 in
426 1063 575 1103 filium.
606 1064 730 1103 Idem.

267 1127 466 1179 Arbitris]
494 1126 548 1167 Id
580 1133 663 1178 est,
694 1125 875 1167 testibus
908 1125 1097 1167 remotis.

269 1191 292 1243 §
320 1193 347 1230 4
375 1190 495 1230 Hanc
507 1190 710 1242 pietatem,
726 1189 817 1241 ξω]
858 1190 936 1230 Cn.
956 1190 1096 1230 Carbo

213 1254 280 1297 M.
311 1255 454 1296 Cottae
489 1262 656 1306 patrem
687 1255 906 1296 accusavit
925 1256 1097 1307 pecula-

212 1324 285 1360 tus
313 1326 361 1360 et
392 1320 761 1371 repetundarum;
798 1332 885 1373 qua
921 1320 1097 1372 quidem

213 1383 488 1426 accusatione
500 1383 726 1424 damnatus
741 1390 825 1426 est.
883 1384 1013 1425 Cotta
1026 1397 1096 1425 ve-

213 1461 280 1501 ro,
300 1447 374 1488 ubi
397 1460 473 1498 per
497 1454 671 1488 aetatem
705 1448 860 1500 potuit,
894 1449 1009 1489 ultus
1029 1454 1098 1490 est

213 1512 352 1565 patris
374 1511 598 1564 injuriam:
638 1524 734 1552 nam
755 1525 839 1565 quo
865 1512 935 1553 die
954 1525 1095 1565 sump-

214 1579 274 1619 sit
293 1578 458 1618 virilem
481 1583 623 1630 togam
651 1578 695 1618 in
726 1579 957 1630 Capitolio,
975 1591 1095 1619 more

213 1643 419 1695 majorum
439 1643 482 1683 in
500 1642 639 1683 forum
663 1643 906 1693 descendit,
933 1644 1095 1684 Carbo-

211 1718 312 1748 nem
349 1707 582 1758 accusavit,
619 1707 732 1760 quod
769 1707 966 1746 triumvir
997 1720 1094 1747 cum

210 1771 363 1811 Fulvio
381 1778 427 1811 et
444 1771 522 1812 Cn.
543 1771 738 1812 Graccho
769 1771 824 1811 de
851 1770 1094 1811 dividendis

209 1834 326 1887 agris
347 1831 600 1876 seditionem
619 1841 823 1886 creasset,
853 1835 968 1887 quod
997 1848 1093 1875 cum

211 1899 407 1939 exercitu
439 1910 464 1938 a
495 1898 681 1939 Cimbris
710 1898 751 1937 in
779 1897 956 1950 Illyrico
975 1897 1093 1938 fusus

209 1961 377 2013 fuisset,
400 1963 512 2016 quod
535 1963 798 2014 provinciam
818 1962 955 2014 ipsam
977 1962 1095 2014 expi-

210 2028 358 2070 lasset.
413 2026 454 2068 A
492 2040 577 2080 qua
610 2027 781 2080 quidem
821 2027 1094 2067 accusatione

209 2103 295 2132 non
320 2091 437 2144 prius
471 2091 661 2144 destitit,
697 2104 821 2144 quam
852 2092 1094 2132 Carbonem

210 2155 404 2197 damnari
418 2155 537 2197 fecit.
569 2156 717 2196 Oliver.

267 2220 368 2265 Quoe
387 2219 537 2270 togam]
582 2220 692 2261 Quas
726 2218 891 2258 decimo
911 2218 1094 2270 septimo

211 2294 322 2323 anno
347 2282 609 2330 sumebatur,
637 2282 836 2334 deposita
863 2288 1093 2334 praetexta.

268 2348 315 2387 C.
336 2346 552 2386 carbonem
569 2360 594 2385 a
612 2359 686 2398 quo
701 2350 816 2397 pater
833 2345 917 2394 <ius
933 2347 1092 2386 damna-

210 2409 442 2461 insuerat]
487 2409 539 2450 In
559 2409 871 2461 Manuscriptis
896 2409 1092 2450 omnibus

212 2476 289 2516 Cu.
325 2474 452 2514 Carbo
484 2479 677 2525 vocatur,
707 2480 753 2514 et
772 2486 826 2513 ex
851 2480 1092 2525 temporum

210 2538 377 2580 ratione
415 2535 584 2577 videtur
621 2536 731 2576 filius
771 2536 851 2577 Cn.
883 2537 1092 2578 Carbonis

210 2609 280 2643 ter
300 2602 512 2643 Consulis.
534 2602 585 2641 In
599 2602 752 2642 Dionis
766 2608 908 2642 tamen
927 2613 1092 2644 xxxvl.

213 2666 263 2706 G.
298 2665 426 2705 Carbo
453 2666 629 2718 legitur,
657 2665 730 2705 sed
763 2664 913 2705 fallere
947 2671 1092 2718 potest

208 2729 288 2770 hoc
298 2730 471 2770 unicum
483 2729 704 2781 exemplar
717 2729 759 2768 in
779 2730 1090 2781 praenominum

208 2792 336 2843 notis,
353 2797 484 2846 atque
500 2792 598 2832 ideo
613 2793 844 2833 multorum
859 2806 1089 2834 consensus

208 2855 407 2909 praeferri
426 2857 551 2897 solet.
590 2856 713 2906 Pigh.

261 2920 588 2972 Protractumque
613 2933 722 2960 reum
740 2920 894 2971 judicio
919 2922 1088 2976 afflixit]

207 2982 281 3024 Ita
311 2983 452 3035 vulgo.
507 2983 559 3023 In
598 2984 844 3036 Campensi,
867 2991 1088 3036 peractum-

206 3060 294 3100 que.
349 3048 502 3087 Recte.
522 3047 756 3099 Peragitur
774 3062 955 3102 namque
976 3063 1089 3102 reus,

207 3122 304 3151 cum
326 3111 570 3151 damnatur.
626 3111 684 3151 Et
702 3117 748 3151 ut
763 3119 963 3154 recenset
979 3113 1090 3154 Pau-

203 3174 272 3216 lus
302 3175 458 3226 Jctns,
490 3174 710 3216 destitisse
740 3176 776 3216 is
806 3177 998 3229 videtur,
1017 3179 1089 3231 qui

206 3237 319 3278 intra
355 3237 579 3278 definitum
607 3240 893 3281 accusationis
920 3254 946 3282 a
977 3255 1088 3294 prae-

207 3301 300 3342 side
316 3307 481 3354 tempus
515 3315 632 3343 reum
664 3316 785 3344 suum
806 3317 889 3345 non
910 3318 1088 3358 perege-

209 3364 282 3405 rit.
336 3365 407 3405 Sic
431 3366 577 3406 Livius
605 3367 681 3407 lib.
702 3379 768 3409 1v.
802 3369 814 3391 ‘
833 3369 923 3410 Vos
944 3375 1086 3410 autem

209 3428 246 3467 si
284 3438 398 3468 reum
433 3441 608 3482 perago,
637 3432 739 3484 quid
771 3433 911 3473 acturi
938 3434 1042 3475 estis
1059 3433 1090 3474 2⁹

209 3489 322 3532 vide
334 3491 560 3534 Budoeum.
589 3495 716 3535 Idem.

264 3555 288 3605 ᾧ
315 3559 340 3594 5
375 3554 554 3608 viritim]
599 3558 651 3598 Id
682 3565 763 3611 est,
792 3564 871 3612 per
899 3560 1087 3615 singulos

1901 290 2045 345 1191

1165 424 1293 474 virm,
1311 425 1444 478 aequis
1465 422 1748 477 portionibus.

1215 487 1460 541 Dividenda]
1506 489 1568 528 Ut
1606 486 1785 528 coloniae
1818 486 1863 527 in
1895 499 2051 539 agrum,

1162 550 1380 592 Gallicum
1412 553 1724 593 mitterentur:
1764 556 1858 592 erat
1902 556 2047 591 autem

1163 615 1309 656 Gallia
1342 617 1574 669 Cisalpina.
1627 615 1792 669 Agrum
1820 627 1922 656 vero
1947 621 2049 655 sunt

1162 678 1233 731 qui
1255 679 1387 718 velint
1407 692 1503 719 esse
1523 680 1843 722 Placentinum.
1895 679 2048 720 Oliver.

1216 742 1390 783 Minimo
1422 743 1576 795 quidem
1605 743 1821 796 mur-mure]
1851 743 1948 785 Nec
1966 743 2050 784 eti·

1162 817 1229 845 am
1267 805 1438 857 concio,
1469 818 1565 858 quae
1590 806 1716 859 hujus
1744 806 1853 859 legis
1886 806 2048 859 cupida

1161 875 1360 920 venerat,
1392 882 1447 910 ne
1467 883 1657 910 murmur
1687 870 1862 924 quidem
1891 870 2047 922 emisit,

1161 932 1237 972 sed
1261 933 1371 974 hanc
1407 934 1613 986 pietatem
1633 934 1771 975 tacita
1791 935 2060 987 comproba:

1163 997 1238 1038 vit.
1266 997 1394 1037 Idem.

1214 1062 1236 1113 ς
1265 1065 1292 1101 6
1322 1062 1477 1113 Magna
1512 1066 1605 1102 sunt
1637 1063 1734 1114 laoec,
1759 1062 1845 1114 Brea]
1876 1061 2044 1115 Appius

1160 1125 1365 1166 Claudius
1402 1127 1595 1166 Salassos
1632 1131 1806 1179 gentem
1843 1125 2046 1179 Alpinam

1158 1189 1338 1241 domuit,
1368 1190 1442 1231 sed
1478 1203 1564 1231 non
1598 1190 1633 1231 is
1665 1191 1720 1231 de
1753 1203 1835 1243 quo
1856 1191 2048 1251 loquitur

1159 1255 1357 1294 Valerius
1375 1268 1386 1294 ε
1418 1267 1514 1295 nam
1534 1255 1644 1295 alter
1660 1253 1742 1295 fuit
1758 1260 2046 1307 cognomento

1158 1316 1331 1369 Audax,
1363 1318 1481 1359 Caeci
1516 1317 1671 1368 frater,
1699 1317 1771 1371 qui
1807 1319 1958 1359 consul
1990 1318 2046 1359 ad

1158 1385 1442 1425 Mamertinos
1475 1384 1721 1425 liberandos
1750 1384 1921 1435 missus,
1944 1396 2048 1437 quo-

1161 1460 1252 1488 rum
1273 1461 1415 1489 arcem
1446 1448 1820 1500 Carthaginienses
1841 1453 1887 1489 et
1905 1447 2045 1488 Hiero

1159 1513 1453 1564 Syracusanus
1489 1511 1765 1562 obsidebant,
1813 1511 1952 1564 primo
1990 1511 2045 1551 ad

1158 1577 1444 1629 explorandos
1463 1577 1607 1617 hostes
1624 1575 1783 1617 fretum
1808 1576 2047 1628 piscatoria

1159 1654 1268 1681 nave
1288 1641 1478 1694 trajecit,
1508 1646 1553 1681 et
1573 1654 1671 1681 cum
1691 1640 1802 1681 duce
1822 1640 2045 1694 Carthagi·

1158 1706 1370 1746 niensium
1390 1707 1497 1759 egit,
1517 1710 1563 1746 ut
1583 1705 1828 1758 praesidium
1852 1717 1951 1745 arce
1971 1705 2045 1744 de-

1158 1770 1405 1811 duceretur.
1462 1771 1658 1822 Regnum
1682 1770 1916 1821 ingressus,
1935 1768 2043 1810 utin

1158 1847 1252 1886 cap.
1287 1834 1343 1874 de
1382 1833 1655 1875 Fortitudine
1686 1833 1889 1884 diximus,
1921 1831 2042 1885 quin-

1156 1910 1400 1951 queremem
1418 1899 1606 1938 hostium
1620 1897 1756 1950 copiis
1770 1895 2043 1949 pedestribus

1157 1962 1292 2013 cepit,
1321 1974 1414 2002 eam
1442 1962 1654 2014 legionem
1673 1960 1718 2000 in
1746 1959 1936 2000 Siciliam
1958 1964 2043 1999 tra-

1157 2025 1296 2078 duxit,
1326 2025 1702 2078 Carthaginienses
1732 2023 1918 2076 expulit,
1937 2023 2044 2064 Hie-

1157 2101 1304 2130 ronem
1337 2089 1453 2142 apud
1501 2090 1734 2141 Syracusas
1766 2087 1919 2140 proelio
1955 2085 2041 2126 vic-

1156 2158 1248 2194 tum
1268 2154 1311 2193 in
1331 2153 1594 2193 deditionem
1613 2151 1798 2204 accepit.
1854 2151 1919 2191 Eo
1935 2162 2043 2203 prae-

1154 2217 1213 2258 lio
1249 2216 1445 2267 territus,
1477 2216 1769 2257 Romanorum
1808 2214 2043 2255 amicitiam

1156 2283 1299 2334 petiit,
1321 2282 1565 2335 eisdemque
1592 2286 1740 2334 postea
1767 2279 2042 2321 fidelissimus

1154 2344 1250 2385 fuit.
1307 2346 1414 2386 Cum
1434 2346 1566 2397 igitur
1582 2343 1753 2397 Appius
1771 2344 1866 2395 iste,
1881 2343 1937 2383 de
1958 2355 2041 2396 quo

1155 2408 1356 2448 Valerius
1378 2407 1584 2461 loquitur,
1617 2406 1802 2447 devietis
1830 2405 2040 2456 hostibus,

1154 2472 1443 2524 triumpharet
1471 2477 1625 2513 contra
1661 2471 1927 2512 tribunorum
1966 2482 2039 2510 vo-

1153 2536 1382 2583 luntatem,
1409 2537 1482 2589 qui
1512 2535 1687 2576 summis
1717 2534 1878 2575 viribus
1906 2535 2040 2576 inter-

1154 2606 1388 2652 cesserant,
1426 2601 1541 2653 quod
1579 2600 1776 2640 dicerent
1811 2599 2039 2639 victoriam

1152 2665 1266 2704 illam
1313 2678 1397 2704 non
1431 2664 1562 2705 fuisse
1599 2669 1763 2705 tantam
1806 2669 1855 2704 ut
1891 2663 2038 2703 trium-

1153 2730 1283 2782 phum
1303 2736 1555 2780 mereretur,
1580 2729 1750 2783 injectis
1781 2728 1993 2779 manibus,
2012 2740 2037 2767 e

1153 2807 1282 2834 curru
1302 2806 1400 2835 eum
1421 2796 1592 2835 trahere
1610 2794 1877 2835 nitebantur.
1908 2793 2038 2836 Quod

1151 2858 1227 2898 ubi
1246 2859 1427 2900 Claudia
1441 2859 1533 2912 ejus
1551 2858 1638 2898 filia
1658 2858 1805 2910 sensit,
1823 2859 1938 2899 nullo
1958 2857 2035 2898 foe-

1151 2924 1291 2964 mineo
1336 2923 1503 2976 pudore
1552 2923 1777 2974 deterrita,
1825 2935 1871 2963 se
1919 2923 2036 2963 inter

1137 2993 1320 3040 fatrem
1353 2994 1400 3029 et
1433 2988 1650 3028 tribunum
1675 2988 1786 3028 mira
1806 2988 2035 3027 celeritate

1151 3052 1351 3105 conjecit,
1378 3058 1422 3092 et
1442 3065 1468 3092 a
1487 3061 1610 3104 patre
1637 3052 1872 3093 violentum
1902 3051 2033 3092 tribu-

1150 3128 1253 3156 num
1281 3117 1456 3168 repulit,
1483 3115 1671 3169 fecitque
1702 3121 1750 3156 ut
1779 3123 1906 3168 pater
1937 3128 2032 3156 cum

1151 3178 1363 3231 dignitate
1384 3179 1686 3232 triumpharet.
1720 3180 1826 3220 otio.

1207 3243 1307 3288 Quae
1344 3256 1460 3296 quum
1493 3244 1670 3296 patrem]
1714 3243 1939 3284 Suetonius
1976 3243 2031 3282 de

1151 3317 1239 3347 ΧΠ.
1269 3307 1513 3348 Caesaribus
1545 3307 1654 3349 dicit
1682 3305 1860 3346 fratrem
1880 3305 2032 3355 fuisse,

1149 3381 1234 3409 non
1273 3377 1454 3422 patrem.
1511 3371 1634 3410 Dicit
1673 3370 1817 3410 enim:
1865 3370 2030 3420 ‘Virgo

1149 3434 1335 3474 Vestalis
1363 3433 1538 3475 fratrem
1570 3433 1737 3484 injussu
1770 3432 1917 3484 populi
1953 3433 2028 3473 tri·

1148 3499 1440 3550 umphantem‚
1486 3508 1661 3537 ascenso
1714 3495 1838 3536 simul
1884 3507 2029 3546 curru,

1148 3572 1282 3615 usque
1317 3563 1357 3602 in
1392 3560 1651 3614 Capitolium
1685 3563 1913 3611 prosecuta
1945 3563 2031 3609 est,
