2288 3990
539 305 802 354 vALERn
843 308 1083 348 MAxnui
1129 307 1251 346 ma.
1289 307 1355 344 11.
1396 289 1614 344 osez).

166 442 266 482 tiam
304 439 384 479 hoc
424 435 574 478 facerit
613 432 794 473 Fabius:
832 427 1043 469 credebat

165 506 279 546 enirn
309 504 420 544 hunc
454 502 496 541 in
532 510 752 540 numerum
791 497 1042 535 Senatorum

164 570 366 618 electum,
411 566 510 619 quia
555 563 807 603 meminerat
860 556 1045 598 triennio

165 639 266 673 ante
283 630 415 671 fuisse
433 631 716 676 Quaestorem‚
732 631 776 665 et
799 627 898 676 post
914 623 1044 663 Quae-

165 703 325 737 sturam
364 693 546 746 patebat
581 691 720 731 aditus
765 688 817 728 ad
853 686 1046 727 ordinem

161 758 449 800 Senatorium.
484 757 606 796 Idem.

222 820 474 872 consoribus]
499 821 670 859 Marcus
686 817 824 856 Varro
844 813 885 853 in
907 818 1048 864 satyra

166 886 420 940 Menippea,
457 897 553 938 quae
589 879 803 921 Ἱπποκόων
837 878 1048 928 inscripta

168 958 251 1004 est,
287 951 452 1005 equites
484 947 690 1003 quosdam
722 945 827 984 dicit
848 941 1047 995 pedm-ios

97 1072 102 1073 ⁷
167 1016 429 1070 appellatos:
472 1012 729 1063 videturque
775 1020 848 1048 eos
886 1003 1048 1058 signifi·-

169 1091 286 1131 care,
319 1079 392 1132 qui
423 1075 607 1117 nondum
646 1086 670 1113 a
708 1069 958 1113 censoribus
1004 1068 1048 1108 in

169 1142 477 1185 senatumlecti
492 1145 633 1190 erant,
645 1141 864 1177 senatores
879 1133 1049 1187 quidem

168 1220 253 1248 non
266 1212 416 1256 erant3
445 1205 520 1245 sed
535 1203 633 1256 quia
652 1198 880 1241 honoribus
901 1196 1052 1250 populi

170 1271 236 1312 usi
259 1270 428 1324 quidem
457 1275 595 1318 erant,
624 1266 665 1305 iu
686 1269 883 1305 senatum
907 1262 1050 1302 venie-

155 1327 276 1376 ‘bant
290 1340 336 1375 et
354 1331 664 1383 sententiaejus
679 1328 925 1376 habebant3
954 1337 1052 1366 nam

172 1405 216 1440 et
236 1398 453 1439 curulibus
472 1393 792 1447 magistratibus
813 1389 968 1440 functi,
981 1388 1053 1442 qui

172 1463 359 1503 nondum
379 1474 404 1501 a
419 1458 667 1501 censoribus
682 1457 724 1496 in
741 1461 936 1496 senatum
949 1453 1054 1494 lecti

172 1535 311 1581 erant,
327 1533 544 1568 senatores
574 1538 658 1565 non
689 1528 839 1564 erant:
877 1526 924 1562 et
948 1520 1055 1572 ,quia

171 1592 216 1631 in
243 1591 472 1644 postremis
503 1589 655 1641 scripti
674 1591 810 1637 erant,
829 1597 911 1625 non
932 1596 1054 1636 roga-

173 1655 330 1696 bantur
345 1656 599 1705 sententias,
612 1652 702 1701 sed,
717 1663 823 1703 quas
840 1649 1056 1702 principes

173 1719 388 1770 dixerant,
417 1719 460 1759 in
493 1729 566 1756 eas
605 1714 899 1755 discedebant.
957 1712 1056 1751 Hoc

169 1781 440 1835 significabat
475 1781 681 1829 edictum,
711 1790 793 1832 quo
823 1789 935 1818 nunc
955 1789 1057 1830 quo-

173 1857 255 1898 que
275 1847 507 1896 consules‚.
522 1857 650 1898 quum
671 1844 902 1883 Senatores
923 1841 965 1880 in
987 1853 1059 1881 cu-

172 1910 280 1951 riam
299 1914 470 1960 vocant,
491 1907 714 1949 servandae
735 1905 1057 1946 consuetudinis

174 1985 302 2014 causa
321 1972 528 2013 tralatitio
548 1976 740 2012 utuntur.
767 1969 914 2009 Verba
926 1968 1060 2009 edicti

172 2037 267 2077 haec
285 2043 411 2077 sunt:
448 2044 722 2076 senaa-ones.
742 2044 922 2077 Qvnsvs.
942 2043 988 2076 Q.
1009 2043 1058 2072 m

177 2112 364 2142 SENATV.
384 2110 693 2141 SENTENTIAM.
712 2108 894 2138 mcERE.
915 2107 1060 2136 mem.

176 2166 363 2206 Versum
397 2157 566 2219 quoque
600 2163 787 2214 Laberii,
815 2162 856 2201 in
895 2174 979 2215 quo
1016 2161 1060 2201 id

174 2228 427 2271 vocabulum
460 2229 646 2281 positum
668 2233 752 2277 est,
772 2215 910 2265 notari
937 2226 1062 2278 jussi-

175 2305 286 2343 mus,
323 2305 450 2346 quem
485 2293 664 2344 legimus
701 2291 744 2330 in
792 2290 936 2338 mimo,
989 2289 1061 2342 qui

177 2355 440 2408 ‘Scriptura'
474 2355 706 2406 inscriptus
744 2360 838 2394 est:
888 2353 1062 2404 ‘Caput

180 2421 272 2460 sinc
287 2421 431 2473 lingua
447 2421 624 2472 pedaria
643 2418 858 2459 sententia
878 2417 973 2459 est.'
1007 2419 1062 2458 A.

185 2484 350 2524 Gellius.

239 2549 500 2601 Objurgatus]
549 2548 808 2601 increpitus.
863 2547 1062 2600 Jurgium

181 2613 295 2653 inter
313 2613 486 2664 amicos,
501 2613 552 2653 lis
573 2613 685 2652 inter
701 2612 910 2652 inimicos.

226 2676 438 2727 Eumenes]
454 2677 809 2727 Pergamenorum
823 2676 1063 2728 Rex,quem

183 2740 333 2780 Florus
365 2741 525 2781 socium
558 2747 604 2781 et
633 2741 968 2781 commilitonem
991 2753 1063 2792 po-

184 2805 274 2857 puli
311 2804 496 2846 Romani
532 2813 673 2855 vocat,
699 2807 771 2858 qui
804 2804 1063 2846 Antiochum

183 2868 297 2920 apud
319 2869 473 2910 Sardes
492 2870 657 2922 ingenti
675 2870 821 2922 praelio
834 2871 1066 2924 superavit.

185 2933 297 2974 Vide
317 2934 575 2975 Strabonem
595 2935 668 2977 lib.
690 2947 795 2975 xm.

240 2998 384 3050 Perse]
411 2999 523 3040 Vide
540 3012 670 3052 supra
688 3002 740 3041 ad
757 3001 832 3042 lib.
855 3014 887 3041 1.
905 3014 1001 3054 cap.
1023 3007 1063 3043 5.

186 3061 382 3114 Exempl.
402 3066 442 3103 3.

199 3151 203 3156 ·
246 3126 387 3167 Fidum
405 3131 490 3167 erat
508 3132 548 3168 et
563 3130 688 3169 altum
713 3129 812 3180 reip.
838 3133 972 3181 pectus
1001 3143 1066 3170 cu-

184 3188 264 3240 ria,
307 3190 530 3243 silentiique
578 3191 808 3231 salubritate
855 3193 1067 3244 munitum]

191 3253 353 3294 Omnes
386 3260 556 3296 veteres
583 3258 694 3307 libri,
715 3270 791 3309 pro
827 3269 933 3308 cura,
959 3259 1069 3298 curia

191 3318 398 3359 scribunt.
455 3321 551 3361 Nec
590 3323 726 3371 malm
772 3334 954 3375 namque
994 3334 1069 3374 ap-

191 3379 354 3422 tissima
381 3385 717 3436 comparatione,
736 3386 898 3437 curiam,
923 3386 965 3425 in
986 3399 1071 3438 qua

194 3447 435 3487 tractantur
471 3449 661 3495 consilia,
698 3450 1070 3502 pectus-reipubl.

195 3508 397 3558 appellat.
453 3510 593 3564 Atque
612 3513 674 3553 ita
701 3514 930 3566 legendum
959 3526 1073 3566 esse,

196 3570 328 3612 verba
365 3572 464 3624 ejus-
492 3578 715 3630 sequentia
758 3578 1072 3630 demonstrant,

1839 285 1866 339 'l
1879 284 1989 339 005

1107 439 1203 467 cum
1222 426 1342 475 dicit,
1361 423 1468 475 cnjus
1494 423 1612 463 limen
1639 421 1847 461 intrantes.
1887 418 1990 471 Pig-

1105 500 1214 540 hius.

1162 564 1365 603 Munitum
1411 565 1448 602 et
1494 557 1699 610 vallatum]
1747 555 1991 597 Translatio

1109 633 1277 678 sumpta
1315 628 1366 668 ab
1403 627 1573 679 oppidis
1606 630 1652 664 et
1689 622 1858 672 castris,
1893 633 1990 673 quae

1108 692 1359 732 muniuntur
1380 697 1423 729 et
1445 690 1673 729 vallantur.

1163 757 1230 808 §2
1260 755 1325 795 Ne
1353 754 1510 793 Graecis
1537 749 1723 803 unquam]
1753 748 1931 801 Legitur
1951 748 1992 787 in

1108 818 1321 866 Verrinis‚
1349 816 1462 870 quod
1484 817 1636 856 Cicero
1666 814 1773 853 dicit
1801 825 1847 852 se
1866 824 1993 852 accu-

1110 888 1249 923 satum
1286 880 1434 931 fuisse,
1474 879 1601 931 quod,
1638 890 1731 917 cum
1770 876 1996 930 Syracusis

1110 951 1242 996 esset,
1257 944 1434 984 Senatui
1454 943 1726 995 Syracusano
1746 941 1905 982 Graece
1934 941 1995 980 lo-

1110 1016 1237 1052 cutus
1257 1014 1386 1049 esset.

1166 1075 1233 1116 Ne
1260 1073 1414 1113 Groecis
1429 1070 1616 1124 unquam]
1645 1068 1847 1111 Tiberius
1867 1068 1997 1108 etiam

1115 1139 1316 1193 princeps
1335 1138 1464 1190 hujus
1483 1136 1613 1176 moris
1643 1135 1707 1175 ita
1736 1133 1820 1173 fuit
1849 1133 1998 1172 obser-

1116 1216 1234 1256 vans,
1250 1210 1298 1244 ut
1315 1203 1356 1242 in
1374 1203 1537 1242 Senatu
1558 1200 1705 1241 nescio
1724 1197 1824 1252 quid
1843 1197 1999 1238 Graece

1114 1267 1325 1317 dicturus,
1355 1266 1524 1306 veniam
1559 1264 1755 1317 petierit,
1783 1268 1897 1303 teste
1917 1262 2000 1300 Ta.

1114 1332 1218 1372 cito.
1275 1331 1423 1371 Simile
1444 1330 1499 1370 de
1520 1329 1699 1370 Claudio
1727 1333 1876 1369 narrat
1894 1328 2002 1368 Sue-

1114 1396 1271 1437 tonius.
1326 1394 1365 1435 A
1384 1394 1640 1447 pr‘aetoribus
1656 1393 1831 1434 decreta
1845 1393 2002 1433 Latine

1114 1459 1332 1512 interponi
1353 1458 1516 1499 debere
1548 1458 1609 1498 ait
1636 1456 1907 1509 Tryphonius
1927 1456 2002 1497 lib.

1117 1535 1280 1564 vanr.
1302 1523 1358 1562 D.
1377 1522 1430 1564 de
1452 1534 1498 1561 re
1522 1521 1619 1574 jud.
1642 1521 1754 1561 adde
1779 1521 1869 1561 Cic.
1890 1520 2003 1559 Ver-

1117 1588 1196 1628 rin.
1216 1599 1282 1627 1v.
1327 1587 1511 1626 Tantum
1538 1585 1707 1625 omnino
1737 1597 1824 1624 suae
1846 1585 2001 1636 linguae

1117 1652 1365 1693 tribuerunt
1393 1650 1591 1699 Romani,
1611 1655 1660 1689 ut
1688 1647 1888 1689 beneficii
1907 1648 2005 1688 loco

1117 1717 1212 1769 ejus
1232 1728 1353 1756 usum
1375 1714 1628 1766 alienigenis
1643 1724 1879 1765 expensum
1895 1713 2005 1752 tule-

1118 1782 1221 1831 rint,
1254 1778 1369 1832 quod
1399 1778 1453 1818 de
1475 1777 1676 1819 Cumanis
1696 1776 1812 1829 apud
1838 1775 2004 1816 Livium

1117 1846 1312 1897 legimns.
1347 1844 1479 1884 Coler.

1172 1909 1347 1949 Pallium
1375 1905 1498 1958 togae]
1525 1906 1698 1947 Tunicae
1728 1910 1828 1959 toga
1861 1916 2009 1956 super·

1119 1973 1394 2023 induebatur,
1414 1973 1483 2011 vel
1505 1972 1660 2012 tunicis
1683 1971 1842 2024 potius.
1898 1971 2007 2010 Erat

1120 2033 1265 2077 autem
1304 2036 1610 2087 Romanorum,
1651 2033 2008 2087 quemadmodum

1121 2101 1295 2154 pallium
1317 2100 1595 2140 Graecorum:
1627 2099 1740 2139 unde
1772 2098 2006 2139 Comoediae

1121 2171 1282 2217 togatae
1304 2164 1447 2215 dictae,
1467 2177 1563 2217 quae
1584 2165 1895 2204 Romanorum:
1919 2164 2008 2216 pal-

1120 2230 1255 2282 liatae,
1282 2242 1377 2282 quae
1399 2229 1671 2270 Graecorum.
1723 2229 1835 2268 Solis
1863 2233 2008 2268 autem

1122 2294 1324 2334 Romanis
1345 2294 1511 2334 civibus
1530 2293 1651 2334 licuit
1671 2294 1770 2334 olim
1792 2300 1892 2345 toga
1915 2294 1978 2333 uti
1996 2307 2007 2333 :

1123 2365 1168 2400 et
1188 2371 1289 2399 sane
1307 2357 1392 2399 fuit
1408 2364 1574 2410 tempus
1589 2370 1684 2397 cum
1698 2356 1772 2397 fex
1787 2357 1904 2409 vulgi
1925 2370 2008 2398 non
2062 2347 2065 2350 ¹

1123 2429 1288 2464 temere
1310 2435 1498 2475 unquam
1515 2422 1664 2462 Romae
1684 2427 1784 2473 toga
1796 2429 2008 2473 uteretur,

1124 2487 1199 2527 sed
1229 2488 1320 2527 sola
1350 2486 1517 2527 tunica:
1548 2486 1712 2538 Togam
1750 2485 2010 2526 Plutarchus

1122 2550 1330 2603 τήβεννον,
1368 2550 1603 2591 Athenaeus
1643 2549 1838 2599 τήβενναν
1882 2556 2011 2591 vocat

1125 2629 1222 2668 cap.
1241 2620 1280 2657 9.

1178 2680 1345 2733 Imperii
1375 2683 1525 2733 pondus
1557 2686 1596 2722 et
1632 2682 1907 2722 auctoritatem
1942 2683 2011 2722 do-

1124 2744 1247 2796 mari]
1275 2745 1332 2785 V.
1347 2744 1395 2785 C.
1411 2746 1577 2798 domari,
1590 2759 1666 2799 pro
1680 2746 1834 2798 donari,
1848 2747 2010 2799 legunt.

1127 2808 1321 2861 Optime.
1354 2809 1538 2860 Pighius.

1182 2873 1372 2925 Domari]
1402 2874 1540 2914 Satin’
1560 2875 1743 2915 Latine?
1762 2875 1875 2916 haud
1898 2887 2010 2915 reor.

1126 2938 1244 2990 Lego
1276 2950 1329 2977 ex
1358 2938 1434 2979 lib.
1473 2939 1585 2979 Dan.
1620 2939 1877 2993 ‘ludignilm
1916 2951 2012 2978 esse

1127 3005 1438 3056 existimantes,
1450 3004 1664 3046 illecebris
1682 3012 1727 3045 et
1747 3004 1947 3045 suavitati
1963 3005 2010 3044 li-

1127 3074 1318 3108 terarum
1334 3069 1501 3121 imperii
1520 3069 1683 3121 pondus
1704 3074 1748 3109 et
1769 3067 2006 3109 auetorita-

1129 3138 1216 3172 tem
1237 3132 1422 3172 donare!
1458 3133 1586 3173 Coler.

1183 3197 1205 3247 ς
1224 3199 1248 3235 3
1280 3193 1540 3236 Damnundus
1563 3197 1710 3247 rigoris
1726 3194 1884 3245 rustici]
1923 3192 2013 3233 Ad·

1129 3258 1246 3299 ditur
1267 3259 1410 3310 vulgo,
1434 3260 1612 3300 Crimine
1624 3274 1640 3308 ,·
1669 3260 1780 3313 quod
1800 3264 2013 3309 superest,

1130 3335 1211 3363 nec
1246 3322 1429 3363 habetur
1461 3324 1503 3363 in
1525 3323 1686 3364 Cauch.
1709 3322 1803 3362 cod.
1825 3321 2013 3360 videtur-

1131 3400 1214 3440 que
1246 3387 1299 3427 ab
1329 3388 1472 3440 aliquo
1492 3387 1786 3438 ludimagistro
1805 3385 2013 3424 insertum

1131 3451 1267 3503 operi.
1291 3451 1475 3501 Pighius.

1193 3515 1361 3555 Gemina
1391 3513 1519 3564 lauro]
1550 3514 1663 3556 Quia
1699 3513 2013 3564 triumphantes

1135 3579 1331 3619 coronati
1355 3577 1460 3617 albis
1489 3576 1608 3630 equis
1630 3576 1798 3628 junctis
1826 3577 1869 3617 in
1889 3577 2015 3628 Capi-
