2346 3996
591 288 847 330 vALssRn
891 283 1130 326 MAlei
1178 288 1292 326 mn.
1337 284 1422 327 rx.
1463 277 1674 329 GARB.

273 408 727 461 Humum-wadum
744 407 883 459 sortis]
921 406 1094 458 Quippe

217 475 435 517 libertinae
454 472 723 523 conditionis,
743 472 866 524 cujus
887 476 1011 523 pater
1030 468 1095 509 fu-

211 537 318 579 isset
336 533 564 589 aliquando
578 546 739 575 servuS.
767 533 891 574 Idem.

268 599 501 640 -Pmturam
518 599 680 652 adeptus
696 596 803 648 erat]
831 595 1094 637 AEdilitatem

219 661 570 703 et'l'ribnnatum
608 661 761 702 scribit
789 660 956 701 Plinius
984 659 1095 700 libro

213 734 402 767 x-xxur.
420 738 517 778 cap.
539 729 575 766 l.
606 725 819 766 Corradus.

271 788 467 841 annulos]
516 788 686 829 Plinius
725 788 832 829 Nat.
867 786 983 827 Hist.
1017 785 1094 827 lib.

216 862 394 894 xxxin.
413 852 522 894 dicit
549 851 641 893 falli
659 853 902 905 plerosque,
926 850 998 904 qui
1017 862 1094 902 pu-

217 921 314 957 tant
344 919 584 969 equestrem
617 915 809 956 ordinem
842 921 934 956 tum
965 915 1095 955 etiam

209 979 432 1031 abjecisse
452 980 645 1032 annulos,
676 979 872 1032 quoniam
901 979 944 1019 in
974 977 1095 1018 fastis

219 1043 435 1098 adjectum
447 1044 504 1083 sit
517 1044 596 1085 boc
611 1057 623 1084 ι
638 1043 712 1084 sed
731 1049 778 1084 et
797 1044 972 1095 phalera
986 1043 1096 1094 posi-

202 1112 275 1160 «ta,
284 1112 463 1160 propter
475 1119 570 1160 quae
583 1119 738 1148 nomen
751 1108 940 1160 equitum
956 1107 1099 1159 adjec-

214 1176 308 1211 tum
326 1171 398 1224 sit,
424 1173 600 1212 annulos
619 1183 787 1224 quoque
817 1171 1038 1224 depositos
1074 1184 1099 1211 a

212 1233 459 1288 nobilitate,
488 1247 572 1276 non
605 1236 659 1276 ab
688 1236 888 1276 universo
920 1235 1098 1276 Senatu.

214 1298 374 1340 Olioer.

207 1401 211 1404 s
271 1363 532 1416 Impotentia]
553 1365 639 1406 Per
657 1364 955 1418 impotentiam
974 1370 1019 1405 et
1035 1365 1098 1406 in·

218 1427 493 1469 tolerantiam
512 1429 685 1470 doloris.

273 1492 297 1544 ξ
315 1495 342 1532 4
370 1493 526 1533 Manlio
543 1493 756 1545 Torquato]
785 1494 1007 1534 Traditum
1029 1499 1096 1534 est

217 1566 348 1608 supra
365 1556 440 1596 lib.
462 1567 515 1598 u.
531 1569 629 1609 cap.
647 1557 701 1599 de
718 1557 963 1609 Disciplina
981 1557 1097 1597 Mili-

219 1618 322 1669 tari,
346 1619 395 1659 T.
414 1619 623 1660 Manlium
659 1621 864 1672 Torquati
898 1620 1034 1662 filium
1071 1634 1097 1662 a

215 1682 485 1723 severissimo
505 1687 631 1735 patre
650 1695 728 1735 per
746 1684 943 1724 lictorem
962 1683 1096 1725 fuisse

216 1745 351 1798 virgis
369 1758 548 1796 caesum,
572 1747 797 1800 securique
831 1760 1098 1801 percussum,

213 1810 330 1864 quod
349 1814 501 1851 contra
517 1810 614 1862 ejus
634 1811 824 1852 edictum
844 1817 967 1852 extra
983 1812 1097 1852 ordi-

217 1885 317 1916 nem
330 1886 435 1916 cnm
465 1874 590 1916 hoste
622 1875 827 1927 singulari
859 1877 1096 1917 certamine

211 1937 483 1980 dimicasset.
539 1938 652 1980 Nam
681 1939 736 1980 T.
775 1941 964 1981 Manlius
991 1941 1096 1981 Tor-

215 2008 386 2056 quatus,
406 2009 454 2045 et
477 2004 532 2046 P.
551 2004 712 2045 Decius
731 2006 852 2047 Coss.
870 2006 1096 2046 adversum

207 2066 411 2119 latinos,
442 2080 537 2108 cum
567 2081 697 2120 grave
729 2075 776 2110 et
808 2072 1096 2122 periculosum

215 2130 378 2171 bellum
410 2143 508 2172 esse
542 2132 755 2185 viderent,
781 2138 874 2174 tum
907 2134 1095 2175 Deorum

213 2193 522 2246 admonitione,
540 2207 666 2247 quam
680 2195 725 2235 in
739 2196 899 2236 somnis
916 2209 1094 2249 accepe-

217 2261 335 2309 rant,
370 2269 469 2299 cum
513 2264 589 2299 aut
619 2260 808 2312 ipsorum
841 2260 982 2311 alteri,
1021 2266 1096 2301 aut

221 2321 423 2363 universo
442 2323 649 2364 exercitui
679 2323 918 2364 cadendum
955 2329 1094 2375 esset3

214 2391 306 2427 tnm
325 2387 526 2439 maxime,
555 2387 669 2441 quod
689 2388 897 2429 adversus
917 2389 1094 2429 Latinos

214 2448 465 2491 bellandum
501 2456 636 2502 esset,
678 2452 841 2504 lingua,
888 2452 1096 2504 moribus,

212 2523 431 2554 armorum
452 2525 628 2566 genere,
646 2514 856 2555 institutis
888 2521 990 2556 ante
1006 2529 1096 2556 om-

212 2575 286 2616 nia
297 2576 551 2618 militaribus
564 2577 643 2618 sibi
657 2583 943 2631 congruentes
956 2593 967 2629 ;
989 2579 1095 2619 mili-

213 2645 284 2680 tes
299 2641 522 2693 militibus,
540 2642 813 2682 centuriones
833 2643 1094 2683 centurioni-

208 2703 311 2756 bus,
330 2705 493 2746 tribuni
511 2706 696 2747 tribunis
714 2719 953 2759 compareS,
968 2708 1095 2747 colle-

211 2779 366 2821 gaeque
385 2767 536 2810 iisdem
557 2768 786 2821 praesidiis,
806 2782 923 2822 saepe
942 2770 1107 2827 iisdem.

208 2831 438 2884 manipulis
455 2832 661 2884 permixti
678 2830 874 2874 fuerantss
907 2845 985 2886 per
1001 2835 1094 2874 haec

153 2923 160 2927 -
213 2905 270 2935 ne
288 2907 372 2948 quo
389 2907 539 2937 errore
566 2897 727 2937 milites
754 2904 1030 2950 caperentur,
1049 2903 1095 2939 et

211 2962 261 2999 nt
277 2958 477 2999 militaris
495 2960 724 3013 disciplina
754 2961 808 3001 ad
834 2962 1001 3014 priscos
1028 2974 1095 3002 re-

209 3021 438 3074 digeretur
469 3035 628 3075 moreS,
674 3024 850 3065 edicunt
882 3027 1095 3078 consules,

221 3098 276 3127 ne
313 3088 409 3140 quis
447 3093 573 3129 extra
613 3089 809 3131 ordinem
847 3090 890 3130 in
925 3091 1092 3131 hostem

213 3157 442 3204 pugnaret.
496 3153 628 3194 Forte
656 3154 770 3194 inter
793 3160 978 3195 caeteros
1006 3160 1093 3194 tur-

212 3226 379 3256 marum
399 3216 649 3270 praefectos,
665 3219 738 3272 qui
758 3220 1033 3272 exploratum
1048 3220 1094 3260 in

211 3290 359 3320 omnes
407 3287 553 3333 partes
590 3283 762 3323 demissi
807 3283 997 3335 fuerant,
1043 3285 1092 3324 Τ.

218 3344 408 3384 Manlius
427 3347 611 3386 consulis
641 3346 752 3387 filius
791 3360 923 3401 super
950 3353 1093 3389 castra

211 3405 398 3446 hostium
425 3419 522 3448 cum
550 3410 637 3449 suis
657 3412 906 3452 turmalibus
937 3414 1093 3464 evasit,

217 3475 270 3510 ut
290 3470 359 3510 vix
381 3471 455 3512 teli
475 3472 599 3523 jactu
619 3473 672 3514 ab
693 3476 876 3517 statione
898 3477 1094 3528 proxima

1893 275 2031 329 1341

1158 406 1344 449 abesset.
1396 409 1467 449 Ibi
1505 421 1530 449 a
1567 407 1766 450 Geminio
1802 407 1941 449 Metio
1977 409 2032 449 ad

1159 471 1371 523 singulare
1390 478 1610 514 certamen
1630 477 1888 525 provocatus
1910 473 2034 512 Man-

1158 532 1256 584 lius,
1276 534 1366 574 sive
1386 536 1499 587 quod
1531 535 1684 576 ferocis
1711 535 1838 575 animi
1863 536 2036 588 juvenis

1158 602 1288 648 esset,
1304 598 1394 638 sive
1413 598 1492 650 ira,
1511 611 1587 639 seu
1606 598 1876 640 detractandi
1896 605 2036 639 certa-

1157 660 1283 700 minis
1324 662 1502 714 pudore,
1549 675 1622 703 seu
1654 662 1966 715 inexuperabili
1995 663 2037 703 vi

1157 723 1237 765 fati
1258 725 1413 766 oblitus
1433 726 1600 779 imperii
1632 728 1781 779 patris,
1811 732 1856 767 et
1886 738 2036 767 consu·-

1157 790 1245 830 lum
1275 790 1422 841 edicti,
1448 803 1644 843 praeceps
1663 791 1715 830 ad
1745 789 1790 830 id
1817 795 2038 831 certamen

1159 853 1325 903 agitur3
1362 853 1542 893 victoria
1586 853 1822 907 spoliisque
1860 854 2038 906 potitus,

1158 929 1289 958 ovans
1309 916 1443 958 rediit
1459 917 1512 957 ad
1535 922 1717 970 patrem,
1732 917 1893 968 dicens,
1907 922 1956 957 ut
1968 928 2038 956 me

1160 991 1306 1020 omnes
1327 986 1402 1021 tuo
1417 981 1622 1033 sanguine
1642 985 1788 1021 natum
1805 993 1898 1021 esse
1911 981 2037 1022 intel·

1159 1044 1312 1095 ligant,
1357 1050 1634 1097 provocatus,
1684 1046 1904 1098 equestria
1941 1045 2037 1086 haec

1159 1109 1296 1160 spolia
1313 1114 1445 1161 capta
1465 1121 1520 1149 ex
1551 1109 1673 1149 hoste
1705 1119 1818 1149 caeso
1848 1114 2038 1160 reporto.

1162 1173 1302 1214 Quem
1321 1178 1463 1224 pater,
1494 1172 1707 1212 advocata
1742 1171 1961 1223 concione,
1990 1178 2040 1212 ut

1160 1239 1407 1288 exemplum
1426 1238 1595 1277 caeteris
1629 1240 1841 1276 statueret
1868 1247 2039 1276 servan·

1159 1300 1229 1340 dae
1249 1301 1444 1340 militaris
1464 1300 1723 1352 disciplinae,
1744 1305 2038 1353 terroremque

1158 1364 1353 1404 munibus
1374 1365 1607 1415 incuteret,
1633 1376 1686 1403 ne
1708 1364 1809 1415 quid
1830 1363 2040 1404 auderent

1159 1432 1312 1467 contra
1356 1426 1664 1478 imperatorum
1702 1426 1847 1466 edicta
1883 1426 2040 1478 moliri,

1159 1489 1306 1531 statim
1325 1490 1498 1542 spoli-ari
1527 1495 1572 1530 et
1598 1490 1727 1542 virgis
1748 1489 1874 1541 caedi,
1895 1501 1944 1529 ac
1972 1501 2037 1529 se·

1159 1553 1251 1595 curi
1272 1554 1443 1606 percuti
1461 1555 1620 1606 Jussit:
1657 1566 1740 1607 quo
1759 1553 1877 1594 facto
1897 1554 2042 1593 exani-

1158 1617 1265 1657 mati
1303 1630 1451 1658 omnes
1498 1631 1588 1670 prae
1622 1625 1799 1670 stupore
1833 1618 1962 1658 nimio
1995 1623 2041 1658 et

1159 1687 1275 1720 metu
1292 1681 1560 1732 quieverunt.
1616 1681 1851 1733 Postquam
1871 1680 2040 1720 cervice

1158 1744 1277 1785 fusus
1299 1752 1366 1785 est
1386 1758 1524 1793 cruor,
1545 1751 1635 1786 tum
1663 1745 1836 1786 demum
1855 1745 2041 1799 undique

1159 1819 1324 1853 exortae
1338 1819 1438 1853 sunt
1454 1825 1595 1864 voces,
1605 1819 1654 1853 ut
1670 1825 1810 1866 neque
1827 1814 2041 1865 lamentis,

1159 1888 1298 1930 neque
1315 1877 1664 1918 execrationibus
1681 1878 1723 1916 in
1738 1877 2041 1928 imperatorem

1159 1946 1432 1992 parceretur.
1487 1941 1544 1981 Et
1573 1942 1665 1981 haec
1701 1941 1764 1981 ita
1796 1940 1840 1979 in
1868 1941 2040 1983 castris.

1159 2004 1272 2045 Post
1293 2005 1517 2045 victoriam
1535 2017 1639 2045 vero
1666 2004 1726 2044 illi
1746 2004 1793 2044 in
1812 2003 1960 2044 urbem
1976 2016 2043 2045 re-

1160 2067 1326 2119 deunti,
1343 2081 1441 2108 cum
1457 2068 1647 2108 seniores
1666 2067 1794 2108 officii
1810 2067 1950 2120 gratia
1969 2068 2043 2108 ob-

1158 2132 1272 2172 viam
1291 2133 1597 2184 gratulabundi
1631 2133 1961 2184 processissent,
1987 2144 2043 2172 ex

1153 2195 1387 2247 juventute
1420 2209 1545 2236 nemo
1564 2196 1625 2236 illi
1640 2207 1871 2236 occurrere
1891 2195 2041 2246 voluit,

1160 2259 1274 2311 quod
1296 2259 1469 2311 indigne
1504 2258 1686 2311 ferrent,
1718 2264 1852 2299 tantae
1885 2258 2041 2298 indolis

1157 2322 1292 2363 filium
1315 2329 1405 2364 tam
1437 2323 1673 2364 crudeliter
1705 2335 1732 2363 a
1760 2327 1884 2375 patre
1911 2322 2041 2364 fuisse

1158 2393 1374 2429 necatum.
1429 2388 1545 2428 Vide
1566 2388 1657 2428 Liv.
1677 2386 1751 2427 lib.
1773 2398 1876 2427 vur-
1906 2388 2014 2427 Oliv.

1212 2454 1235 2505 ξ
1252 2458 1276 2493 5
1309 2453 1473 2504 Eadem,
1491 2453 1580 2504 esa]
1608 2452 1705 2492 Hoc
1720 2451 1907 2502 contigit
1926 2452 2040 2504 peri-

1158 2516 1422 2558 culosissimo
1441 2524 1635 2571 tempore
1654 2517 1879 2558 Veientum
1898 2523 1944 2558 et
1969 2517 2039 2556 AE-

1159 2593 1358 2633 quorum,
1384 2593 1482 2622 cum
1507 2580 1752 2634 respublica
1770 2581 1957 2621 maxima
1975 2594 2039 2621 se-

1158 2645 1323 2686 ditione
1352 2643 1556 2686 intestina
1585 2645 1804 2685 laboraret
1831 2645 1887 2685 ob
1906 2645 2043 2698 Agra·

1158 2709 1270 2749 riam
1290 2709 1448 2761 legem,
1477 2721 1605 2761 quam
1637 2709 1691 2748 P.
1721 2708 1909 2749 Licinius
1937 2709 2040 2750 trib.

1159 2774 1221 2825 pl.
1241 2773 1380 2813 invito
1411 2773 1572 2814 Senatu
1591 2772 1710 2813 ferre
1730 2773 1918 2824 volebat,
1945 2785 2041 2814 cum

1159 2836 1326 2878 diceret
1347 2838 1516 2878 venisse
1551 2843 1720 2890 tempus
1754 2849 1832 2890 per
1851 2837 2042 2877 ultimam

1158 2902 1466 2942 necessitatem
1482 2902 1607 2954 hujus
1624 2901 1821 2954 Agrariae
1842 2901 1949 2952 legis
1970 2913 2042 2952 pa-

1159 2964 1299 3006 tribus
1319 2965 1600 3017 injungendae
1617 2979 1628 3005 :
1657 2970 1703 3005 et
1722 2964 1820 3005 ideo
1839 2977 2040 3016 suscepe-

1157 3035 1228 3070 rat
1246 3042 1335 3070 rem
1355 3030 1582 3070 militarem
1602 3028 1920 3082 impediendam
1936 3041 1948 3077 ;
1963 3028 2039 3068 sed

1160 3094 1386 3135 annitente
1419 3094 1610 3145 consule,
1628 3092 1884 3144 caeterisque
1905 3092 2038 3133 tribu-

1157 3157 1240 3209 nis,
1273 3158 1354 3198 hoc
1382 3158 1518 3198 invito
1546 3157 1731 3208 scriptus
1762 3161 1829 3195 est
1854 3154 2037 3194 militum

1159 3221 1379 3272 delectus3
1408 3221 1485 3261 sed
1524 3220 1658 3261 Fabio
1693 3217 1857 3259 consuli
1885 3218 1927 3256 in
1957 3217 2038 3258 hoc

1156 3284 1270 3326 bello
1291 3286 1507 3339 aliquanto
1523 3286 1618 3337 plus
1635 3281 1800 3334 negocii
1820 3292 1915 3321 cum
1934 3280 2039 3320 civi-

1160 3348 1256 3400 bus,
1277 3361 1404 3402 quam
1426 3360 1523 3388 cnm
1543 3346 1732 3386 hostibus
1759 3343 1856 3384 fuit.
1913 3343 2036 3383 Unus

1156 3412 1230 3452 ille
1252 3412 1318 3452 vir
1336 3412 1429 3464 ipse
1450 3410 1597 3452 consul
1618 3408 1925 3460 rempublicam
1945 3419 2035 3447 sus-

1159 3476 1307 3527 tinuit,
1328 3488 1455 3528 quam
1472 3473 1700 3518 exercitus,
1721 3471 1817 3512 odio
1838 3472 2034 3522 consulis·²
