2320 4004
426 228 567 282 1200

427 360 584 410 hostes,
602 370 728 412 quam
761 358 1057 410 integerrimas
1090 360 1202 402 vires
1228 372 1302 412 po-

429 425 513 464 tuit
531 423 654 463 militi
678 435 752 462 suo
772 423 927 462 Fabius
956 424 1160 464 servavit.
1215 423 1301 463 De-

428 488 522 528 cius
556 499 672 537 vero,
702 492 747 527 et
778 491 907 526 aetate
928 492 972 527 et
1001 487 1146 539 vigore
1175 487 1303 527 animi

427 547 629 602 ferocior,
650 557 1023 603 quantumcunque
1053 551 1204 590 virium
1233 551 1303 590 ha·

429 616 538 665 buit,
576 615 710 666 primo
749 614 982 654 certamine
1018 613 1210 664 effudit3
1259 619 1305 654 et

429 679 529 732 quia
550 679 703 718 lentior
717 677 944 718 videbatur
965 677 1179 730 pedestris
1200 691 1304 730 pug-

427 754 499 793 na,
514 742 703 793 equitum
720 753 904 793 pugnam
922 742 1120 793 concivit,
1134 748 1178 781 et
1194 741 1305 792 ipse,

420 805 624 856 Juvenum
658 811 807 858 turmae
841 805 1070 850 immixtus,
1103 816 1305 856 proceres

419 868 681 919 juventutis,
706 868 749 906 in
766 869 924 907 hostem
947 874 993 908 ut
1012 880 1152 907 secum
1171 867 1304 918 impe-

431 936 522 971 tum
541 930 720 982 faciant,
744 932 945 982 concivit,
972 931 1187 983 duplicem
1213 931 1306 970 illo-

431 1005 523 1033 rum
539 993 714 1045 gloriam
735 993 842 1044 fore,
859 995 893 1033 si
912 995 964 1034 ab
981 996 1089 1034 laevo
1107 1000 1308 1047 cornu,et

430 1058 484 1098 ab
500 1058 642 1110 equite
657 1059 836 1099 victoria
853 1060 1043 1111 incipiat.
1093 1061 1167 1100 Bis
1187 1072 1308 1100 aver-

430 1127 578 1162 terunt
607 1122 817 1162 Gallicum
848 1124 1100 1174 equitatum,
1129 1122 1204 1163 sed
1234 1134 1308 1162 no-

431 1198 530 1226 vum
552 1198 706 1237 pugnae
725 1197 858 1236 genus
887 1186 1128 1225 conterruit
1154 1186 1308 1224 Roma-

432 1261 535 1298 nos;
584 1249 747 1287 essedis
777 1249 1017 1300 carinisque
1058 1253 1309 1299 superstans

433 1317 622 1351 armatus
653 1312 799 1361 bostis,
833 1312 996 1363 ingenti
1016 1313 1160 1352 sonitu
1179 1325 1308 1364 equo·

434 1387 528 1422 rum,
572 1380 845 1427 rotarumque
893 1376 1023 1416 venit.
1105 1376 1310 1415 Insolitus

433 1440 527 1491 ejus
575 1440 781 1479 tumultus
828 1440 1112 1479 Romanorum
1154 1439 1312 1480 terruit

433 1515 581 1556 equoS,
617 1504 676 1543 ita
714 1503 919 1544 victorem
955 1503 1143 1556 equitum
1174 1502 1311 1543 veluti

433 1567 719 1619 lymphaticus
740 1579 875 1618 pavor
894 1565 1089 1619 dissipat.
1150 1567 1312 1607 Decius

434 1630 509 1670 ubi
531 1642 643 1669 ‘suos
677 1636 798 1681 terga
829 1630 983 1670 dantes
1019 1627 1145 1681 vidit,
1174 1630 1312 1682 primo

435 1705 637 1734 revocare
658 1692 818 1733 frustra
846 1700 1040 1746 conatus,
1069 1694 1222 1734 deinde
1241 1694 1315 1733 ubi

435 1758 552 1797 nulla
570 1757 735 1797 ratione
757 1757 972 1808 perculsos
990 1757 1202 1797 sustinere
1217 1770 1313 1809 pos-

436 1834 483 1862 se
503 1821 624 1872 vidit,
642 1826 809 1873 patrem
825 1820 1004 1860 Decium
1019 1821 1186 1860 nomine
1199 1832 1315 1860 com-

436 1885 616 1938 pellans,
655 1885 768 1927 Quid
807 1886 921 1925 ultra
955 1897 1114 1935 moror,
1160 1884 1316 1937 inquit,

436 1948 647 1989 familiare
668 1948 800 1989 fatum
818 1949 965 1989 datum
984 1955 1130 1988 nostro
1144 1948 1316 2000 generi?

437 2017 488 2053 ut
515 2013 681 2053 luendis
708 2012 909 2064 periculis
939 2012 1121 2064 publicis
1151 2012 1319 2063 piacula

437 2078 582 2116 simus.
621 2077 720 2117 Jam
755 2088 835 2127 ego
867 2087 935 2115 me
970 2082 1015 2115 et
1043 2076 1228 2115 hostium
1256 2075 1319 2115 le-

439 2139 587 2191 giones
606 2139 855 2178 mactandas
875 2138 1021 2178 telluri
1040 2150 1089 2177 ac
1110 2138 1204 2177 Diis
1224 2138 1318 2177 Ma-

439 2203 566 2243 nibus
584 2202 710 2242 dabo.
767 2201 879 2242 Haec
911 2203 1096 2251 locutus,
1127 2214 1153 2240 a
1180 2214 1319 2242 sacer-

440 2267 542 2308 dote
562 2266 727 2307 solenni
754 2265 994 2305 devotionis
1013 2265 1320 2317 imprecatione

439 2328 574 2380 facta,
594 2330 636 2368 in
666 2327 1004 2369 confertissimos
1033 2329 1195 2378 hostes,
1223 2328 1321 2367 sub-

441 2394 545 2435 ditis
565 2394 805 2434 calcaribus
836 2405 962 2446 equo,
981 2393 1175 2433 incurrit.
1232 2392 1322 2433 Ubi

441 2470 600 2509 magna
640 2457 758 2509 prius
798 2457 983 2496 hostium
1026 2455 1148 2496 coede
1190 2454 1322 2503 facta,

443 2521 625 2571 gloriose
646 2532 780 2560 caesus
800 2519 972 2559 tandem
993 2519 1212 2559 occubuit.
1240 2519 1324 2560 Cu·

439 2583 512 2635 jus
547 2594 672 2631 morS,
707 2595 790 2622 non
825 2588 870 2625 ut
905 2583 1015 2633 aliis,
1049 2582 1219 2632 terrori,
1247 2582 1324 2621 sed

445 2647 637 2687 audaciae
659 2645 859 2685 Romanis
876 2644 975 2695 fuit,
993 2645 1065 2697 qui
1086 2649 1327 2683 restaurata

445 2721 592 2761 pugna
612 2708 740 2759 paulo
763 2713 863 2747 ante
893 2707 1077 2746 victores
1097 2706 1245 2746 Gallos
1265 2706 1325 2745 in-

447 2770 597 2821 secuti,
615 2769 670 2809 ad
706 2769 854 2821 viginti
887 2768 1074 2820 quinque
1105 2768 1236 2807 millia
1261 2780 1329 2808 ce·

447 2833 664 2881 ciderunt,
704 2837 750 2872 et
795 2838 895 2872 octo
933 2831 1066 2870 millia
1102 2836 1327 2882 ceperunt.

453 2897 605 2937 Oliver.

504 2961 632 3001 Facta
651 2956 867 3009 devotione]
887 2957 939 2997 In
958 2969 1042 3009 qua
1062 2962 1220 3008 quanta
1238 2955 1330 2996 fue-

450 3023 508 3063 rit
524 3022 761 3062 daemonum
795 3020 951 3071 illusio,
976 3021 1154 3072 pulchre
1174 3019 1331 3059 edocet

450 3086 692 3127 Sabellicus
724 3085 766 3123 in
805 3083 1054 3135 Rhapsodia
1090 3095 1181 3134 sua,
1219 3083 1330 3122 hunc

450 3149 592 3190 locum
612 3147 811 3188 recitans.
869 3146 1090 3186 Devotione
1105 3146 1240 3197 facta]
1262 3147 1331 3187 Ci-

453 3223 556 3252 cero
593 3211 770 3251 Tuscul.
804 3209 880 3250 lib.
917 3221 949 3250 1.
989 3209 1162 3249 tertium
1204 3210 1332 3249 etiam

454 3276 590 3327 addit,
621 3275 692 3328 qui
717 3275 848 3314 vitam
875 3286 952 3326 pro
983 3274 1127 3325 patria
1158 3272 1332 3313 fortiter

455 3338 687 3391 pugnando
712 3336 886 3377 fuderit.
942 3335 1032 3376 Alii
1062 3341 1228 3376 tantum
1260 3336 1333 3375 du-

455 3414 576 3442 orum
620 3402 865 3452 meminere,
891 3407 939 3442 ut
982 3407 1028 3441 et
1061 3400 1232 3441 Servius
1279 3400 1333 3440 ad

456 3466 626 3508 AEneid.
649 3478 680 3509 1.
707 3471 717 3490 ‘
734 3466 899 3507 Horum
913 3467 1023 3508 alter
1037 3466 1205 3518 Italico,
1226 3467 1334 3507 alter

1007 241 1182 281 No‘rAE
1227 241 1553 282 VARIORUM
1597 243 1661 281 IN

1364 360 1534 401 Gallico
1555 360 1666 400 bello
1691 372 1737 400 se
1766 360 1940 402 devovit
1967 374 2044 415 pro
2065 364 2239 416 Repub-

1362 422 1477 463 lica!
1535 423 1699 464 Nonius
1716 424 1822 465 citat
1844 425 2009 466 Attium
2038 427 2239 469 AEneadis

1364 487 1454 526 sive
1493 487 1658 527 Decio:
1686 487 1816 528 ‘Vim
1850 489 2061 529 Gallicam
2100 490 2241 531 obduc

1364 555 1514 589 contra
1560 550 1601 588 iu
1645 551 1737 591 acie
1785 553 1999 593 exercitus
2033 553 2242 593 Paratum

1364 612 1504 653 hostili
1520 611 1658 653 fusum
1678 627 1867 666 sanguen
1887 616 2122 668 sanguine.'
2162 617 2243 657 Est

1365 681 1411 715 et
1430 675 1535 715 illud
1556 675 1668 716 Attii
1690 690 1700 717 :
1729 678 1741 700 ‘
1760 678 1912 717 Patrio
1944 680 2144 730 exemplo
2174 691 2243 720 me

1365 738 1544 779 dicabo:
1574 739 1755 780 animam
1783 741 1998 782 devorabo
2016 741 2243 783 hostibus!

1365 802 1604 842 Formulam
1652 803 1742 843 sive
1789 814 1961 844 carmen
2006 805 2247 846 devotionis

1363 864 1505 917 hujus,
1539 866 1742 906 immenso
1771 867 1984 918 exemplo,
2013 879 2089 907 sua
2114 873 2245 913 aetate

1366 928 1537 968 durasse
1571 933 1757 970 testatur
1787 930 1953 970 Plinius
1970 929 2248 980 lib.jxxv111.

1366 1003 1462 1043 cap.
1480 996 1521 1032 2.
1554 993 1730 1032 Colerus.

1421 1057 1444 1108 ς
1471 1059 1496 1094 7
1529 1056 1620 1096 Non
1656 1061 1715 1096 est
1747 1056 1965 1108 extinctus]
1993 1057 2107 1099 Post
2136 1059 2248 1100 Can-

1367 1130 1542 1158 nensem
1558 1119 1742 1170 cladem,
1762 1133 1859 1160 cum
1881 1121 1935 1160 ad
1956 1126 2137 1173 quatuor
2153 1122 2250 1161 mil·

1367 1184 1424 1223 lia
1441 1184 1656 1223 hominum
1677 1185 1910 1233 Canusium
1934 1184 2250 1237 confugissent,

1369 1259 1423 1287 ne
1448 1249 1619 1287 omnino
1639 1254 1833 1289 errantes
1853 1250 1943 1289 sine
1960 1249 2072 1290 duce
2090 1249 2250 1297 forent,

1371 1310 1539 1363 imperii
1575 1323 1780 1351 summam
1818 1311 1873 1351 ad
1910 1311 1964 1352 P.
1990 1312 2250 1363 ¹Scipionem

1371 1375 1599 1415 admodum
1619 1375 1936 1415 adolescentem
1970 1386 2132 1414 summo
2150 1386 2253 1415 cona·

1371 1446 1497 1480 sensu
1514 1439 1636 1479 Rom.
1654 1437 1886 1487 deferunt3
1917 1436 2003 1487 cui,
2022 1438 2078 1477 de
2090 1449 2252 1478 summa

1372 1514 1514 1542 rerum
1544 1501 1659 1541 inter
1678 1513 1839 1554 paucos
1858 1500 2134 1552 consultanti,
2151 1512 2256 1541 nun·

1372 1565 1523 1615 tiatur,
1552 1565 1832 1618 nequicquam
1859 1564 1978 1604 illum
1997 1564 2257 1616 consultare,

1373 1627 1586 1680 perditam
1604 1639 1724 1678 spem
1739 1639 1846 1677 esse,
1858 1626 2130 1680 desperatam
2142 1639 2257 1675 com-

1375 1692 1672 1744 ploratamque
1721 1691 2043 1743 rempublicam,
2088 1690 2256 1731 nobiles

1368 1756 1554 1809 juvenes
1574 1754 1799 1807 quosdam,
1819 1766 1996 1807 quorum
2014 1755 2256 1807 principem

1377 1820 1426 1861 L.
1441 1819 1659 1860 Caecil-ium
1675 1819 1918 1868 Metellum,
1930 1830 2047 1858 mare
2061 1830 2111 1858 ac
2125 1830 2256 1859 naves

1379 1888 1595 1935 spectare,
1618 1887 1666 1922 ut
1694 1881 1869 1921 deserta
1887 1881 2018 1921 Italia
2034 1881 2090 1921 ad
2109 1894 2256 1933 regum

1379 1948 1564 1999 aliquem
1608 1945 1885 1997 confugiant3
1931 1945 2045 1998 quod
2085 1947 2259 1997 malum,

1382 2015 1670 2062 praeterquam
1689 2007 1803 2061 quod
1820 2015 1945 2048 atrox
1957 2020 2085 2060 super
2100 2013 2166 2050 tot
2178 2009 2262 2049 cla-

1382 2074 1459 2113 des
1475 2073 1604 2113 etiam
1624 2084 1797 2120 novum,
1811 2084 1906 2112 cum
1917 2077 2093 2124 stupore
2114 2084 2164 2112 ac
2183 2073 2259 2112 mi-

1382 2137 1526 2176 raculo
1548 2135 1742 2186 torpidos
1762 2134 2002 2186 defixisset,
2017 2135 2149 2188 etqui
2159 2134 2263 2176 ade-

1381 2206 1495 2249 rant,
1532 2198 1760 2239 concilium
1795 2198 2089 2239 advocandum
2128 2198 2183 2239 dc
2211 2211 2263 2239 eo

1383 2266 1626 2312 censerent,
1659 2267 1790 2313 negat
1826 2262 1996 2302 concilii
2036 2275 2126 2303 rem
2167 2274 2263 2303 esse

1383 2326 1531 2378 Scipio
1544 2326 1718 2377 juvenis
1738 2325 1882 2366 fatalis
1902 2326 1988 2366 dux
2007 2326 2119 2367 illius
2135 2325 2263 2376 belli,

1384 2390 1622 2430 audendum
1643 2394 1772 2442 atque
1793 2389 2020 2441 agendum,
2050 2401 2136 2429 non
2163 2401 2263 2430 con-

1386 2454 1648 2504 sultandum,
1669 2453 1711 2493 in
1746 2459 1870 2494 tanto
1889 2454 2001 2494 malo
2028 2453 2117 2503 ait3
2151 2454 2267 2493 irent

1386 2529 1532 2557 secum
1565 2517 1785 2568 extemplo
1820 2517 1990 2567 armati,
2022 2516 2094 2569 qui
2127 2527 2265 2567 remp.

1387 2582 1546 2621 salvam
1576 2591 1671 2620 esse
1703 2579 1879 2619 vellent.
1935 2580 2090 2628 Pergit
2108 2579 2172 2618 ire
2200 2590 2268 2626 se-

1387 2642 1614 2696 quentibus
1648 2643 1796 2695 paucis
1829 2642 1900 2682 ubi
1937 2653 2001 2681 res
2035 2641 2268 2694 agebatur3

1389 2711 1436 2745 et
1468 2717 1563 2745 cum
1588 2705 1812 2756 juvenum,
1843 2705 1894 2743 de
1918 2705 2072 2757 quibus
2092 2705 2266 2744 allatum

1389 2769 1546 2819 fuerat,
1578 2760 1805 2807 concilium
1838 2768 2087 2818 invenisset,
2118 2769 2268 2807 stricto

1391 2843 1519 2882 super
1549 2843 1695 2870 eorum
1729 2831 1873 2883 capita
1904 2831 2061 2882 gladio,
2093 2832 2160 2871 Ex
2187 2832 2271 2871 mei

1392 2894 1518 2935 animi
1550 2894 1780 2945 sententia,
1818 2894 1973 2947 inquit,
2002 2895 2118 2946 juro,
2155 2893 2270 2947 quod

1393 2970 1471 3010 ego
1491 2957 1802 3009 rempublicam
1835 2969 1919 2998 non
1955 2958 2164 3010 deseram,
2190 2969 2271 2998 nec

1395 3021 1520 3060 alium
1549 3022 1686 3060 civem
1708 3020 1943 3060 Romanum
1971 3020 2172 3061 deserere
2202 3032 2272 3072 pa-

1394 3083 1502 3123 tiar:
1533 3082 1567 3122 si
1598 3083 1739 3123 sciens
1767 3082 1883 3129 fallo,
1902 3088 1991 3123 tum
2011 3094 2080 3123 me
2093 3082 2272 3134 Jupiter

1395 3147 1597 3199 Optimus
1645 3139 1878 3195 Maximus,
1922 3145 2110 3197 domum,
2152 3144 2271 3185 fami-

1394 3211 1507 3257 liam,
1544 3219 1715 3261 remque
1754 3219 1907 3257 meam,
1946 3208 2036 3248 leto
2087 3208 2272 3260 pessimo

1395 3272 1569 3313 afficiat.
1626 3272 1678 3311 ln
1693 3271 1786 3311 haec
1801 3271 1929 3311 verba
1939 3271 2091 3322 jurent
2109 3283 2271 3322 omnes,

1395 3336 1619 3387 expostulo
1638 3348 1648 3374 :
1669 3334 1741 3387 qui
1761 3346 1844 3374 non
1849 3334 2026 3386 jurarit,
2043 3335 2086 3375 in
2102 3347 2147 3375 se
2160 3335 2272 3374 hunc

1396 3400 1585 3452 gladium
1618 3398 1818 3438 strictum
1848 3410 1940 3439 esse
1959 3399 2085 3439 sciat.
2140 3397 2270 3438 Haud

1397 3475 1518 3505 secus
1552 3462 1710 3517 pavidi,
1742 3474 1865 3516 quam
1895 3463 1932 3503 si
1958 3464 2163 3504 victorem
2186 3461 2272 3502 An-
