2346 3996
637 323 1071 365 FRAGMENTUM
1117 324 1196 362 DE
1236 324 1606 363 NOMINIBUS·

206 448 310 488 dnn
343 457 471 487 voces
506 444 569 484 ita
605 443 877 495 distinguunt
912 444 1084 480 veteres

205 508 486 552 Grammatioi
502 507 762 558 Priscianus,
779 505 1023 557 Sosipater,
1041 509 1087 543 et

206 574 309 624 aliu
336 578 386 614 nt
402 573 501 622 Lar,
521 571 556 612 si
575 569 828 611 familiarem
844 570 988 609 Deum
1004 569 1086 619 sig-

205 636 370 688 nificet,
407 636 642 688 genitivum
682 634 802 675 Laris
846 633 983 674 faciat
1002 643 1012 670 τ
1052 632 1087 672 si

205 710 471 753 prenomen,
489 704 540 740 ut
555 700 786 751 Tolumnii,
806 700 875 739 vel
905 699 1088 739 Porsen-

203 774 288 808 na,
315 762 389 815 qui
414 763 693 802 Etruscorum
735 774 857 814 reges
900 761 1091 812 fuerunt,

206 823 341 866 faciat
366 825 517 867 Lartis.
569 825 597 867 J
603 837 670 866 am
706 838 800 878 quae
838 830 1088 878 sequuntur,

208 893 308 930 suut
333 901 508 942 prorsus
528 888 583 930 ab
602 889 814 942 imperitis
831 888 1022 929 historiae
1041 888 1089 928 li·

207 953 367 994 brariis
393 952 573 994 confusa
590 959 635 994 et
653 953 763 994 male
777 952 1000 1004 distincta,
1019 952 1092 1005 qui

210 1029 265 1058 ex
295 1017 510 1071 gentilitio
540 1017 725 1069 nomine,
754 1017 1004 1068 Herminius,
1027 1017 1091 1056 in-

209 1079 402 1125 auditum
440 1094 702 1136 praenomen,
731 1081 980 1133 Heriminus‚
1014 1079 1092 1121 fin-

210 1158 315 1200 gere
351 1147 591 1187 voluerunt.
647 1145 762 1187 Quid
809 1145 922 1185 euim
975 1144 1094 1185 succi

209 1209 355 1251 trahes
371 1221 430 1251 ex
455 1209 542 1250 ista
558 1209 749 1249 lectione
769 1210 975 1261 vulgata?
1001 1210 1095 1250 Tus·

208 1287 298 1315 em
327 1278 420 1314 ante
435 1274 629 1315 creditum
643 1286 724 1314 esse
738 1273 899 1326 fuitque
917 1275 1094 1315 consula-

208 1339 281 1389 ris,
309 1338 545 1379 Heriminus
574 1343 632 1379 est
649 1350 869 1390 proenomen
892 1338 983 1379 Tito
1004 1338 1096 1379 Vir-

207 1402 324 1453 ginea
341 1403 475 1443 Casto.
531 1402 590 1442 Et
608 1402 888 1455 manuscripti
907 1401 1002 1442 libri
1032 1402 1096 1442 ni·

210 1465 272 1505 bil
303 1463 396 1506 fere
429 1464 535 1505 daut
563 1465 689 1517 lucis,
707 1466 787 1506 nisi
809 1465 922 1519 quod
942 1467 986 1506 in
1005 1465 1096 1519 qui·

211 1529 391 1571 busdam
402 1530 587 1582 legatur,
600 1534 744 1580 autem,
755 1541 834 1583 pro
849 1533 954 1581 ante,
967 1529 1098 1582 quod-

212 1605 299 1647 que
336 1593 638 1635 distinctiones
671 1593 758 1634 iuae
796 1594 984 1644 vulgatae
1014 1592 1099 1633 sint

213 1657 395 1698 omissae.
437 1657 640 1698 Ceterum
660 1656 894 1698 studiosius
913 1656 1101 1696 animad-

214 1720 406 1762 vertenti
419 1721 561 1773 palam
583 1719 676 1772 flet,
705 1719 812 1759 duas
833 1731 961 1760 voces
983 1721 1102 1771 istas,

213 1790 273 1826 est
297 1796 531 1836 prenomen,
561 1783 844 1836 transpositas
878 1795 972 1824 esse
1003 1794 1102 1835 per·

214 1859 364 1900 peram
380 1847 496 1900 apud
514 1846 803 1899 Herminium,
821 1847 886 1886 uti
900 1847 978 1887 hoc
992 1852 1103 1899 prae-

215 1923 372 1953 nomen
398 1911 543 1964 fieret3
572 1916 618 1952 et
635 1911 788 1952 eodem
807 1922 957 1951 errore
977 1911 1104 1952 simui

215 1977 302 2018 alia
337 1977 534 2031 quasdam
568 1974 664 2018 esse
694 1977 864 2018 vitiata.
920 1976 1030 2016 Nam
1069 1975 1104 2015 si

215 2041 322 2082 duas
341 2053 470 2083 voces
499 2042 596 2082 illas
624 2039 931 2082 transferamus
957 2039 1104 2090 altius,

217 2111 266 2147 et
300 2106 521 2150 consulum
549 2106 723 2146 nomina
752 2104 1015 2155 corrigamus
1047 2115 1103 2143 ex

215 2168 424 2210 faotomm
454 2167 559 2219 fide,
586 2168 824 2221 meliusque
843 2166 1102 2207 sententiam

217 2232 533 2284 distinguamus
553 2244 566 2281 ς
622 2229 776 2271 offeret
816 2230 1004 2270 severior
1057 2234 1106 2270 et

216 2296 354 2336 multo
370 2295 610 2336 correctior
627 2294 828 2347 periodus
842 2294 916 2334 illa
930 2294 975 2334 in
991 2293 1104 2333 hunc

218 2358 418 2399 modum:
462 2357 628 2398 Tuscum
658 2362 789 2398 autem
823 2358 1012 2398 creditum
1047 2359 1106 2396 est

216 2433 440 2473 praenomen
457 2433 555 2469 esse,
571 2421 734 2474 fuitque
746 2423 878 2462 consul
895 2421 978 2462 Lar
996 2421 1104 2461 Her-

218 2485 364 2526 maius
377 2498 463 2526 oum
485 2485 530 2526 T.
553 2485 736 2537 Virginio
756 2486 945 2528 Tricosto.

274 2548 430 2590 Statius
455 2562 480 2588 a
497 2548 737 2602 stabilitate]
764 2550 902 2603 Lege,
934 2549 1105 2597 Status;

222 2619 270 2654 et
296 2612 444 2666 paullo
476 2618 643 2665 postea,
670 2614 818 2666 Tullus,
845 2625 926 2666 pro
941 2613 1105 2654 Tullius.

220 2677 295 2717 Ita
311 2676 425 2719 enim
444 2676 488 2716 in
512 2677 568 2716 V.
588 2677 638 2719 C.
693 2677 791 2717 Nec
809 2677 933 2717 male.
992 2677 1106 2716 Nam

221 2742 490 2794 pronomina
504 2741 597 2781 haec
617 2746 718 2781 sunt
738 2752 793 2780 ex
805 2740 947 2780 omine
962 2751 1107 2791 sump-

221 2811 286 2855 ta,
313 2816 398 2845 nou
417 2815 542 2845 secus
574 2815 625 2844 ac
661 2804 842 2844 Faustus
875 2808 921 2842 et
943 2802 1109 2853 Aulus3

221 2869 327 2910 item
359 2868 494 2909 Vibus
527 2867 582 2908 ab
619 2868 760 2908 omine
781 2867 898 2920 vitae,
919 2867 1032 2921 quod
1053 2867 1107 2907 ad

223 2930 518 2974 differe-ttam-
532 2931 706 2972 alterius
727 2931 977 2983 appellativi
994 2942 1071 2982 per
1085 2930 1108 2970 b

224 2995 443 3036 scribitur.
497 2995 712 3035 Caeterum
732 2995 910 3047 Statius,
927 2994 1108 3044 Tullius,

223 3056 788 3109 Aulius,Vibius‚gentilitia
803 3064 902 3097 sunt
920 3055 1109 3107 nomina,

223 3130 308 3160 non
328 3119 606 3172 praenomina.

239 3202 246 3208 ·
276 3183 512 3225 Proenomen
554 3182 758 3235 ceperunt]
804 3184 857 3223 V.
875 3183 926 3223 C.
964 3187 1110 3223 noster

224 3245 373 3298 habet,
395 3246 638 3299 proenomina
653 3251 914 3299 sumpserant.
970 3245 1031 3287 At
1048 3246 1109 3287 le-

227 3308 411 3360 gendum
455 3321 550 3350 esse
596 3309 807 3362 suspicor,
865 3309 1110 3361 praenomina

228 3375 519 3422 sumptae-vanc.

284 3434 419 3476 Natus
435 3439 509 3486 est,
535 3436 752 3488 appellatus
768 3436 847 3488 est]
876 3437 931 3476 V.
949 3437 1000 3478 C.
1019 3449 1111 3478 me·

228 3497 328 3546 lius,
345 3500 460 3537 natus
474 3502 572 3538 erat.
608 3499 748 3552 Igitur
764 3500 847 3540 hoc
862 3511 1109 3552 praenomen

231 3570 285 3599 ex
305 3571 449 3601 eorum
467 3572 625 3612 genere
644 3567 727 3615 est,
758 3575 851 3616 quae
871 3575 895 3606 a
916 3569 1108 3617 tempore

1889 313 2030 365 1379

1148 441 1351 481 nascendi
1366 447 1535 494 sumpta
1555 446 1653 482 sunt
1672 453 1684 491 ;
1701 442 1836 482 “velut
1856 442 2029 493 Lucius,

1149 502 1338 554 Manius,
1372 504 1567 551 Marcus,
1598 505 1658 544 ita
1685 509 1731 544 et
1762 505 1929 557 Sei-tor,
1960 508 2032 559 qui

1151 567 1325 607 sationis
1346 574 1541 620 tempore
1561 575 1685 608 natus
1708 573 1789 610 est.

1211 628 1390 670 Valerius
1407 636 1534 671 autem
1549 631 1705 683 scribit]
1721 631 1897 673 Joannis
1916 632 2037 672 Sam*

1151 691 1250 731 buci
1268 692 1424 743 codeX,
1444 693 1549 733 item
1578 694 1684 734 alius
1719 696 2035 747 manuscriptus

1151 754 1300 807 babet,
1318 756 1492 796 Valerius
1508 757 1654 798 Antias
1673 758 1840 799 scribit.
1896 760 1955 800 Et
1975 759 2036 799 fa-

1153 818 1234 859 cile
1265 819 1399 859 credo
1435 820 1632 861 librarios
1675 833 1918 873 cognomen
1949 823 2030 863 hoc

1153 882 1257 934 ipsis
1274 883 1488 923 insuetum
1508 890 1715 936 mutasse,
1735 886 2035 927 existimantes

1153 947 1319 987 Valerii
1335 947 1518 987 Maximi
1546 949 1803 989 mentionem
1821 950 1890 989 hic
1910 950 2019 990 fieri.

1212 1011 1368 1062 Cnaeus,
1395 1012 1442 1050 ob
1471 1012 1666 1062 insignem
1696 1024 1780 1052 rem
1805 1014 2041 1066 appellatus]

1156 1075 1211 1116 In
1230 1081 1379 1116 nostro
1399 1077 1456 1118 V.
1476 1077 1526 1118 C.
1544 1077 1638 1116 haec
1669 1079 1806 1117 multo
1842 1077 2040 1117 emenda·

1158 1139 1244 1180 tius
1270 1141 1500 1192 habentur,
1532 1141 1680 1181 Gnoeus
1697 1141 1742 1180 ob
1760 1142 1916 1192 insigne
1935 1143 2039 1181 naevi

1156 1206 1371 1258 appellatus
1387 1211 1460 1247 est.
1511 1207 1680 1247 Naum
1697 1207 1809 1247 enim
1830 1208 2040 1247 maculam

1159 1270 1396 1323 antiquitus
1418 1271 1587 1311 Gnoeum
1605 1272 1751 1312 vocari
1771 1271 1924 1323 solere,
1945 1283 2042 1310 mox

1159 1333 1287 1373 etiam
1301 1334 1395 1386 ipse
1407 1334 1533 1385 dicit;
1552 1335 1663 1376 sicut
1678 1336 1782 1376 item
1796 1336 1898 1377 SeX.
1915 1337 2042 1376 Pom·

1160 1399 1283 1452 peius
1313 1396 1542 1450 affirmans,
1575 1399 1738 1447 Gnaeus,
1767 1400 1960 1452 corporis
1982 1402 2045 1440 in-

1159 1465 1281 1516 signe
1300 1470 1345 1504 et
1365 1475 1611 1516 praenomen
1630 1476 1740 1505 esse.

1218 1527 1350 1578 [gitur
1368 1528 1487 1567 etiam
1514 1527 1581 1579 qui
1610 1527 1654 1567 in
1681 1528 1902 1579 corporibus
1926 1528 2046 1579 gigni

1158 1593 1271 1643 solet,
1293 1591 1442 1630 Gnaeus
1453 1592 1686 1644 appellatur]
1699 1592 1878 1632 Plenius
1890 1600 1936 1633 et
1952 1605 2046 1632 cor-

1162 1655 1322 1696 rectius
1340 1656 1436 1695 haec
1455 1654 1498 1694 in
1518 1655 1656 1694 veteri
1687 1654 1838 1695 codice
1872 1662 2044 1695 nostro:

1163 1722 1231 1774 qui
1248 1721 1289 1760 in
1304 1719 1526 1772 corporibus
1536 1732 1667 1760 naevus
1682 1720 1804 1771 gigni
1816 1722 2048 1772 solet,gnae—

1163 1797 1236 1825 eus
1252 1784 1535 1837 appellabatur.

1223 1849 1305 1894 Qui
1337 1849 1476 1899 Noeus,
1502 1848 1700 1889 levitatem
1741 1847 1840 1887 Gaii
1863 1847 2051 1897 judicant

1167 1925 1191 1953 a
1206 1914 1352 1963 gaudio
1369 1916 1575 1964 parentum
1592 1910 1710 1963 dicti]
1729 1910 1932 1958 Confflse,
1952 1923 2050 1963 per·

1168 1989 1315 2029 peram
1351 1978 1461 2028 haec,
1494 1982 1542 2017 et
1574 1976 1755 2016 mutile:
1786 1976 1863 2016 sed
1899 1977 2050 2016 melius

1167 2047 1215 2082 et
1255 2041 1504 2082 distinctius
1536 2042 1579 2082 in
1626 2041 1857 2093 Campensi
1901 2053 2049 2081 manu-

1165 2105 1362 2156 scripto:
1393 2105 1458 2156 qui
1482 2106 1618 2156 Noeus,
1643 2106 1843 2145 lenitatem
1864 2106 1960 2145 velle
1981 2105 2050 2155 ja-

1166 2167 1362 2208 dicantur.
1422 2168 1521 2208 Gaii
1546 2168 1646 2208 dieti
1680 2180 1706 2207 a
1733 2167 1879 2220 gaudio
1912 2181 2053 2220 paren-

1166 2235 1269 2272 tum.

1224 2294 1306 2340 Qui
1323 2296 1375 2334 ad
1400 2295 1555 2347 flumen
1576 2295 1748 2335 Tiberim
1775 2295 2054 2346 nascebantur]

1169 2357 1224 2397 V.
1247 2358 1297 2397 C.
1317 2358 1383 2409 qui
1401 2359 1452 2397 ad
1470 2357 1641 2398 Tiberim
1673 2358 1943 2398 nascebantur.

1227 2419 1340 2460 Titus
1371 2433 1395 2459 a
1426 2420 1573 2460 Sabino
1605 2421 1758 2461 nomine
1788 2421 1876 2461 Tito
1901 2420 2055 2474 fluxit]

1167 2487 1224 2527 V.
1245 2487 1295 2528 C.
1316 2491 1465 2528 noster
1483 2487 1574 2527 ita:
1608 2488 1725 2527 Titus
1756 2500 1778 2527 e
1811 2487 1958 2527 Sabino
1985 2499 2055 2526 no-

1168 2550 1275 2590 mine
1293 2550 1384 2590 Tito
1413 2550 1593 2602 refluxit.
1651 2549 1810 2590 Itidem
1838 2549 2057 2601 mendose,

1169 2613 1244 2654 sed
1265 2613 1407 2666 aperit
1425 2619 1569 2654 tamen
1587 2613 1915 2666 aliquantulum.
1952 2613 2055 2652 Non

1169 2677 1283 2716 enim
1326 2676 1554 2716 verisimile
1591 2683 1672 2723 est,
1704 2676 1848 2716 Titum
1886 2687 1911 2715 a
1946 2675 2054 2715 'rito

1169 2738 1361 2791 fluxisse,
1375 2739 1545 2792 quando
1565 2738 1678 2779 idem
1700 2749 1945 2790 praenomen
1965 2738 2021 2778 sit
2044 2751 2057 2787 ;

1171 2803 1248 2843 sed
1268 2803 1410 2855 potius
1432 2802 1515 2842 alio
1534 2803 1722 2852 nomine,
1741 2802 1862 2841 velut
1877 2801 2055 2852 Titorio,

1171 2866 1262 2906 sive
1281 2865 1459 2906 Titulio.
1516 2864 1617 2905 Sex.
1641 2864 1874 2916 Pompeius
1896 2869 2059 2912 autem,

1170 2930 1291 2970 Titus
1326 2941 1575 2982 praenomen
1601 2934 1740 2972 ortum
1761 2927 1927 2975 scribit,
1948 2940 1972 2967 a
1990 2927 2059 2966 Ti·

1174 2994 1272 3034 tulis
1301 2994 1523 3045 militibus,
1542 2993 1605 3033 ita
1624 2993 1780 3043 dictus,
1801 2991 1921 3043 quasi
1942 2995 2058 3030 tutu-

1171 3056 1345 3109 li‚quod
1367 3056 1550 3108 patriam
1571 3060 1810 3096 tuerentur.
1866 3053 1993 3093 Unde
2012 3058 2058 3092 et

1172 3119 1346 3160 'I’ituria
1375 3131 1480 3170 gens
1499 3129 1651 3159 nomen
1676 3117 1857 3157 traxisse
1886 3114 2057 3154 videtur

1173 3183 1298 3223 unius
1326 3174 1464 3223 literas⁴
1496 3181 1752 3230 mutatione,
1787 3190 1913 3231 quam
1933 3176 2058 3217 valde

1172 3247 1356 3300 priscam
1369 3247 1410 3287 in
1427 3246 1593 3287 Sabinis
1606 3244 1750 3295 fuisse,
1764 3243 2062 3285 demonstrant

1174 3309 1456 3362 antiquissimi
1475 3308 1634 3350 nummi
1653 3304 1846 3358 argentei
1863 3316 1958 3344 cum
1968 3301 2057 3342 effi-

1173 3375 1243 3427 gie
1261 3374 1364 3415 Sabi
1390 3374 1486 3414 Dei.
1541 3374 1624 3411 Eos
1662 3374 1802 3409 autem
1833 3366 2060 3418 inscriptio

1172 3437 1335 3478 iudicat
1354 3449 1477 3478 cusos
1497 3447 1588 3475 esse
1622 3447 1647 3473 a
1672 3434 1719 3473 1..
1739 3431 1912 3471 Titurio
1938 3429 2060 3470 Sabi-

1173 3514 1241 3543 no.
1269 3508 1315 3543 et
1344 3503 1657 3554 repraesentant
1688 3497 1864 3549 insuper
1906 3506 1958 3534 ex
1995 3493 2057 3532 his

1172 3567 1299 3621 aliqui
1339 3571 1510 3618 raptum
1546 3561 1800 3604 Sabinarum
1819 3559 2058 3607 mulierum,
