2346 3996
394 289 535 345 1230

395 435 432 462 c.
453 425 521 463 45.
550 422 562 445 ‘
583 422 778 463 Hominis
798 422 974 474 genibus
994 428 1039 463 et
1071 423 1267 475 qnaedam

395 486 542 538 religio
578 486 704 538 inest,
731 486 1029 526 observatione
1059 486 1265 538 gentium.

396 550 506 590 Haec
543 550 757 601 supplices
795 548 1042 600 adtingunt,
1084 550 1136 588 ad
1174 549 1267 589 haec

390 625 539 652 manus
577 612 782 652 tendunt:
822 612 913 652 haec
953 619 999 652 nt
1034 625 1128 653 aras
1164 613 1265 654 ado·

391 675 518 716 rant!

444 739 689 790 Periculum]
717 739 1083 792 Experimentum.

446 805 691 854 Quapropter
710 804 924 853 felicitatis
940 804 1165 855 cognomen]
1194 804 1265 845 Ita

389 868 534 919 vulgo.
600 868 715 919 Lege
763 879 818 907 ex
861 868 1104 908 Cauchiano
1141 868 1264 921 libro,

378 930 513 979 felicis
530 943 749 981 cognomen.
791 930 915 972 Quod
934 930 1085 971 habuit
1101 932 1147 972 L.
1162 932 1263 973 Cor-

389 993 524 1034 nelius
543 994 671 1034 Sulla.
705 994 888 1044 Pighius.

442 1058 506 1109 §5
538 1058 700 1097 Marcus
731 1057 900 1109 Brutus]
929 1058 985 1098 Et
1014 1059 1118 1099 illud
1138 1059 1263 1100 Bruti

387 1120 549 1161 dic-tum
584 1121 798 1173 gravitate
832 1127 878 1162 et
904 1122 1060 1164 fidncia
1092 1124 1262 1175 plenum

387 1182 488 1224 fuit.
539 1184 895 1224 Dissuadentibus
922 1186 1032 1225 enim
1053 1187 1137 1226 suis
1156 1188 1261 1227 mul-

386 1254 493 1298 tum,
535 1249 728 1300 proelium
767 1249 1086 1300 suscipiendum
1138 1263 1259 1291 esse:

386 1311 398 1332 ‘
421 1310 537 1363 Aut‚’
567 1311 720 1363 inquit,
747 1312 758 1332 ‘
777 1312 903 1351 hodie
936 1320 1069 1363 recte,
1097 1319 1170 1353 aut
1201 1315 1260 1353 ni-

384 1373 441 1413 hil
460 1373 653 1414 curabo.'
709 1373 775 1414 Ac
807 1375 841 1413 si
871 1374 1052 1425 diceret,
1084 1377 1150 1415 vel
1171 1376 1258 1416 vin-

385 1449 495 1488 cam,
522 1438 588 1477 vel
609 1437 779 1477 moriar.
835 1439 974 1478 Recte
1005 1439 1105 1490 erit,
1133 1439 1167 1479 si
1201 1440 1260 1480 vi-

385 1512 510 1540 cero:
543 1500 646 1539 nihil
667 1500 826 1541 curabo
844 1501 876 1540 si
894 1501 1064 1542 moriar.
1109 1502 1262 1543 Cicero

384 1563 438 1602 ad
459 1563 726 1604 Dolabellam
741 1563 795 1604 de
810 1565 949 1605 Bruto
964 1566 1097 1605 multa
1113 1566 1260 1616 tradit,

383 1626 649 1679 maximeque
669 1627 941 1667 commendat
966 1627 1008 1666 in
1029 1640 1081 1667 ea
1100 1629 1260 1680 episto-

383 1690 449 1729 la:
478 1690 491 1712 ‘
513 1689 606 1729 Etsi
639 1694 868 1731 contentus
902 1702 1016 1731 eram
1049 1692 1104 1731 mi
1134 1692 1259 1732 Dola-

384 1753 527 1794 bella-³
558 1754 703 1794 Oliver.

437 1817 594 1856 Patrioe
607 1818 804 1870 parentis]
831 1819 858 1861 J
864 1819 935 1859 ulii
955 1819 1151 1861 Casan-is.

442 1881 529 1922 Uno
547 1881 649 1921 enim
662 1881 795 1934 facto]
824 1883 1062 1923 Teterrima
1088 1885 1257 1975 conspi-

381 1944 544 1985 ratione
564 1945 608 1984 in
628 1944 676 1985 C.
694 1945 924 1986 Caesarem.

436 2011 547 2051 Ex‘r.
567 2011 589 2062 ξ
616 2013 637 2049 1
667 2011 725 2051 D.
748 2011 936 2063 Brutum]
965 2011 1070 2052 Cum
1093 2014 1256 2055 Decius

381 2075 638 2126 Brutus,M.
656 2076 783 2116 Bruti
797 2077 1139 2130 patrnehs‚re1p
1159 2090 1254 2130 par-

380 2144 447 2180 tes
484 2137 749 2180 defenderet.
773 2140 978 2181 adversus
1010 2141 1258 2195 Antonium,

379 2204 422 2243 in
440 2203 692 2256 Hispaniam
714 2201 945 2255 profectus,
974 2210 1106 2244 totam
1135 2207 1256 2246 Lusi-

380 2267 555 2317 taniam,
582 2280 677 2320 quae
698 2279 797 2319 pars
816 2272 882 2308 est
912 2268 1128 2318 Hspaniae,
1157 2269 1256 2309 sub·

380 2332 485 2385 egit.
518 2332 623 2373 Oliv.
680 2331 874 2382 Contigit
892 2331 946 2371 A.
962 2332 1017 2372 U.
1037 2343 1189 2372 Dccx1.

436 2394 645 2446 Ginninia]
658 2393 877 2433 Antonino
893 2393 1115 2446 Hispaniae
1136 2394 1253 2446 urbs,

380 2456 435 2498 ad
472 2456 639 2497 radices
670 2457 874 2508 Pyrenaei
906 2459 1079 2510 montis,
1107 2471 1254 2499 versus

378 2522 736 2564 mediterraneum
767 2533 897 2564 mare.
953 2524 1030 2562 Est
1061 2528 1107 2563 et
1139 2522 1255 2564 Lusi-

380 2586 511 2626 taniae
547 2585 665 2637 urbs,
701 2598 826 2639 quam
859 2598 955 2626 cum
1000 2587 1054 2626 D.
1092 2587 1255 2628 Brutus

380 2647 676 2700 redemptione
721 2653 949 2699 tentasset,
990 2650 1256 2701 respondent

381 2712 514 2764 cives,
545 2712 716 2752 Ferrum
749 2725 771 2751 a
792 2712 1041 2765 majoribus,
1071 2726 1156 2766 quo
1187 2726 1256 2753 ur·

382 2777 480 2816 bem
513 2781 751 2826 tuerentur,
780 2789 863 2816 non
899 2789 1063 2828 aurum,
1091 2789 1175 2830 quo
1210 2778 1256 2817 li-

380 2840 593 2881 bertatem
643 2845 855 2891 emerent,
899 2841 1096 2880 relictum
1148 2852 1258 2881 esse.

385 2902 572 2943 Cinninia
587 2903 741 2954 legunt
769 2903 851 2942 tria
877 2915 972 2942 mea
993 2903 1258 2943 membrana·

381 2979 459 3008 cea
494 2967 773 3018 exemplaria.
839 2966 996 3006 Sicania
1025 2966 1150 3006 hodie
1183 2978 1258 3019 ap·

381 3031 548 3083 pellan,
577 3029 727 3070 scribit
747 3029 799 3069 ad
819 3042 886 3069 me
919 3030 1125 3069 Emannel
1153 3030 1257 3068 Bar-

381 3095 484 3135 bosa
500 3094 639 3136 Jctus
659 3093 898 3142 Lusitanus,
925 3099 970 3133 et
991 3093 1113 3133 sitam
1142 3093 1258 3133 inter

381 3159 612 3199 Bracaram
650 3163 696 3198 et
730 3156 970 3197 Aradncam
1009 3157 1061 3196 ad
1103 3156 1256 3196 Ortum

381 3223 499 3274 solis,
526 3221 579 3262 ab
604 3226 782 3273 utraque
814 3231 889 3260 sex
922 3220 1184 3270 milliaribus,
1213 3226 1258 3261 at

381 3286 523 3325 locum
569 3296 716 3324 carere
761 3283 1017 3324 habitatore.
1068 3284 1258 3326 Ortelius.

385 3347 590 3399 Cinninia]
620 3347 713 3389 Lib.
743 3348 859 3387 Dan.
892 3347 1118 3397 Cinginnia.
1172 3348 1258 3387 Ve-

382 3418 485 3452 neta
502 3411 661 3452 editio:
692 3410 870 3450 Cirania.
924 3410 1008 3450 Sed
1030 3410 1257 3451 Cinninen-

383 3488 451 3516 ses
484 3475 576 3516 noti
607 3487 662 3516 ex
691 3474 835 3516 Plinio
866 3473 939 3516 lib.
974 3485 1048 3516 111.
1090 3486 1186 3526 cap.
1214 3476 1255 3515 3.

386 3539 558 3581 Colerus.

966 306 1140 345 NOTAE
1182 305 1515 347 VARlORUM
1557 310 1621 349 IN

1385 427 1407 477 ἕ
1435 429 1461 468 2
1488 426 1683 480 Socrates,
1698 430 1787 484 &eq
1803 430 2001 471 Socrates
2021 442 2115 471 cnm
2136 444 2204 474 ac·

1329 494 1499 530 cusatus
1529 496 1658 543 esset,
1689 492 1801 544 quod
1830 493 1989 533 alienos
2006 494 2121 534 Deos
2140 494 2202 533 in-

1331 551 1594 604 troduceret,
1631 560 1678 594 et
1712 566 1939 606 puerorum
1977 562 2203 607 corruptor

1327 621 1458 665 esset,
1476 621 1524 655 ut
1546 617 1725 657 ulterius
1753 618 1940 658 dicemus
1961 619 2003 658 in
2023 619 2099 659 lib.
2117 630 2201 660 vn.

1328 676 1381 716 de
1399 677 1629 729 Sapienter
1660 679 1803 731 dictis,
1828 681 1976 732 Lysias
2003 681 2097 733 ejus
2116 681 2201 721 dis-

1326 740 1513 792 cipulus,
1531 742 1903 784 commiseratione
1933 749 2088 795 motus,
2106 757 2200 785 ora-

1326 803 1482 843 tionem
1513 816 1591 856 pro
1619 817 1670 845 eo
1702 806 1876 858 scripsit
1908 808 2201 848 accommoda-

1325 867 1530 910 tissimam
1543 868 1594 908 ad
1611 870 1928 910 excusationem
1942 883 1954 920 ;
1967 883 2091 923 quam
2104 883 2200 911 cum

1324 930 1493 971 Socrati
1514 933 1753 984 recitasset,
1770 933 2040 987 (continebat
2056 933 2200 974 ἀπολο-

1324 992 1429 1044 γίαν,
1448 995 1488 1034 id
1512 1002 1592 1047 est,
1624 996 1942 1050 excusationm‚)
1972 997 2112 1050 Bona,
2139 999 2200 1038 in·

1325 1059 1418 1111 quit
1438 1059 1649 1109 Socrates,
1662 1066 1729 1101 est
1744 1062 1898 1112 oratio,
1913 1062 1986 1101 sed
2002 1073 2086 1101 uon
2101 1061 2201 1102 mihi

1325 1124 1606 1173 conveniens;
1635 1136 1731 1163 nam
1751 1124 2042 1165 humilioribus
2060 1123 2202 1164 verbis

1324 1186 1486 1237 scripta
1515 1194 1624 1238 erat,
1656 1200 1781 1240 quam
1811 1188 2069 1241 Philosopho
2099 1201 2198 1229 con-

1325 1249 1482 1289 veniat.
1549 1250 1653 1289 Tum
1699 1251 1796 1290 ille:
1838 1251 1884 1291 Si
1921 1257 2000 1297 est,
2044 1252 2200 1303 inquit,

1322 1311 1450 1362 bona,
1471 1324 1545 1351 cur
1564 1325 1648 1352 non
1665 1326 1713 1352 ea
1733 1313 1866 1353 uteris
1883 1314 1898 1353 ?
1926 1314 2036 1354 Tum
2049 1314 2200 1355 Socra-

1323 1381 1414 1415 tes:
1447 1377 1602 1416 Nonne
1640 1379 1768 1417 vestis
1806 1383 1951 1430 potest
1982 1390 2076 1419 esse
2106 1379 2199 1430 pul-

1324 1439 1438 1488 chra,
1475 1446 1520 1479 et
1553 1447 1692 1479 tamen
1726 1453 1810 1481 non
1842 1441 2070 1493 unicuique
2098 1449 2199 1481 con-

1324 1503 1528 1542 veniens?
1558 1503 1682 1544 Hanc
1702 1504 1920 1544 historiam
1941 1504 2002 1544 ita
2019 1503 2200 1544 tradidit

1322 1566 1452 1617 Diog.
1491 1566 1701 1617 Laertius,
1727 1580 1964 1620 quanquam
2004 1568 2198 1608 Valerius

1324 1629 1442 1669 dicat
1460 1630 1576 1669 illum
1599 1631 1724 1670 aliter
1741 1631 2025 1683 respondisse.
2064 1631 2199 1673 Quin-

1323 1693 1495 1734 tilianus
1528 1694 1603 1734 lib.
1642 1705 1695 1735 11.
1740 1695 1827 1736 ‘Et
1873 1694 2097 1746 Socrates‚’
2136 1696 2198 1734 in-

1323 1758 1428 1809 quit,
1444 1763 1454 1780 ⁴
1470 1758 1736 1798 inhonestam
1751 1758 1829 1798 sibi
1845 1757 2030 1798 credidit
2042 1758 2198 1798 oratio-

1322 1833 1435 1873 nem,
1454 1834 1579 1874 quam
1601 1822 1640 1861 ei
1667 1821 1820 1874 Lysias
1848 1833 1922 1862 reo
1949 1833 2194 1874 composue-

1322 1883 1422 1924 rat.'
1477 1886 1626 1925 Oliver.

1376 1948 1674 2000 Imminentique
1687 1948 1884 2001 procellae]
1917 1947 2102 1989 Instanti
2123 1959 2196 1999 po-

1320 2012 1468 2053 riculo.

1373 2076 1627 2128 Perorarem]
1657 2076 1750 2117 Tali
1767 2075 2012 2117 defensione
2023 2075 2199 2128 judices

1318 2141 1639 2192 persuaderem.
2147 2166 2149 2169 -

1391 2204 1613 2256 Maluitque
1644 2203 1842 2255 Socrates]
1886 2203 2044 2243 Maluit
2084 2202 2193 2241 mori

1320 2273 1522 2320 tanquam
1543 2268 1759 2320 Socrates,
1786 2279 1913 2320 quam
1938 2267 2084 2307 vivere
2105 2273 2195 2306 tan-

1321 2342 1446 2383 quam
1469 2331 1635 2382 Lysias.

1373 2393 1395 2444 §
1429 2397 1452 2433 3
1485 2394 1612 2434 Dario
1642 2393 1764 2446 enim]
1807 2392 1999 2435 Justinus
2039 2393 2195 2433 nullam

1319 2469 1492 2509 prorsus
1527 2458 1785 2498 mentionem
1829 2456 1936 2498 facit
1979 2458 2022 2497 in
2064 2458 2198 2510 gestis

1323 2520 1586 2561 Alexandri:
1621 2527 1786 2561 tantum
1801 2521 1906 2561 illud
1923 2520 2196 2574 refert‚qnod

1320 2585 1458 2624 victus
1473 2585 1632 2624 Darius
1650 2597 1745 2624 cum
1759 2585 2038 2638 Babyloniam
2053 2585 2202 2637 profu·

1320 2649 1466 2701 gisset,
1487 2660 1564 2700 per
1581 2649 1781 2700 epistolas
1800 2647 2091 2689 Alexandrum
2121 2648 2196 2688 de-

1319 2719 1519 2764 precatus
1540 2712 1611 2764 sit,
1624 2718 1671 2752 ut
1692 2712 2034 2751 redimendarum
2056 2711 2194 2764 capti·

1319 2787 1464 2815 varum
1495 2775 1575 2815 sibi
1609 2780 1865 2827 potestatem
1894 2774 2042 2826 faciat,
2065 2776 2194 2828 inque

1318 2849 1411 2877 eam
1440 2850 1529 2877 rem
1551 2849 1747 2888 magnam
1776 2839 2002 2890 pecuniam
2030 2839 2195 2890 pollici-

1321 2907 1412 2951 tus;
1443 2901 1517 2940 sed
1540 2900 1787 2940 Alexander
1818 2901 1860 2940 in
1890 2901 2076 2953 pretium
2098 2914 2197 2953 cap-

1319 2965 1501 3005 tivarum
1536 2976 1713 3017 regnum
1749 2976 1888 3011 omne,
1929 2976 2012 3004 non
2064 2976 2196 3016 pecu-

1318 3029 1431 3068 niam
1477 3029 1623 3080 petiit.
1707 3027 1948 3079 Interjecto
1995 3033 2194 3080 tempore

1320 3092 1415 3131 aliae
1437 3091 1634 3144 epistolae
1668 3091 1791 3131 Darii
1818 3089 2065 3130 Alexandro
2097 3090 2194 3129 red-

1319 3157 1491 3207 duntur,
1507 3157 1661 3210 quibus
1679 3156 1777 3196 filiae
1799 3155 2126 3205 matrimonium,
2151 3160 2198 3195 et

1320 3221 1437 3272 regni
1469 3221 1608 3272 portio
1637 3219 1883 3269 offerretur,
1910 3217 1984 3258 sed
2005 3216 2194 3258 Alexan-

1321 3283 1398 3323 der
1417 3295 1492 3322 sna
1511 3283 1592 3323 sibi
1611 3283 1701 3321 dari
1727 3281 1960 3333 rescripsit,
1983 3281 2194 3334 jussitque

1319 3345 1553 3397 supplicem
1574 3345 1734 3393 venire,
1761 3350 1806 3384 et
1825 3344 1945 3395 regni
1965 3343 2194 3384 arbitraria

1318 3408 1471 3448 victori
1505 3407 1768 3459 permittere.
1826 3407 1936 3447 item
1973 3407 2098 3458 paulo
2131 3407 2195 3445 in-

1319 3471 1451 3511 ferius
1471 3472 1554 3513 ait:
1582 3472 1595 3494 ⁶
1610 3471 1765 3511 Darius
1784 3483 1831 3511 se
1851 3475 1966 3510 ratus
1987 3465 2192 3510 vere'vic-

1319 3542 1424 3589 tum,
1454 3548 1550 3577 cum
1584 3541 1679 3588 post
1713 3535 1863 3588 praelia
1895 3541 1940 3576 et
1975 3532 2191 3575 beneficiis
