<?xml version="1.0" encoding="UTF-8"?>
<!DOCTYPE html PUBLIC "-//W3C//DTD XHTML 1.0 Transitional//EN"
    "http://www.w3.org/TR/xhtml1/DTD/xhtml1-transitional.dtd">
<html xmlns="http://www.w3.org/1999/xhtml" xml:lang="en" lang="en">
 <head>
  <title>
</title>
<meta http-equiv="Content-Type" content="text/html;charset=utf-8" />
  <meta name='ocr-system' content='tesseract 3.04.00' />
  <meta name='ocr-capabilities' content='ocr_page ocr_carea ocr_par ocr_line ocrx_word'/>
</head>
<body>
  <div class='ocr_page' id='page_1' title='image "./factorumdictorum03valeuoft_0246.png"; bbox 0 0 2320 4004; ppageno 0'>
   <div class='ocr_carea' id='block_1_1' title="bbox 369 307 512 360">
    <p class='ocr_par' dir='ltr' id='par_1_1' title="bbox 369 307 512 360">
     <span class='ocr_line' id='line_1_1' title="bbox 369 307 512 360; baseline 0.014 -2"><span class='ocrx_word' id='word_1_1' title='bbox 369 307 512 360; x_wconf 77' lang='lat'>1146</span> 
     </span>
    </p>
   </div>
   <div class='ocr_carea' id='block_1_2' title="bbox 363 438 1244 1312">
    <p class='ocr_par' dir='ltr' id='par_1_2' title="bbox 367 438 1243 556">
     <span class='ocr_line' id='line_1_2' title="bbox 367 438 1243 493; baseline 0.005 -14"><span class='ocrx_word' id='word_1_2' title='bbox 367 440 554 493; x_wconf 77' lang='lat' dir='ltr'><strong>losopliis</strong></span> <span class='ocrx_word' id='word_1_3' title='bbox 572 441 858 482; x_wconf 84' lang='lat' dir='ltr'><strong>doctissimum</strong></span> <span class='ocrx_word' id='word_1_4' title='bbox 886 440 1113 490; x_wconf 87' lang='lat' dir='ltr'><strong>hominem,</strong></span> <span class='ocrx_word' id='word_1_5' title='bbox 1132 438 1243 483; x_wconf 62' lang='lat' dir='ltr'><strong>Poe-</strong></span> 
     </span>
     <span class='ocr_line' id='line_1_3' title="bbox 371 503 1227 556; baseline -0.002 -12"><span class='ocrx_word' id='word_1_6' title='bbox 371 510 539 556; x_wconf 82' lang='lat' dir='ltr'><strong>tamque</strong></span> <span class='ocrx_word' id='word_1_7' title='bbox 559 505 748 544; x_wconf 84' lang='lat' dir='ltr'><strong>divinum</strong></span> <span class='ocrx_word' id='word_1_8' title='bbox 765 503 1049 556; x_wconf 66' lang='lat' dir='ltr'><strong>Sophoclem!</strong></span> <span class='ocrx_word' id='word_1_9' title='bbox 1081 504 1227 544; x_wconf 77' lang='lat' dir='ltr'><strong>Oliver.</strong></span> 
     </span>
    </p>

    <p class='ocr_par' dir='ltr' id='par_1_3' title="bbox 368 566 1244 682">
     <span class='ocr_line' id='line_1_4' title="bbox 422 566 1244 619; baseline 0 -12"><span class='ocrx_word' id='word_1_10' title='bbox 422 566 499 607; x_wconf 80' lang='lat' dir='ltr'><strong>Dii</strong></span> <span class='ocrx_word' id='word_1_11' title='bbox 534 566 711 617; x_wconf 81' lang='lat' dir='ltr'><strong><em>meliora]</em></strong></span> <span class='ocrx_word' id='word_1_12' title='bbox 742 568 848 606; x_wconf 89' lang='lat' dir='ltr'><strong>Sunt</strong></span> <span class='ocrx_word' id='word_1_13' title='bbox 878 568 949 619; x_wconf 90' lang='lat' dir='ltr'><strong>qui</strong></span> <span class='ocrx_word' id='word_1_14' title='bbox 988 566 1138 607; x_wconf 86' lang='lat' dir='ltr'><strong>dieunt</strong></span> <span class='ocrx_word' id='word_1_15' title='bbox 1169 567 1244 608; x_wconf 85' lang='lat' dir='ltr'><strong>So·</strong></span> 
     </span>
     <span class='ocr_line' id='line_1_5' title="bbox 368 629 1018 682; baseline 0 -12"><span class='ocrx_word' id='word_1_16' title='bbox 368 636 531 671; x_wconf 88' lang='lat' dir='ltr'><strong>cratem</strong></span> <span class='ocrx_word' id='word_1_17' title='bbox 550 629 694 682; x_wconf 89' lang='lat' dir='ltr'><strong>fuisse,</strong></span> <span class='ocrx_word' id='word_1_18' title='bbox 709 630 779 682; x_wconf 88' lang='lat' dir='ltr'><strong>qui</strong></span> <span class='ocrx_word' id='word_1_19' title='bbox 795 631 874 670; x_wconf 90' lang='lat' dir='ltr'><strong>hoc</strong></span> <span class='ocrx_word' id='word_1_20' title='bbox 893 630 1018 670; x_wconf 86' lang='lat' dir='ltr'><strong>dixit.</strong></span> 
     </span>
    </p>

    <p class='ocr_par' dir='ltr' id='par_1_4' title="bbox 363 692 1243 1312">
     <span class='ocr_line' id='line_1_6' title="bbox 423 692 1242 745; baseline 0.001 -13"><span class='ocrx_word' id='word_1_21' title='bbox 423 695 487 745; x_wconf 70' lang='lat'><strong>§3</strong></span> <span class='ocrx_word' id='word_1_22' title='bbox 509 694 767 733; x_wconf 78' lang='lat' dir='ltr'><em>Xenocratem</em></span> <span class='ocrx_word' id='word_1_23' title='bbox 790 692 936 743; x_wconf 80' lang='lat' dir='ltr'><strong>fuisse]</strong></span> <span class='ocrx_word' id='word_1_24' title='bbox 976 693 1242 733; x_wconf 85' lang='lat' dir='ltr'><strong>Xenocrates</strong></span> 
     </span>
     <span class='ocr_line' id='line_1_7' title="bbox 367 754 1242 807; baseline -0.001 -12"><span class='ocrx_word' id='word_1_25' title='bbox 367 756 674 795; x_wconf 80' lang='lat' dir='ltr'>Chalcedonius</span> <span class='ocrx_word' id='word_1_26' title='bbox 705 754 787 795; x_wconf 88' lang='lat' dir='ltr'><strong>fuit</strong></span> <span class='ocrx_word' id='word_1_27' title='bbox 806 754 1090 807; x_wconf 86' lang='lat' dir='ltr'><strong>Agathenoris</strong></span> <span class='ocrx_word' id='word_1_28' title='bbox 1116 755 1242 806; x_wconf 87' lang='lat' dir='ltr'><strong>filius,</strong></span> 
     </span>
     <span class='ocr_line' id='line_1_8' title="bbox 368 818 1243 872; baseline -0.001 -13"><span class='ocrx_word' id='word_1_29' title='bbox 368 826 413 859; x_wconf 89' lang='lat' dir='ltr'><strong>et</strong></span> <span class='ocrx_word' id='word_1_30' title='bbox 425 831 450 859; x_wconf 89' lang='lat' dir='ltr'><strong>a</strong></span> <span class='ocrx_word' id='word_1_31' title='bbox 465 820 611 872; x_wconf 89' lang='lat' dir='ltr'><strong>primis</strong></span> <span class='ocrx_word' id='word_1_32' title='bbox 626 818 717 859; x_wconf 87' lang='lat' dir='ltr'><strong>fere</strong></span> <span class='ocrx_word' id='word_1_33' title='bbox 733 820 853 859; x_wconf 90' lang='lat' dir='ltr'><strong>anuis</strong></span> <span class='ocrx_word' id='word_1_34' title='bbox 867 820 1060 859; x_wconf 86' lang='lat' dir='ltr'>Platonis</span> <span class='ocrx_word' id='word_1_35' title='bbox 1073 820 1243 860; x_wconf 80' lang='lat' dir='ltr'><strong>auditor</strong></span> 
     </span>
     <span class='ocr_line' id='line_1_9' title="bbox 367 882 1241 934; baseline 0.002 -14"><span class='ocrx_word' id='word_1_36' title='bbox 367 887 477 931; x_wconf 87' lang='lat' dir='ltr'><strong>erat,</strong></span> <span class='ocrx_word' id='word_1_37' title='bbox 509 887 618 921; x_wconf 87' lang='lat' dir='ltr'><strong>teste</strong></span> <span class='ocrx_word' id='word_1_38' title='bbox 649 882 838 934; x_wconf 75' lang='lat' dir='ltr'><strong>Lae&#39;rtio,</strong></span> <span class='ocrx_word' id='word_1_39' title='bbox 869 882 1016 922; x_wconf 89' lang='lat' dir='ltr'><strong>tardus</strong></span> <span class='ocrx_word' id='word_1_40' title='bbox 1054 883 1241 933; x_wconf 88' lang='lat' dir='ltr'><strong>ingenio,</strong></span> 
     </span>
     <span class='ocr_line' id='line_1_10' title="bbox 366 945 1241 997; baseline 0.001 -13"><span class='ocrx_word' id='word_1_41' title='bbox 366 951 415 985; x_wconf 87' lang='lat' dir='ltr'><strong>ut</strong></span> <span class='ocrx_word' id='word_1_42' title='bbox 432 956 527 986; x_wconf 86' lang='lat' dir='ltr'><strong>cum</strong></span> <span class='ocrx_word' id='word_1_43' title='bbox 543 945 668 985; x_wconf 89' lang='lat' dir='ltr'><strong>illum&#39;</strong></span> <span class='ocrx_word' id='word_1_44' title='bbox 681 947 810 987; x_wconf 87' lang='lat' dir='ltr'><strong>Plato</strong></span> <span class='ocrx_word' id='word_1_45' title='bbox 827 946 1051 986; x_wconf 82' lang='lat' dir='ltr'><strong>Aristoteli</strong></span> <span class='ocrx_word' id='word_1_46' title='bbox 1071 958 1241 997; x_wconf 88' lang='lat' dir='ltr'><strong>compa-</strong></span> 
     </span>
     <span class='ocr_line' id='line_1_11' title="bbox 365 1009 1241 1061; baseline -0.001 -13"><span class='ocrx_word' id='word_1_47' title='bbox 365 1014 497 1061; x_wconf 86' lang='lat' dir='ltr'><strong>raret,</strong></span> <span class='ocrx_word' id='word_1_48' title='bbox 515 1015 563 1049; x_wconf 92' lang='lat' dir='ltr'><strong>ut</strong></span> <span class='ocrx_word' id='word_1_49' title='bbox 580 1009 710 1049; x_wconf 79' lang='lat' dir='ltr'><strong>tradit</strong></span> <span class='ocrx_word' id='word_1_50' title='bbox 737 1010 885 1050; x_wconf 86' lang='lat' dir='ltr'><strong>Cicero</strong></span> <span class='ocrx_word' id='word_1_51' title='bbox 904 1009 945 1048; x_wconf 90' lang='lat' dir='ltr'><strong>in</strong></span> <span class='ocrx_word' id='word_1_52' title='bbox 967 1009 1039 1048; x_wconf 89' lang='lat' dir='ltr'><strong>lib.</strong></span> <span class='ocrx_word' id='word_1_53' title='bbox 1060 1009 1114 1049; x_wconf 86' lang='lat' dir='ltr'><strong>de</strong></span> <span class='ocrx_word' id='word_1_54' title='bbox 1135 1009 1241 1048; x_wconf 88' lang='lat' dir='ltr'><strong>Ora-</strong></span> 
     </span>
     <span class='ocr_line' id='line_1_12' title="bbox 367 1071 1241 1122; baseline 0.001 -12"><span class='ocrx_word' id='word_1_55' title='bbox 367 1076 477 1122; x_wconf 88' lang='lat' dir='ltr'><strong>tore,</strong></span> <span class='ocrx_word' id='word_1_56' title='bbox 493 1071 674 1111; x_wconf 87' lang='lat' dir='ltr'><strong>alterum</strong></span> <span class='ocrx_word' id='word_1_57' title='bbox 712 1071 864 1122; x_wconf 86' lang='lat' dir='ltr'><strong>fraeno,</strong></span> <span class='ocrx_word' id='word_1_58' title='bbox 893 1073 1072 1111; x_wconf 84' lang='lat' dir='ltr'><strong>alterum</strong></span> <span class='ocrx_word' id='word_1_59' title='bbox 1105 1073 1241 1112; x_wconf 83' lang='lat' dir='ltr'><strong>calca-</strong></span> 
     </span>
     <span class='ocr_line' id='line_1_13' title="bbox 364 1133 1242 1186; baseline 0.002 -13"><span class='ocrx_word' id='word_1_60' title='bbox 364 1133 482 1174; x_wconf 86' lang='lat' dir='ltr'><strong>ribus</strong></span> <span class='ocrx_word' id='word_1_61' title='bbox 499 1133 688 1185; x_wconf 86' lang='lat' dir='ltr'><strong>indigere</strong></span> <span class='ocrx_word' id='word_1_62' title='bbox 699 1135 863 1174; x_wconf 86' lang='lat' dir='ltr'><strong>diceret</strong></span> <span class='ocrx_word' id='word_1_63' title='bbox 881 1147 891 1175; x_wconf 73' lang='grc' dir='ltr'>ε</span> <span class='ocrx_word' id='word_1_64' title='bbox 922 1135 1081 1186; x_wconf 85' lang='lat' dir='ltr'><strong>alioqui</strong></span> <span class='ocrx_word' id='word_1_65' title='bbox 1095 1146 1242 1175; x_wconf 85' lang='lat' dir='ltr'><strong>severo</strong></span> 
     </span>
     <span class='ocr_line' id='line_1_14' title="bbox 363 1197 1243 1250; baseline -0.001 -13"><span class='ocrx_word' id='word_1_66' title='bbox 363 1208 534 1248; x_wconf 84' lang='lat' dir='ltr'>semper</span> <span class='ocrx_word' id='word_1_67' title='bbox 553 1210 602 1237; x_wconf 89' lang='lat' dir='ltr'><strong>ac</strong></span> <span class='ocrx_word' id='word_1_68' title='bbox 623 1198 734 1238; x_wconf 89' lang='lat' dir='ltr'><strong>serio</strong></span> <span class='ocrx_word' id='word_1_69' title='bbox 762 1197 907 1237; x_wconf 84' lang='lat' dir='ltr'><strong>habitu</strong></span> <span class='ocrx_word' id='word_1_70' title='bbox 929 1203 974 1237; x_wconf 90' lang='lat' dir='ltr'><strong>et</strong></span> <span class='ocrx_word' id='word_1_71' title='bbox 993 1209 1068 1237; x_wconf 90' lang='lat' dir='ltr'><strong>ore</strong></span> <span class='ocrx_word' id='word_1_72' title='bbox 1088 1197 1243 1250; x_wconf 82' lang='lat' dir='ltr'><strong>perdu-</strong></span> 
     </span>
     <span class='ocr_line' id='line_1_15' title="bbox 365 1261 1243 1312; baseline 0.001 -12"><span class='ocrx_word' id='word_1_73' title='bbox 365 1261 517 1302; x_wconf 81' lang='lat' dir='ltr'><strong>rabat:</strong></span> <span class='ocrx_word' id='word_1_74' title='bbox 545 1262 586 1301; x_wconf 93' lang='lat' dir='ltr'><strong>in</strong></span> <span class='ocrx_word' id='word_1_75' title='bbox 618 1261 852 1302; x_wconf 82' lang='lat' dir='ltr'><strong>Academia</strong></span> <span class='ocrx_word' id='word_1_76' title='bbox 887 1262 993 1301; x_wconf 88' lang='lat' dir='ltr'><strong>vixit</strong></span> <span class='ocrx_word' id='word_1_77' title='bbox 1026 1266 1073 1301; x_wconf 89' lang='lat' dir='ltr'><strong>ut</strong></span> <span class='ocrx_word' id='word_1_78' title='bbox 1109 1261 1243 1312; x_wconf 85' lang='lat' dir='ltr'><strong>pluri·</strong></span> 
     </span>
    </p>
   </div>
   <div class='ocr_carea' id='block_1_3' title="bbox 278 1317 1260 1377">
    <p class='ocr_par' dir='ltr' id='par_1_5' title="bbox 278 1317 1260 1377">
     <span class='ocr_line' id='line_1_16' title="bbox 278 1317 1260 1377; baseline -0.001 -13"><span class='ocrx_word' id='word_1_79' title='bbox 278 1333 313 1338; x_wconf 76' lang='grc'><strong>·’</strong></span> <span class='ocrx_word' id='word_1_80' title='bbox 365 1334 504 1374; x_wconf 85' lang='lat' dir='ltr'><strong>mnm;</strong></span> <span class='ocrx_word' id='word_1_81' title='bbox 535 1325 569 1364; x_wconf 89' lang='lat' dir='ltr'><strong>si</strong></span> <span class='ocrx_word' id='word_1_82' title='bbox 593 1325 762 1377; x_wconf 85' lang='lat' dir='ltr'><strong>quando</strong></span> <span class='ocrx_word' id='word_1_83' title='bbox 791 1324 844 1363; x_wconf 90' lang='lat' dir='ltr'><strong>ad</strong></span> <span class='ocrx_word' id='word_1_84' title='bbox 877 1324 1026 1364; x_wconf 87' lang='lat' dir='ltr'><strong>urbem</strong></span> <span class='ocrx_word' id='word_1_85' title='bbox 1054 1317 1260 1376; x_wconf 51' lang='lat' dir='ltr'><strong>proficis?</strong></span> 
     </span>
    </p>
   </div>
   <div class='ocr_carea' id='block_1_4' title="bbox 362 1385 1245 3633">
    <p class='ocr_par' dir='ltr' id='par_1_6' title="bbox 365 1385 1244 1562">
     <span class='ocr_line' id='line_1_17' title="bbox 366 1385 1244 1438; baseline 0.002 -13"><span class='ocrx_word' id='word_1_86' title='bbox 366 1385 556 1434; x_wconf 89' lang='lat' dir='ltr'><strong>cebatur‚</strong></span> <span class='ocrx_word' id='word_1_87' title='bbox 594 1387 717 1426; x_wconf 86' lang='lat' dir='ltr'><strong>turba</strong></span> <span class='ocrx_word' id='word_1_88' title='bbox 755 1386 891 1426; x_wconf 91' lang='lat' dir='ltr'><strong>omnis</strong></span> <span class='ocrx_word' id='word_1_89' title='bbox 930 1387 1244 1438; x_wconf 88' lang='lat' dir='ltr'><strong>impudicorum</strong></span> 
     </span>
     <span class='ocr_line' id='line_1_18' title="bbox 366 1448 1243 1501; baseline 0.003 -15"><span class='ocrx_word' id='word_1_90' title='bbox 366 1448 460 1499; x_wconf 86' lang='lat' dir='ltr'><strong>ejus</strong></span> <span class='ocrx_word' id='word_1_91' title='bbox 495 1448 721 1488; x_wconf 79' lang='lat' dir='ltr'><strong>transitum</strong></span> <span class='ocrx_word' id='word_1_92' title='bbox 755 1448 1028 1500; x_wconf 85' lang='lat' dir='ltr'><strong>observabat,</strong></span> <span class='ocrx_word' id='word_1_93' title='bbox 1061 1449 1150 1501; x_wconf 84' lang='lat' dir='ltr'><strong>ejus</strong></span> <span class='ocrx_word' id='word_1_94' title='bbox 1180 1449 1243 1489; x_wconf 91' lang='lat' dir='ltr'><strong>in-</strong></span> 
     </span>
     <span class='ocr_line' id='line_1_19' title="bbox 365 1510 969 1562; baseline 0 -12"><span class='ocrx_word' id='word_1_95' title='bbox 365 1510 588 1562; x_wconf 86' lang='lat' dir='ltr'><strong>quietandi</strong></span> <span class='ocrx_word' id='word_1_96' title='bbox 608 1510 762 1561; x_wconf 87' lang='lat' dir='ltr'><strong>gratia.</strong></span> <span class='ocrx_word' id='word_1_97' title='bbox 820 1511 969 1550; x_wconf 78' lang='lat' dir='ltr'><strong>Oliver.</strong></span> 
     </span>
    </p>

    <p class='ocr_par' dir='ltr' id='par_1_7' title="bbox 365 1572 1245 1814">
     <span class='ocr_line' id='line_1_20' title="bbox 420 1572 1244 1625; baseline 0.005 -14"><span class='ocrx_word' id='word_1_98' title='bbox 420 1572 558 1612; x_wconf 81' lang='lat' dir='ltr'><em>Nobile</em></span> <span class='ocrx_word' id='word_1_99' title='bbox 576 1573 818 1613; x_wconf 82' lang='lat' dir='ltr'><em>Athenarum</em></span> <span class='ocrx_word' id='word_1_100' title='bbox 843 1573 1031 1625; x_wconf 83' lang='lat' dir='ltr'><strong>scortum]</strong></span> <span class='ocrx_word' id='word_1_101' title='bbox 1067 1575 1244 1616; x_wconf 85' lang='lat' dir='ltr'><strong>Famosa</strong></span> 
     </span>
     <span class='ocr_line' id='line_1_21' title="bbox 365 1636 1243 1681; baseline 0.001 -6"><span class='ocrx_word' id='word_1_102' title='bbox 365 1636 596 1676; x_wconf 82' lang='lat' dir='ltr'><strong>meretrix:</strong></span> <span class='ocrx_word' id='word_1_103' title='bbox 627 1647 722 1676; x_wconf 89' lang='lat' dir='ltr'><strong>nam</strong></span> <span class='ocrx_word' id='word_1_104' title='bbox 739 1636 877 1676; x_wconf 86' lang='lat' dir='ltr'><strong>nobile</strong></span> <span class='ocrx_word' id='word_1_105' title='bbox 891 1643 1037 1677; x_wconf 87' lang='lat' dir='ltr'><strong>notum</strong></span> <span class='ocrx_word' id='word_1_106' title='bbox 1051 1636 1243 1681; x_wconf 83' lang='lat' dir='ltr'><strong>dicimus.</strong></span> 
     </span>
     <span class='ocr_line' id='line_1_22' title="bbox 367 1698 1245 1752; baseline 0.002 -14"><span class='ocrx_word' id='word_1_107' title='bbox 367 1698 509 1738; x_wconf 81' lang='lat' dir='ltr'><strong>Nobile</strong></span> <span class='ocrx_word' id='word_1_108' title='bbox 526 1699 769 1739; x_wconf 78' lang='lat' dir='ltr'><strong>Athenarum</strong></span> <span class='ocrx_word' id='word_1_109' title='bbox 785 1699 972 1751; x_wconf 77' lang='lat' dir='ltr'><strong>scortum]</strong></span> <span class='ocrx_word' id='word_1_110' title='bbox 991 1699 1039 1738; x_wconf 87' lang='lat' dir='ltr'><strong>‘H</strong></span> <span class='ocrx_word' id='word_1_111' title='bbox 1058 1698 1181 1752; x_wconf 79' lang='grc' dir='ltr'>Φρύνη</span> <span class='ocrx_word' id='word_1_112' title='bbox 1199 1700 1245 1740; x_wconf 79' lang='grc' dir='ltr'><strong>ἐκ</strong></span> 
     </span>
     <span class='ocr_line' id='line_1_23' title="bbox 365 1762 1133 1814; baseline 0.004 -14"><span class='ocrx_word' id='word_1_113' title='bbox 365 1763 554 1812; x_wconf 78' lang='grc' dir='ltr'>Θεσπιῶν,</span> <span class='ocrx_word' id='word_1_114' title='bbox 574 1762 710 1814; x_wconf 88' lang='lat' dir='ltr'><strong>inquit</strong></span> <span class='ocrx_word' id='word_1_115' title='bbox 731 1763 965 1802; x_wconf 83' lang='lat' dir='ltr'><strong>Athenaeus</strong></span> <span class='ocrx_word' id='word_1_116' title='bbox 984 1762 1060 1803; x_wconf 91' lang='lat' dir='ltr'><strong>lib.</strong></span> <span class='ocrx_word' id='word_1_117' title='bbox 1079 1774 1133 1804; x_wconf 91' lang='lat'><strong>11.</strong></span> 
     </span>
    </p>

    <p class='ocr_par' dir='ltr' id='par_1_8' title="bbox 366 1824 1239 1940">
     <span class='ocr_line' id='line_1_24' title="bbox 421 1824 1239 1878; baseline 0.004 -14"><span class='ocrx_word' id='word_1_118' title='bbox 421 1826 473 1865; x_wconf 77' lang='lat' dir='ltr'><strong>In</strong></span> <span class='ocrx_word' id='word_1_119' title='bbox 487 1824 716 1877; x_wconf 84' lang='lat' dir='ltr'><strong>pervigilio]</strong></span> <span class='ocrx_word' id='word_1_120' title='bbox 746 1825 798 1865; x_wconf 87' lang='lat' dir='ltr'><strong>Id</strong></span> <span class='ocrx_word' id='word_1_121' title='bbox 833 1830 914 1878; x_wconf 90' lang='lat' dir='ltr'><strong>est,</strong></span> <span class='ocrx_word' id='word_1_122' title='bbox 945 1825 1073 1867; x_wconf 87' lang='lat' dir='ltr'><strong>totius</strong></span> <span class='ocrx_word' id='word_1_123' title='bbox 1101 1825 1239 1867; x_wconf 87' lang='lat' dir='ltr'><strong>noctis</strong></span> 
     </span>
     <span class='ocr_line' id='line_1_25' title="bbox 366 1889 526 1940; baseline 0.013 -12"><span class='ocrx_word' id='word_1_124' title='bbox 366 1889 526 1940; x_wconf 86' lang='lat' dir='ltr'><strong>vigilia.</strong></span> 
     </span>
    </p>

    <p class='ocr_par' dir='ltr' id='par_1_9' title="bbox 362 1948 1244 3064">
     <span class='ocr_line' id='line_1_26' title="bbox 416 1948 1241 2006; baseline 0.004 -16"><span class='ocrx_word' id='word_1_125' title='bbox 416 1950 580 2003; x_wconf 80' lang='lat' dir='ltr'><strong>Aliquot</strong></span> <span class='ocrx_word' id='word_1_126' title='bbox 614 1948 794 2002; x_wconf 76' lang='lat' dir='ltr'><strong>talentis]</strong></span> <span class='ocrx_word' id='word_1_127' title='bbox 823 1951 1044 1992; x_wconf 84' lang='lat' dir='ltr'><strong>Talentum</strong></span> <span class='ocrx_word' id='word_1_128' title='bbox 1081 1953 1241 2006; x_wconf 89' lang='lat' dir='ltr'><strong>duplex</strong></span> 
     </span>
     <span class='ocr_line' id='line_1_27' title="bbox 367 2013 1241 2065; baseline 0.003 -11"><span class='ocrx_word' id='word_1_129' title='bbox 367 2020 451 2065; x_wconf 85' lang='lat' dir='ltr'><strong>est,</strong></span> <span class='ocrx_word' id='word_1_130' title='bbox 467 2013 659 2055; x_wconf 89' lang='lat' dir='ltr'><strong>Atticum</strong></span> <span class='ocrx_word' id='word_1_131' title='bbox 693 2023 738 2055; x_wconf 91' lang='lat' dir='ltr'><strong>et</strong></span> <span class='ocrx_word' id='word_1_132' title='bbox 771 2015 1024 2056; x_wconf 89' lang='lat' dir='ltr'><strong>Euboicum.</strong></span> <span class='ocrx_word' id='word_1_133' title='bbox 1077 2016 1241 2057; x_wconf 77' lang='lat' dir='ltr'><strong>Rursus</strong></span> 
     </span>
     <span class='ocr_line' id='line_1_28' title="bbox 366 2076 1244 2130; baseline 0.005 -14"><span class='ocrx_word' id='word_1_134' title='bbox 366 2076 560 2117; x_wconf 86' lang='lat' dir='ltr'><strong>Atticum</strong></span> <span class='ocrx_word' id='word_1_135' title='bbox 581 2078 741 2130; x_wconf 85' lang='lat' dir='ltr'><strong>duplex</strong></span> <span class='ocrx_word' id='word_1_136' title='bbox 761 2083 843 2129; x_wconf 88' lang='lat' dir='ltr'><strong>est,</strong></span> <span class='ocrx_word' id='word_1_137' title='bbox 861 2089 1058 2130; x_wconf 87' lang='lat' dir='ltr'><strong>magnum</strong></span> <span class='ocrx_word' id='word_1_138' title='bbox 1079 2079 1244 2121; x_wconf 83' lang='lat' dir='ltr'><strong>scilicet</strong></span> 
     </span>
     <span class='ocr_line' id='line_1_29' title="bbox 367 2141 1241 2193; baseline 0.005 -14"><span class='ocrx_word' id='word_1_139' title='bbox 367 2145 413 2179; x_wconf 87' lang='lat' dir='ltr'><strong>et</strong></span> <span class='ocrx_word' id='word_1_140' title='bbox 440 2151 629 2191; x_wconf 85' lang='lat' dir='ltr'><strong>parvum.</strong></span> <span class='ocrx_word' id='word_1_141' title='bbox 683 2142 753 2180; x_wconf 86' lang='lat' dir='ltr'><strong>De</strong></span> <span class='ocrx_word' id='word_1_142' title='bbox 782 2152 936 2193; x_wconf 89' lang='lat' dir='ltr'><strong>magno</strong></span> <span class='ocrx_word' id='word_1_143' title='bbox 955 2141 1065 2181; x_wconf 88' lang='lat' dir='ltr'><strong>dixit</strong></span> <span class='ocrx_word' id='word_1_144' title='bbox 1083 2142 1177 2183; x_wconf 88' lang='lat' dir='ltr'><strong>Liv.</strong></span> <span class='ocrx_word' id='word_1_145' title='bbox 1197 2143 1241 2183; x_wconf 91' lang='lat' dir='ltr'><strong>in</strong></span> 
     </span>
     <span class='ocr_line' id='line_1_30' title="bbox 366 2196 1241 2257; baseline 0.005 -15"><span class='ocrx_word' id='word_1_146' title='bbox 366 2196 532 2243; x_wconf 73' lang='lat' dir='ltr'><strong>xxxvr.</strong></span> <span class='ocrx_word' id='word_1_147' title='bbox 566 2203 618 2243; x_wconf 89' lang='lat' dir='ltr'><strong>ab</strong></span> <span class='ocrx_word' id='word_1_148' title='bbox 648 2204 753 2244; x_wconf 88' lang='lat' dir='ltr'><strong>urbe</strong></span> <span class='ocrx_word' id='word_1_149' title='bbox 789 2204 976 2245; x_wconf 85' lang='lat' dir='ltr'><strong>condita.</strong></span> <span class='ocrx_word' id='word_1_150' title='bbox 1031 2205 1241 2257; x_wconf 85' lang='lat' dir='ltr'><strong>Magnum</strong></span> 
     </span>
     <span class='ocr_line' id='line_1_31' title="bbox 366 2266 1239 2319; baseline 0.002 -13"><span class='ocrx_word' id='word_1_151' title='bbox 366 2267 573 2306; x_wconf 83' lang='lat' dir='ltr'><strong>talentum</strong></span> <span class='ocrx_word' id='word_1_152' title='bbox 606 2266 797 2307; x_wconf 90' lang='lat' dir='ltr'><strong>Atticum</strong></span> <span class='ocrx_word' id='word_1_153' title='bbox 830 2268 1078 2319; x_wconf 83' lang='lat' dir='ltr'><strong>octuaginta</strong></span> <span class='ocrx_word' id='word_1_154' title='bbox 1109 2267 1239 2309; x_wconf 88' lang='lat' dir='ltr'><strong>libras</strong></span> 
     </span>
     <span class='ocr_line' id='line_1_32' title="bbox 365 2328 1240 2382; baseline 0.003 -14"><span class='ocrx_word' id='word_1_155' title='bbox 365 2328 509 2380; x_wconf 83' lang='lat' dir='ltr'><strong>babet,</strong></span> <span class='ocrx_word' id='word_1_156' title='bbox 529 2335 575 2369; x_wconf 87' lang='lat' dir='ltr'><strong>et</strong></span> <span class='ocrx_word' id='word_1_157' title='bbox 602 2330 729 2382; x_wconf 89' lang='lat' dir='ltr'><strong>paulo</strong></span> <span class='ocrx_word' id='word_1_158' title='bbox 759 2330 869 2382; x_wconf 87' lang='lat' dir='ltr'><strong>plus.</strong></span> <span class='ocrx_word' id='word_1_159' title='bbox 921 2330 1006 2370; x_wconf 91' lang='lat' dir='ltr'><strong>Sed</strong></span> <span class='ocrx_word' id='word_1_160' title='bbox 1036 2330 1134 2371; x_wconf 89' lang='lat' dir='ltr'><strong>alibi</strong></span> <span class='ocrx_word' id='word_1_161' title='bbox 1154 2343 1240 2371; x_wconf 88' lang='lat' dir='ltr'><strong>ma-</strong></span> 
     </span>
     <span class='ocr_line' id='line_1_33' title="bbox 362 2391 1239 2447; baseline 0.003 -16"><span class='ocrx_word' id='word_1_162' title='bbox 362 2391 518 2433; x_wconf 85' lang='lat' dir='ltr'><strong>nifeste</strong></span> <span class='ocrx_word' id='word_1_163' title='bbox 538 2393 804 2443; x_wconf 88' lang='lat' dir='ltr'><strong>monstravit,</strong></span> <span class='ocrx_word' id='word_1_164' title='bbox 817 2394 1022 2434; x_wconf 82' lang='lat' dir='ltr'><strong>talentum</strong></span> <span class='ocrx_word' id='word_1_165' title='bbox 1043 2406 1239 2447; x_wconf 88' lang='lat' dir='ltr'><strong>magnum</strong></span> 
     </span>
     <span class='ocr_line' id='line_1_34' title="bbox 365 2456 1240 2510; baseline 0.003 -14"><span class='ocrx_word' id='word_1_166' title='bbox 365 2457 611 2508; x_wconf 82' lang='lat' dir='ltr'><strong>octuaginta</strong></span> <span class='ocrx_word' id='word_1_167' title='bbox 632 2462 718 2496; x_wconf 88' lang='lat' dir='ltr'><strong>tres</strong></span> <span class='ocrx_word' id='word_1_168' title='bbox 737 2456 881 2507; x_wconf 90' lang='lat' dir='ltr'><strong>libras,</strong></span> <span class='ocrx_word' id='word_1_169' title='bbox 903 2462 947 2497; x_wconf 86' lang='lat' dir='ltr'><strong>et</strong></span> <span class='ocrx_word' id='word_1_170' title='bbox 965 2462 1152 2510; x_wconf 87' lang='lat' dir='ltr'><strong>quatuor</strong></span> <span class='ocrx_word' id='word_1_171' title='bbox 1170 2459 1240 2499; x_wconf 88' lang='lat' dir='ltr'><strong>ha-</strong></span> 
     </span>
     <span class='ocr_line' id='line_1_35' title="bbox 365 2519 1240 2562; baseline 0.002 -2"><span class='ocrx_word' id='word_1_172' title='bbox 365 2519 470 2560; x_wconf 87' lang='lat' dir='ltr'><strong>bere</strong></span> <span class='ocrx_word' id='word_1_173' title='bbox 506 2521 666 2561; x_wconf 86' lang='lat' dir='ltr'><strong>uncias.</strong></span> <span class='ocrx_word' id='word_1_174' title='bbox 719 2519 844 2562; x_wconf 84' lang='lat' dir='ltr'><strong>Quod</strong></span> <span class='ocrx_word' id='word_1_175' title='bbox 887 2521 923 2560; x_wconf 89' lang='lat' dir='ltr'><strong>si</strong></span> <span class='ocrx_word' id='word_1_176' title='bbox 959 2523 1150 2561; x_wconf 90' lang='lat' dir='ltr'><strong>volumus</strong></span> <span class='ocrx_word' id='word_1_177' title='bbox 1186 2522 1240 2562; x_wconf 80' lang='lat' dir='ltr'><strong>ad</strong></span> 
     </span>
     <span class='ocr_line' id='line_1_36' title="bbox 366 2583 1241 2634; baseline 0.003 -12"><span class='ocrx_word' id='word_1_178' title='bbox 366 2594 557 2623; x_wconf 84' lang='lat' dir='ltr'><strong>nummos</strong></span> <span class='ocrx_word' id='word_1_179' title='bbox 576 2583 740 2624; x_wconf 84' lang='lat' dir='ltr'><strong>referre</strong></span> <span class='ocrx_word' id='word_1_180' title='bbox 773 2584 999 2634; x_wconf 86' lang='lat' dir='ltr'><strong>Romanos,</strong></span> <span class='ocrx_word' id='word_1_181' title='bbox 1019 2589 1067 2624; x_wconf 88' lang='lat' dir='ltr'><strong>ut</strong></span> <span class='ocrx_word' id='word_1_182' title='bbox 1085 2585 1241 2626; x_wconf 88' lang='lat' dir='ltr'><strong>Prisci-</strong></span> 
     </span>
     <span class='ocr_line' id='line_1_37' title="bbox 365 2646 1241 2698; baseline 0.001 -12"><span class='ocrx_word' id='word_1_183' title='bbox 365 2657 470 2687; x_wconf 82' lang='lat' dir='ltr'><strong>anus</strong></span> <span class='ocrx_word' id='word_1_184' title='bbox 486 2647 561 2698; x_wconf 89' lang='lat' dir='ltr'><strong>ait‚</strong></span> <span class='ocrx_word' id='word_1_185' title='bbox 575 2658 649 2687; x_wconf 87' lang='lat' dir='ltr'><strong>sex</strong></span> <span class='ocrx_word' id='word_1_186' title='bbox 664 2646 796 2686; x_wconf 88' lang='lat' dir='ltr'><strong>millia</strong></span> <span class='ocrx_word' id='word_1_187' title='bbox 809 2657 1071 2686; x_wconf 84' lang='lat' dir='ltr'><strong>nummorum</strong></span> <span class='ocrx_word' id='word_1_188' title='bbox 1088 2648 1241 2687; x_wconf 88' lang='lat' dir='ltr'><strong>Roma-</strong></span> 
     </span>
     <span class='ocr_line' id='line_1_38' title="bbox 365 2710 1242 2762; baseline 0.001 -12"><span class='ocrx_word' id='word_1_189' title='bbox 365 2722 457 2752; x_wconf 84' lang='lat' dir='ltr'><strong>nor.</strong></span> <span class='ocrx_word' id='word_1_190' title='bbox 484 2710 626 2752; x_wconf 86' lang='lat' dir='ltr'><strong>habet.</strong></span> <span class='ocrx_word' id='word_1_191' title='bbox 679 2711 904 2750; x_wconf 89' lang='lat' dir='ltr'><strong>Talentum</strong></span> <span class='ocrx_word' id='word_1_192' title='bbox 934 2721 1036 2751; x_wconf 88' lang='lat' dir='ltr'><strong>vero</strong></span> <span class='ocrx_word' id='word_1_193' title='bbox 1066 2723 1242 2762; x_wconf 84' lang='lat' dir='ltr'><strong>parvum</strong></span> 
     </span>
     <span class='ocr_line' id='line_1_39' title="bbox 366 2773 1241 2823; baseline 0.001 -11"><span class='ocrx_word' id='word_1_194' title='bbox 366 2773 497 2813; x_wconf 88' lang='lat' dir='ltr'><strong>libras</strong></span> <span class='ocrx_word' id='word_1_195' title='bbox 531 2773 664 2813; x_wconf 86' lang='lat' dir='ltr'><strong>habet</strong></span> <span class='ocrx_word' id='word_1_196' title='bbox 710 2773 946 2823; x_wconf 85' lang='lat' dir='ltr'><strong>sexaginta.</strong></span> <span class='ocrx_word' id='word_1_197' title='bbox 1015 2773 1241 2814; x_wconf 88' lang='lat' dir='ltr'><strong>Talentum</strong></span> 
     </span>
     <span class='ocr_line' id='line_1_40' title="bbox 367 2834 1243 2888; baseline 0.001 -12"><span class='ocrx_word' id='word_1_198' title='bbox 367 2835 602 2877; x_wconf 88' lang='lat' dir='ltr'><strong>Euboicum</strong></span> <span class='ocrx_word' id='word_1_199' title='bbox 621 2836 758 2876; x_wconf 89' lang='lat' dir='ltr'><strong>minus</strong></span> <span class='ocrx_word' id='word_1_200' title='bbox 777 2835 923 2876; x_wconf 88' lang='lat' dir='ltr'><strong>Attico</strong></span> <span class='ocrx_word' id='word_1_201' title='bbox 940 2834 1037 2888; x_wconf 87' lang='lat' dir='ltr'><strong>fuit,</strong></span> <span class='ocrx_word' id='word_1_202' title='bbox 1054 2836 1128 2876; x_wconf 87' lang='lat' dir='ltr'><strong>sed</strong></span> <span class='ocrx_word' id='word_1_203' title='bbox 1158 2849 1243 2877; x_wconf 90' lang='lat' dir='ltr'><strong>non</strong></span> 
     </span>
     <span class='ocr_line' id='line_1_41' title="bbox 365 2898 1243 2951; baseline 0.003 -14"><span class='ocrx_word' id='word_1_204' title='bbox 365 2898 517 2939; x_wconf 83' lang='lat' dir='ltr'><strong>valde:</strong></span> <span class='ocrx_word' id='word_1_205' title='bbox 559 2909 672 2949; x_wconf 88' lang='lat' dir='ltr'><strong>nam,</strong></span> <span class='ocrx_word' id='word_1_206' title='bbox 719 2903 828 2938; x_wconf 85' lang='lat' dir='ltr'><strong>teste</strong></span> <span class='ocrx_word' id='word_1_207' title='bbox 866 2899 1014 2950; x_wconf 86' lang='lat' dir='ltr'><strong>Festo,</strong></span> <span class='ocrx_word' id='word_1_208' title='bbox 1058 2905 1243 2951; x_wconf 86' lang='lat' dir='ltr'><strong>quatuor</strong></span> 
     </span>
     <span class='ocr_line' id='line_1_42' title="bbox 366 2961 1240 3004; baseline 0.003 -4"><span class='ocrx_word' id='word_1_209' title='bbox 366 2961 542 3002; x_wconf 87' lang='lat' dir='ltr'><strong>millium</strong></span> <span class='ocrx_word' id='word_1_210' title='bbox 579 2973 791 3001; x_wconf 89' lang='lat' dir='ltr'><strong>nummum</strong></span> <span class='ocrx_word' id='word_1_211' title='bbox 829 2962 1110 3002; x_wconf 86' lang='lat' dir='ltr'><strong>Romanorum</strong></span> <span class='ocrx_word' id='word_1_212' title='bbox 1145 2961 1240 3004; x_wconf 85' lang='lat' dir='ltr'><strong>fuit.</strong></span> 
     </span>
     <span class='ocr_line' id='line_1_43' title="bbox 366 3023 517 3064; baseline 0.013 -2"><span class='ocrx_word' id='word_1_213' title='bbox 366 3023 517 3064; x_wconf 79' lang='lat' dir='ltr'><strong>Oliver.</strong></span> 
     </span>
    </p>

    <p class='ocr_par' dir='ltr' id='par_1_10' title="bbox 365 3086 1241 3330">
     <span class='ocr_line' id='line_1_44' title="bbox 417 3086 1241 3142; baseline 0.004 -15"><span class='ocrx_word' id='word_1_214' title='bbox 417 3086 688 3139; x_wconf 78' lang='lat' dir='ltr'><strong>Academiam]</strong></span> <span class='ocrx_word' id='word_1_215' title='bbox 716 3086 948 3128; x_wconf 85' lang='lat' dir='ltr'><strong>Academia</strong></span> <span class='ocrx_word' id='word_1_216' title='bbox 976 3088 1068 3129; x_wconf 85' lang='lat' dir='ltr'><strong>sine</strong></span> <span class='ocrx_word' id='word_1_217' title='bbox 1086 3090 1241 3142; x_wconf 85' lang='lat' dir='ltr'><strong>aspira-</strong></span> 
     </span>
     <span class='ocr_line' id='line_1_45' title="bbox 367 3150 1241 3194; baseline 0.005 -4"><span class='ocrx_word' id='word_1_218' title='bbox 367 3151 486 3191; x_wconf 86' lang='lat' dir='ltr'><strong>tione</strong></span> <span class='ocrx_word' id='word_1_219' title='bbox 522 3150 736 3192; x_wconf 84' lang='lat' dir='ltr'><strong>scribitur.</strong></span> <span class='ocrx_word' id='word_1_220' title='bbox 792 3151 892 3191; x_wconf 86' lang='lat' dir='ltr'><strong>Fuit</strong></span> <span class='ocrx_word' id='word_1_221' title='bbox 938 3158 1079 3193; x_wconf 85' lang='lat' dir='ltr'><strong>autem</strong></span> <span class='ocrx_word' id='word_1_222' title='bbox 1122 3154 1241 3194; x_wconf 87' lang='lat' dir='ltr'><strong>locus</strong></span> 
     </span>
     <span class='ocr_line' id='line_1_46' title="bbox 365 3212 1241 3269; baseline 0.003 -16"><span class='ocrx_word' id='word_1_223' title='bbox 365 3226 629 3265; x_wconf 88' lang='lat' dir='ltr'><strong>nemorosus,</strong></span> <span class='ocrx_word' id='word_1_224' title='bbox 653 3214 706 3255; x_wconf 90' lang='lat' dir='ltr'><strong>ab</strong></span> <span class='ocrx_word' id='word_1_225' title='bbox 725 3212 943 3255; x_wconf 90' lang='lat' dir='ltr'><strong>Academo</strong></span> <span class='ocrx_word' id='word_1_226' title='bbox 967 3214 1149 3269; x_wconf 89' lang='lat' dir='ltr'><strong>quodam</strong></span> <span class='ocrx_word' id='word_1_227' title='bbox 1169 3217 1241 3256; x_wconf 90' lang='lat' dir='ltr'><strong>he-</strong></span> 
     </span>
     <span class='ocr_line' id='line_1_47' title="bbox 366 3276 869 3330; baseline 0.004 -14"><span class='ocrx_word' id='word_1_228' title='bbox 366 3276 438 3318; x_wconf 66' lang='lat' dir='ltr'><strong>roii</strong></span> <span class='ocrx_word' id='word_1_229' title='bbox 458 3277 520 3318; x_wconf 82' lang='lat' dir='ltr'><strong>sic</strong></span> <span class='ocrx_word' id='word_1_230' title='bbox 537 3277 869 3330; x_wconf 85' lang='lat' dir='ltr'><strong>cognominatus.</strong></span> 
     </span>
    </p>

    <p class='ocr_par' dir='ltr' id='par_1_11' title="bbox 369 3339 1243 3633">
     <span class='ocr_line' id='line_1_48' title="bbox 421 3339 1243 3392; baseline 0 -11"><span class='ocrx_word' id='word_1_231' title='bbox 421 3342 485 3381; x_wconf 84' lang='lat' dir='ltr'><strong>Ea</strong></span> <span class='ocrx_word' id='word_1_232' title='bbox 503 3353 562 3381; x_wconf 84' lang='lat' dir='ltr'><strong>me</strong></span> <span class='ocrx_word' id='word_1_233' title='bbox 593 3353 669 3381; x_wconf 82' lang='lat' dir='ltr'><strong>non</strong></span> <span class='ocrx_word' id='word_1_234' title='bbox 697 3340 893 3392; x_wconf 83' lang='lat' dir='ltr'><strong>indigere]</strong></span> <span class='ocrx_word' id='word_1_235' title='bbox 921 3339 1070 3381; x_wconf 80' lang='lat' dir='ltr'><strong>cicero</strong></span> <span class='ocrx_word' id='word_1_236' title='bbox 1099 3346 1243 3381; x_wconf 88' lang='lat' dir='ltr'><strong>tamen</strong></span> 
     </span>
     <span class='ocr_line' id='line_1_49' title="bbox 369 3403 1242 3446; baseline 0.002 -3"><span class='ocrx_word' id='word_1_237' title='bbox 369 3403 442 3444; x_wconf 87' lang='lat' dir='ltr'><strong>lib.</strong></span> <span class='ocrx_word' id='word_1_238' title='bbox 484 3414 525 3444; x_wconf 90' lang='lat' dir='ltr'><strong>v.</strong></span> <span class='ocrx_word' id='word_1_239' title='bbox 579 3403 909 3444; x_wconf 87' lang='lat' dir='ltr'><strong>Tusculanarum</strong></span> <span class='ocrx_word' id='word_1_240' title='bbox 945 3403 1242 3446; x_wconf 60' lang='lat' dir='ltr'><strong>Quaestionum</strong></span> 
     </span>
     <span class='ocr_line' id='line_1_50' title="bbox 371 3466 1242 3508; baseline 0.002 -2"><span class='ocrx_word' id='word_1_241' title='bbox 371 3466 502 3507; x_wconf 83' lang='lat' dir='ltr'><strong>dicit:</strong></span> <span class='ocrx_word' id='word_1_242' title='bbox 534 3466 547 3488; x_wconf 90' lang='lat'>‘</span> <span class='ocrx_word' id='word_1_243' title='bbox 564 3466 830 3507; x_wconf 87' lang='lat' dir='ltr'><strong>Xenocrates</strong></span> <span class='ocrx_word' id='word_1_244' title='bbox 862 3477 959 3507; x_wconf 85' lang='lat' dir='ltr'><strong>cum</strong></span> <span class='ocrx_word' id='word_1_245' title='bbox 985 3466 1159 3508; x_wconf 84' lang='lat' dir='ltr'><strong>vidisset</strong></span> <span class='ocrx_word' id='word_1_246' title='bbox 1183 3468 1242 3507; x_wconf 78' lang='lat' dir='ltr'><strong>le-</strong></span> 
     </span>
     <span class='ocr_line' id='line_1_51' title="bbox 369 3528 1242 3583; baseline 0.002 -15"><span class='ocrx_word' id='word_1_247' title='bbox 369 3535 494 3580; x_wconf 86' lang='lat' dir='ltr'><strong>gatos</strong></span> <span class='ocrx_word' id='word_1_248' title='bbox 515 3529 736 3579; x_wconf 83' lang='lat' dir='ltr'><strong>tristiores,</strong></span> <span class='ocrx_word' id='word_1_249' title='bbox 756 3539 870 3570; x_wconf 83' lang='lat' dir='ltr'><strong>xxx.</strong></span> <span class='ocrx_word' id='word_1_250' title='bbox 892 3528 1024 3570; x_wconf 86' lang='lat' dir='ltr'><strong>minas</strong></span> <span class='ocrx_word' id='word_1_251' title='bbox 1045 3529 1242 3583; x_wconf 83' lang='lat' dir='ltr'><strong>accepit,’</strong></span> 
     </span>
     <span class='ocr_line' id='line_1_52' title="bbox 371 3595 450 3633; baseline -0.025 0"><span class='ocrx_word' id='word_1_252' title='bbox 371 3595 450 3633; x_wconf 85' lang='lat' dir='ltr'><strong>&amp;c.</strong></span> 
     </span>
    </p>
   </div>
   <div class='ocr_carea' id='block_1_5' title="bbox 948 317 1604 361">
    <p class='ocr_par' dir='ltr' id='par_1_12' title="bbox 948 317 1604 361">
     <span class='ocr_line' id='line_1_53' title="bbox 948 317 1604 361; baseline 0.006 -4"><span class='ocrx_word' id='word_1_253' title='bbox 948 317 1124 358; x_wconf 80' lang='lat' dir='ltr'>NOTAE</span> <span class='ocrx_word' id='word_1_254' title='bbox 1167 318 1242 359; x_wconf 78' lang='lat' dir='ltr'><strong>VA</strong></span> <span class='ocrx_word' id='word_1_255' title='bbox 1256 319 1496 361; x_wconf 73' lang='lat' dir='ltr'>RIORUM</span> <span class='ocrx_word' id='word_1_256' title='bbox 1539 318 1604 360; x_wconf 85' lang='lat' dir='ltr'><strong>IN</strong></span> 
     </span>
    </p>
   </div>
   <div class='ocr_carea' id='block_1_6' title="bbox 1295 442 2192 3578">
    <p class='ocr_par' dir='ltr' id='par_1_13' title="bbox 1303 442 2192 683">
     <span class='ocr_line' id='line_1_54' title="bbox 1357 442 2180 496; baseline 0.002 -12"><span class='ocrx_word' id='word_1_257' title='bbox 1357 445 1424 496; x_wconf 78' lang='lat'><strong>§4</strong></span> <span class='ocrx_word' id='word_1_258' title='bbox 1451 442 1694 495; x_wconf 78' lang='lat' dir='ltr'><strong>Alexander]</strong></span> <span class='ocrx_word' id='word_1_259' title='bbox 1724 444 1854 484; x_wconf 86' lang='lat' dir='ltr'><strong>Fama</strong></span> <span class='ocrx_word' id='word_1_260' title='bbox 1881 442 1976 494; x_wconf 87' lang='lat' dir='ltr'><strong>fuit,</strong></span> <span class='ocrx_word' id='word_1_261' title='bbox 1996 443 2180 486; x_wconf 75' lang='lat' dir='ltr'><strong>referen-</strong></span> 
     </span>
     <span class='ocr_line' id='line_1_55' title="bbox 1304 505 2176 556; baseline 0.005 -11"><span class='ocrx_word' id='word_1_262' title='bbox 1304 509 1347 545; x_wconf 84' lang='lat' dir='ltr'><strong>te</strong></span> <span class='ocrx_word' id='word_1_263' title='bbox 1377 505 1569 556; x_wconf 69' lang='lat' dir='ltr'><strong>Laenio,</strong></span> <span class='ocrx_word' id='word_1_264' title='bbox 1597 506 1890 547; x_wconf 86' lang='lat' dir='ltr'><strong>Alexandrum</strong></span> <span class='ocrx_word' id='word_1_265' title='bbox 1922 508 2096 555; x_wconf 86' lang='lat' dir='ltr'><strong>dixisse,</strong></span> <span class='ocrx_word' id='word_1_266' title='bbox 2128 522 2176 550; x_wconf 89' lang='lat' dir='ltr'><strong>se</strong></span> 
     </span>
     <span class='ocr_line' id='line_1_56' title="bbox 1303 570 2178 621; baseline 0.005 -13"><span class='ocrx_word' id='word_1_267' title='bbox 1303 570 1412 609; x_wconf 85' lang='lat' dir='ltr'><strong>velle</strong></span> <span class='ocrx_word' id='word_1_268' title='bbox 1432 581 1526 610; x_wconf 89' lang='lat' dir='ltr'><strong>esse</strong></span> <span class='ocrx_word' id='word_1_269' title='bbox 1544 570 1804 621; x_wconf 85' lang='lat' dir='ltr'><strong>Diogenem,</strong></span> <span class='ocrx_word' id='word_1_270' title='bbox 1817 570 1895 609; x_wconf 87' lang='lat' dir='ltr'><strong>nisi</strong></span> <span class='ocrx_word' id='word_1_271' title='bbox 1915 576 2029 610; x_wconf 84' lang='lat' dir='ltr'><strong>esset</strong></span> <span class='ocrx_word' id='word_1_272' title='bbox 2049 571 2178 615; x_wconf 87' lang='lat' dir='ltr'><strong>Alex·</strong></span> 
     </span>
     <span class='ocr_line' id='line_1_57' title="bbox 1303 631 2192 683; baseline 0 -12"><span class='ocrx_word' id='word_1_273' title='bbox 1303 631 1452 671; x_wconf 85' lang='lat' dir='ltr'><strong>ander.</strong></span> <span class='ocrx_word' id='word_1_274' title='bbox 2190 681 2192 683; x_wconf 6' lang='grc' dir='ltr'>μ</span> 
     </span>
    </p>

    <p class='ocr_par' dir='ltr' id='par_1_14' title="bbox 1295 693 2183 1174">
     <span class='ocr_line' id='line_1_58' title="bbox 1355 693 2179 746; baseline 0.001 -12"><span class='ocrx_word' id='word_1_275' title='bbox 1355 694 1406 734; x_wconf 80' lang='lat' dir='ltr'><strong>In</strong></span> <span class='ocrx_word' id='word_1_276' title='bbox 1435 693 1650 744; x_wconf 78' lang='lat' dir='ltr'><strong>crepidine]</strong></span> <span class='ocrx_word' id='word_1_277' title='bbox 1678 693 1730 733; x_wconf 93' lang='lat' dir='ltr'><strong>Id</strong></span> <span class='ocrx_word' id='word_1_278' title='bbox 1751 699 1834 743; x_wconf 88' lang='lat' dir='ltr'><strong>est,</strong></span> <span class='ocrx_word' id='word_1_279' title='bbox 1853 695 2063 746; x_wconf 86' lang='lat' dir='ltr'><strong>praerupti</strong></span> <span class='ocrx_word' id='word_1_280' title='bbox 2086 696 2179 735; x_wconf 83' lang='lat' dir='ltr'><strong>saxi</strong></span> 
     </span>
     <span class='ocr_line' id='line_1_59' title="bbox 1301 756 2179 810; baseline 0.001 -13"><span class='ocrx_word' id='word_1_281' title='bbox 1301 757 1541 805; x_wconf 87' lang='lat' dir='ltr'><strong>altitudine,</strong></span> <span class='ocrx_word' id='word_1_282' title='bbox 1549 757 1679 808; x_wconf 88' lang='lat' dir='ltr'><strong>juxta</strong></span> <span class='ocrx_word' id='word_1_283' title='bbox 1693 756 1816 807; x_wconf 82' lang='lat' dir='ltr'><strong>viam,</strong></span> <span class='ocrx_word' id='word_1_284' title='bbox 1834 758 1876 797; x_wconf 93' lang='lat' dir='ltr'><strong>in</strong></span> <span class='ocrx_word' id='word_1_285' title='bbox 1892 770 1975 810; x_wconf 85' lang='lat' dir='ltr'><strong>qua</strong></span> <span class='ocrx_word' id='word_1_286' title='bbox 1993 757 2179 798; x_wconf 86' lang='lat' dir='ltr'><strong>mendici</strong></span> 
     </span>
     <span class='ocr_line' id='line_1_60' title="bbox 1302 818 2182 862; baseline 0.001 -3"><span class='ocrx_word' id='word_1_287' title='bbox 1302 819 1450 860; x_wconf 88' lang='lat' dir='ltr'><strong>sedere</strong></span> <span class='ocrx_word' id='word_1_288' title='bbox 1465 818 1616 859; x_wconf 90' lang='lat' dir='ltr'><strong>solent.</strong></span> <span class='ocrx_word' id='word_1_289' title='bbox 1642 818 1768 859; x_wconf 89' lang='lat' dir='ltr'><strong>Unde</strong></span> <span class='ocrx_word' id='word_1_290' title='bbox 1780 819 2023 862; x_wconf 84' lang='lat' dir='ltr'><strong>Juvenalis:</strong></span> <span class='ocrx_word' id='word_1_291' title='bbox 2046 822 2059 844; x_wconf 92' lang='lat'>‘</span> <span class='ocrx_word' id='word_1_292' title='bbox 2077 821 2182 861; x_wconf 84' lang='lat' dir='ltr'><strong>Nul-</strong></span> 
     </span>
     <span class='ocr_line' id='line_1_61' title="bbox 1299 880 2178 933; baseline 0.002 -11"><span class='ocrx_word' id='word_1_293' title='bbox 1299 884 1342 922; x_wconf 88' lang='lat' dir='ltr'><strong>la</strong></span> <span class='ocrx_word' id='word_1_294' title='bbox 1374 881 1548 933; x_wconf 86' lang='lat' dir='ltr'><strong>crepido</strong></span> <span class='ocrx_word' id='word_1_295' title='bbox 1582 880 1735 932; x_wconf 90' lang='lat' dir='ltr'><strong>vacat,&#39;</strong></span> <span class='ocrx_word' id='word_1_296' title='bbox 1759 884 1839 922; x_wconf 90' lang='lat' dir='ltr'><strong>&amp;c.</strong></span> <span class='ocrx_word' id='word_1_297' title='bbox 1891 883 2002 923; x_wconf 89' lang='lat' dir='ltr'><strong>Sunt</strong></span> <span class='ocrx_word' id='word_1_298' title='bbox 2033 889 2178 924; x_wconf 88' lang='lat' dir='ltr'><strong>tamen</strong></span> 
     </span>
     <span class='ocr_line' id='line_1_62' title="bbox 1302 943 2180 998; baseline 0 -13"><span class='ocrx_word' id='word_1_299' title='bbox 1302 945 1372 998; x_wconf 90' lang='lat' dir='ltr'><strong>qui</strong></span> <span class='ocrx_word' id='word_1_300' title='bbox 1390 945 1433 984; x_wconf 91' lang='lat' dir='ltr'><strong>in</strong></span> <span class='ocrx_word' id='word_1_301' title='bbox 1449 944 1561 984; x_wconf 93' lang='lat' dir='ltr'><strong>dolio</strong></span> <span class='ocrx_word' id='word_1_302' title='bbox 1578 943 1766 984; x_wconf 85' lang='lat' dir='ltr'><strong>versatili</strong></span> <span class='ocrx_word' id='word_1_303' title='bbox 1782 945 2002 987; x_wconf 88' lang='lat' dir='ltr'><strong>inventum</strong></span> <span class='ocrx_word' id='word_1_304' title='bbox 2017 945 2180 997; x_wconf 79' lang='lat' dir='ltr'><strong>dicant,</strong></span> 
     </span>
     <span class='ocr_line' id='line_1_63' title="bbox 1295 1007 2183 1059; baseline 0.002 -13"><span class='ocrx_word' id='word_1_305' title='bbox 1295 1007 1574 1059; x_wconf 84' lang='lat' dir='ltr'><strong>jactitantem</strong></span> <span class='ocrx_word' id='word_1_306' title='bbox 1604 1019 1649 1047; x_wconf 86' lang='lat' dir='ltr'><strong>se</strong></span> <span class='ocrx_word' id='word_1_307' title='bbox 1679 1019 1772 1047; x_wconf 87' lang='lat' dir='ltr'><strong>eam</strong></span> <span class='ocrx_word' id='word_1_308' title='bbox 1808 1007 1967 1048; x_wconf 80' lang='lat' dir='ltr'><strong>habere</strong></span> <span class='ocrx_word' id='word_1_309' title='bbox 2003 1008 2183 1048; x_wconf 76' lang='lat' dir='ltr'><strong>mansi-0·</strong></span> 
     </span>
     <span class='ocr_line' id='line_1_64' title="bbox 1303 1070 2179 1122; baseline 0 -12"><span class='ocrx_word' id='word_1_310' title='bbox 1303 1082 1415 1120; x_wconf 85' lang='lat' dir='ltr'><strong>nem,</strong></span> <span class='ocrx_word' id='word_1_311' title='bbox 1435 1082 1529 1122; x_wconf 84' lang='lat' dir='ltr'><strong>quae</strong></span> <span class='ocrx_word' id='word_1_312' title='bbox 1560 1075 1675 1110; x_wconf 83' lang='lat' dir='ltr'><strong>totos</strong></span> <span class='ocrx_word' id='word_1_313' title='bbox 1705 1070 1796 1110; x_wconf 89' lang='lat' dir='ltr'><strong>dies</strong></span> <span class='ocrx_word' id='word_1_314' title='bbox 1826 1071 1972 1111; x_wconf 91' lang='lat' dir='ltr'><strong>Solem</strong></span> <span class='ocrx_word' id='word_1_315' title='bbox 1998 1071 2179 1111; x_wconf 81' lang='lat' dir='ltr'><strong>haberet</strong></span> 
     </span>
     <span class='ocr_line' id='line_1_65' title="bbox 1303 1133 1852 1174; baseline -0.002 0"><span class='ocrx_word' id='word_1_316' title='bbox 1303 1133 1633 1174; x_wconf 81' lang='lat' dir='ltr'><strong>incumbentem.</strong></span> <span class='ocrx_word' id='word_1_317' title='bbox 1687 1134 1852 1173; x_wconf 78' lang='lat' dir='ltr'><strong>Badius.</strong></span> 
     </span>
    </p>

    <p class='ocr_par' dir='ltr' id='par_1_15' title="bbox 1306 1195 2179 1309">
     <span class='ocr_line' id='line_1_66' title="bbox 1356 1195 2179 1250; baseline 0.002 -15"><span class='ocrx_word' id='word_1_318' title='bbox 1356 1195 1606 1247; x_wconf 76' lang='lat' dir='ltr'><strong>Aristippus]</strong></span> <span class='ocrx_word' id='word_1_319' title='bbox 1634 1196 1740 1236; x_wconf 87' lang='lat' dir='ltr'><strong>Erat</strong></span> <span class='ocrx_word' id='word_1_320' title='bbox 1757 1195 2002 1250; x_wconf 84' lang='lat' dir='ltr'><strong>Aristippus</strong></span> <span class='ocrx_word' id='word_1_321' title='bbox 2029 1197 2075 1237; x_wconf 84' lang='lat' dir='ltr'><strong>in</strong></span> <span class='ocrx_word' id='word_1_322' title='bbox 2099 1196 2179 1237; x_wconf 83' lang='lat' dir='ltr'><strong>Di-</strong></span> 
     </span>
     <span class='ocr_line' id='line_1_67' title="bbox 1306 1257 1762 1309; baseline 0.002 -12"><span class='ocrx_word' id='word_1_323' title='bbox 1306 1257 1442 1307; x_wconf 85' lang='lat' dir='ltr'><strong>onysii</strong></span> <span class='ocrx_word' id='word_1_324' title='bbox 1459 1257 1633 1309; x_wconf 89' lang='lat' dir='ltr'><strong>tyranni</strong></span> <span class='ocrx_word' id='word_1_325' title='bbox 1650 1258 1762 1299; x_wconf 88' lang='lat' dir='ltr'><strong>aula.</strong></span> 
     </span>
    </p>

    <p class='ocr_par' dir='ltr' id='par_1_16' title="bbox 1298 1320 2180 2124">
     <span class='ocr_line' id='line_1_68' title="bbox 1359 1320 2178 1373; baseline 0.001 -14"><span class='ocrx_word' id='word_1_326' title='bbox 1359 1320 1409 1359; x_wconf 81' lang='lat' dir='ltr'><strong>Si</strong></span> <span class='ocrx_word' id='word_1_327' title='bbox 1426 1320 1661 1372; x_wconf 76' lang='lat' dir='ltr'><strong>Dionysium</strong></span> <span class='ocrx_word' id='word_1_328' title='bbox 1678 1322 1838 1361; x_wconf 74' lang='lat' dir='ltr'><strong>adulare</strong></span> <span class='ocrx_word' id='word_1_329' title='bbox 1854 1322 1981 1372; x_wconf 76' lang='lat' dir='ltr'><strong>velles,</strong></span> <span class='ocrx_word' id='word_1_330' title='bbox 1999 1320 2087 1373; x_wconf 59' lang='lat' dir='ltr'><strong>olym]</strong></span> <span class='ocrx_word' id='word_1_331' title='bbox 2125 1320 2178 1360; x_wconf 84' lang='lat' dir='ltr'><strong>In</strong></span> 
     </span>
     <span class='ocr_line' id='line_1_69' title="bbox 1305 1381 2179 1434; baseline 0.001 -13"><span class='ocrx_word' id='word_1_332' title='bbox 1305 1382 1613 1434; x_wconf 87' lang='lat' dir='ltr'><strong>Manuscriptis</strong></span> <span class='ocrx_word' id='word_1_333' title='bbox 1633 1383 1755 1423; x_wconf 88' lang='lat' dir='ltr'><strong>simul</strong></span> <span class='ocrx_word' id='word_1_334' title='bbox 1766 1384 1984 1424; x_wconf 87' lang='lat' dir='ltr'><strong>omnibus:</strong></span> <span class='ocrx_word' id='word_1_335' title='bbox 2015 1381 2062 1423; x_wconf 81' lang='lat' dir='ltr'><strong>Si</strong></span> <span class='ocrx_word' id='word_1_336' title='bbox 2080 1383 2179 1423; x_wconf 73' lang='lat' dir='ltr'><strong>Die·</strong></span> 
     </span>
     <span class='ocr_line' id='line_1_70' title="bbox 1304 1445 2180 1499; baseline 0.002 -15"><span class='ocrx_word' id='word_1_337' title='bbox 1304 1445 1454 1497; x_wconf 79' lang='lat' dir='ltr'><strong>nysium</strong></span> <span class='ocrx_word' id='word_1_338' title='bbox 1472 1447 1632 1486; x_wconf 81' lang='lat' dir='ltr'><strong>adulare</strong></span> <span class='ocrx_word' id='word_1_339' title='bbox 1650 1447 1777 1487; x_wconf 79' lang='lat' dir='ltr'><strong>velles.</strong></span> <span class='ocrx_word' id='word_1_340' title='bbox 1833 1448 1892 1488; x_wconf 89' lang='lat' dir='ltr'><strong>Et</strong></span> <span class='ocrx_word' id='word_1_341' title='bbox 1915 1453 2067 1499; x_wconf 81' lang='lat' dir='ltr'><strong>postea</strong></span> <span class='ocrx_word' id='word_1_342' title='bbox 2087 1446 2180 1486; x_wconf 74' lang='lat' dir='ltr'><strong>Non</strong></span> 
     </span>
     <span class='ocr_line' id='line_1_71' title="bbox 1303 1508 2176 1562; baseline 0.003 -16"><span class='ocrx_word' id='word_1_343' title='bbox 1303 1508 1483 1547; x_wconf 79' lang='lat' dir='ltr'><strong>adulor-es</strong></span> <span class='ocrx_word' id='word_1_344' title='bbox 1514 1508 1765 1561; x_wconf 80' lang='lat' dir='ltr'><strong>Dionysium,</strong></span> <span class='ocrx_word' id='word_1_345' title='bbox 1794 1510 1970 1562; x_wconf 88' lang='lat' dir='ltr'><strong>antique</strong></span> <span class='ocrx_word' id='word_1_346' title='bbox 1999 1509 2176 1549; x_wconf 86' lang='lat' dir='ltr'><strong>dictum.</strong></span> 
     </span>
     <span class='ocr_line' id='line_1_72' title="bbox 1302 1570 2178 1613; baseline 0 -3"><span class='ocrx_word' id='word_1_347' title='bbox 1302 1570 1374 1611; x_wconf 88' lang='lat' dir='ltr'><strong>Sic</strong></span> <span class='ocrx_word' id='word_1_348' title='bbox 1419 1571 1643 1611; x_wconf 87' lang='lat' dir='ltr'><strong>Lucretius</strong></span> <span class='ocrx_word' id='word_1_349' title='bbox 1688 1571 1764 1613; x_wconf 90' lang='lat' dir='ltr'><strong>lib.</strong></span> <span class='ocrx_word' id='word_1_350' title='bbox 1800 1583 1844 1612; x_wconf 85' lang='lat' dir='ltr'><strong>v.</strong></span> <span class='ocrx_word' id='word_1_351' title='bbox 1884 1573 1938 1612; x_wconf 85' lang='lat' dir='ltr'><strong>de</strong></span> <span class='ocrx_word' id='word_1_352' title='bbox 1978 1571 2178 1613; x_wconf 85' lang='lat' dir='ltr'><strong>canibus:</strong></span> 
     </span>
     <span class='ocr_line' id='line_1_73' title="bbox 1303 1633 2179 1686; baseline -0.001 -12"><span class='ocrx_word' id='word_1_353' title='bbox 1303 1636 1315 1657; x_wconf 78' lang='lat'><em>⁶</em></span> <span class='ocrx_word' id='word_1_354' title='bbox 1336 1634 1482 1685; x_wconf 85' lang='lat' dir='ltr'><strong>Longe</strong></span> <span class='ocrx_word' id='word_1_355' title='bbox 1502 1633 1584 1673; x_wconf 89' lang='lat' dir='ltr'><strong>alio</strong></span> <span class='ocrx_word' id='word_1_356' title='bbox 1606 1639 1733 1686; x_wconf 88' lang='lat' dir='ltr'><strong>pacto</strong></span> <span class='ocrx_word' id='word_1_357' title='bbox 1753 1634 1928 1685; x_wconf 86' lang='lat' dir='ltr'><strong>gannitu</strong></span> <span class='ocrx_word' id='word_1_358' title='bbox 1941 1634 2055 1674; x_wconf 84' lang='lat' dir='ltr'><strong>vocis</strong></span> <span class='ocrx_word' id='word_1_359' title='bbox 2075 1633 2179 1674; x_wconf 81' lang='lat' dir='ltr'><strong>adn-</strong></span> 
     </span>
     <span class='ocr_line' id='line_1_74' title="bbox 1302 1695 2178 1737; baseline 0 -2"><span class='ocrx_word' id='word_1_360' title='bbox 1302 1695 1424 1737; x_wconf 84' lang='lat' dir='ltr'><strong>}ant.’</strong></span> <span class='ocrx_word' id='word_1_361' title='bbox 1451 1696 1562 1736; x_wconf 85' lang='lat' dir='ltr'><strong>Item</strong></span> <span class='ocrx_word' id='word_1_362' title='bbox 1575 1695 1732 1736; x_wconf 87' lang='lat' dir='ltr'><strong>Accius</strong></span> <span class='ocrx_word' id='word_1_363' title='bbox 1748 1697 2026 1737; x_wconf 85' lang='lat' dir='ltr'><strong>Prometheo:</strong></span> <span class='ocrx_word' id='word_1_364' title='bbox 2049 1697 2062 1719; x_wconf 93' lang='lat'>‘</span> <span class='ocrx_word' id='word_1_365' title='bbox 2076 1696 2178 1736; x_wconf 85' lang='lat' dir='ltr'><strong>Pin-</strong></span> 
     </span>
     <span class='ocr_line' id='line_1_75' title="bbox 1301 1751 2178 1810; baseline -0.001 -11"><span class='ocrx_word' id='word_1_366' title='bbox 1301 1765 1404 1800; x_wconf 86' lang='lat' dir='ltr'><strong>nata</strong></span> <span class='ocrx_word' id='word_1_367' title='bbox 1436 1758 1572 1800; x_wconf 88' lang='lat' dir='ltr'><strong>cauda</strong></span> <span class='ocrx_word' id='word_1_368' title='bbox 1603 1765 1793 1799; x_wconf 87' lang='lat' dir='ltr'><strong>nostrum</strong></span> <span class='ocrx_word' id='word_1_369' title='bbox 1831 1759 1978 1799; x_wconf 81' lang='lat' dir='ltr'><strong>adulat</strong></span> <span class='ocrx_word' id='word_1_370' title='bbox 2006 1751 2178 1810; x_wconf 75' lang='lat' dir='ltr'><strong>sangui·</strong></span> 
     </span>
     <span class='ocr_line' id='line_1_76' title="bbox 1299 1821 2177 1875; baseline -0.001 -12"><span class='ocrx_word' id='word_1_371' title='bbox 1299 1821 1430 1863; x_wconf 69' lang='lat' dir='ltr'><strong>nem!</strong></span> <span class='ocrx_word' id='word_1_372' title='bbox 1474 1822 1620 1875; x_wconf 87' lang='lat' dir='ltr'><strong>Atque</strong></span> <span class='ocrx_word' id='word_1_373' title='bbox 1635 1823 1868 1863; x_wconf 80' lang='lat' dir='ltr'><strong>Columella</strong></span> <span class='ocrx_word' id='word_1_374' title='bbox 1887 1822 1960 1862; x_wconf 90' lang='lat' dir='ltr'><strong>lib.</strong></span> <span class='ocrx_word' id='word_1_375' title='bbox 1981 1833 2066 1864; x_wconf 84' lang='lat' dir='ltr'><strong>vu.</strong></span> <span class='ocrx_word' id='word_1_376' title='bbox 2081 1834 2177 1874; x_wconf 82' lang='lat' dir='ltr'><strong>cap.</strong></span> 
     </span>
     <span class='ocr_line' id='line_1_77' title="bbox 1302 1885 2177 1938; baseline -0.001 -12"><span class='ocrx_word' id='word_1_377' title='bbox 1302 1889 1367 1926; x_wconf 87' lang='lat'><strong>12.</strong></span> <span class='ocrx_word' id='word_1_378' title='bbox 1403 1885 1456 1925; x_wconf 88' lang='lat' dir='ltr'><strong>de</strong></span> <span class='ocrx_word' id='word_1_379' title='bbox 1485 1885 1688 1927; x_wconf 85' lang='lat' dir='ltr'><strong>canibus:</strong></span> <span class='ocrx_word' id='word_1_380' title='bbox 1721 1887 1733 1909; x_wconf 92' lang='lat'>‘</span> <span class='ocrx_word' id='word_1_381' title='bbox 1753 1886 1878 1928; x_wconf 78' lang='lat' dir='ltr'><strong>Quod</strong></span> <span class='ocrx_word' id='word_1_382' title='bbox 1915 1886 1975 1926; x_wconf 85' lang='lat' dir='ltr'><strong>illi</strong></span> <span class='ocrx_word' id='word_1_383' title='bbox 2008 1896 2177 1938; x_wconf 82' lang='lat' dir='ltr'><strong>quoque</strong></span> 
     </span>
     <span class='ocr_line' id='line_1_78' title="bbox 1298 1947 2177 2000; baseline -0.002 -12"><span class='ocrx_word' id='word_1_384' title='bbox 1298 1947 1439 1989; x_wconf 84' lang='lat' dir='ltr'><strong>furem</strong></span> <span class='ocrx_word' id='word_1_385' title='bbox 1471 1948 1663 1999; x_wconf 87' lang='lat' dir='ltr'><strong>adulant,</strong></span> <span class='ocrx_word' id='word_1_386' title='bbox 1695 1954 1745 1988; x_wconf 91' lang='lat' dir='ltr'><strong>ut</strong></span> <span class='ocrx_word' id='word_1_387' title='bbox 1777 1948 1822 1988; x_wconf 89' lang='lat' dir='ltr'><strong>in</strong></span> <span class='ocrx_word' id='word_1_388' title='bbox 1841 1949 1895 1988; x_wconf 92' lang='lat' dir='ltr'><strong>V.</strong></span> <span class='ocrx_word' id='word_1_389' title='bbox 1922 1949 1973 1988; x_wconf 89' lang='lat' dir='ltr'><strong>C.</strong></span> <span class='ocrx_word' id='word_1_390' title='bbox 2007 1948 2177 2000; x_wconf 87' lang='lat' dir='ltr'><strong>patroni</strong></span> 
     </span>
     <span class='ocr_line' id='line_1_79' title="bbox 1301 2009 2177 2062; baseline 0 -12"><span class='ocrx_word' id='word_1_391' title='bbox 1301 2009 1450 2062; x_wconf 87' lang='lat' dir='ltr'><strong>optimi</strong></span> <span class='ocrx_word' id='word_1_392' title='bbox 1470 2010 1669 2051; x_wconf 86' lang='lat' dir='ltr'><strong>Marcelli</strong></span> <span class='ocrx_word' id='word_1_393' title='bbox 1699 2011 1872 2052; x_wconf 77' lang='lat' dir='ltr'><strong>Corvini</strong></span> <span class='ocrx_word' id='word_1_394' title='bbox 1892 2011 2020 2052; x_wconf 87' lang='lat' dir='ltr'><strong>Pont.</strong></span> <span class='ocrx_word' id='word_1_395' title='bbox 2038 2009 2177 2051; x_wconf 87' lang='lat' dir='ltr'><strong>Max.’</strong></span> 
     </span>
     <span class='ocr_line' id='line_1_80' title="bbox 1306 2074 1431 2124; baseline -0.008 -10"><span class='ocrx_word' id='word_1_396' title='bbox 1306 2074 1431 2124; x_wconf 78' lang='lat' dir='ltr'><strong>Pigh.</strong></span> 
     </span>
    </p>

    <p class='ocr_par' dir='ltr' id='par_1_17' title="bbox 1301 2136 2179 2242">
     <span class='ocr_line' id='line_1_81' title="bbox 1356 2136 2179 2190; baseline 0.001 -13"><span class='ocrx_word' id='word_1_397' title='bbox 1356 2138 1450 2177; x_wconf 83' lang='lat' dir='ltr'><strong>Non</strong></span> <span class='ocrx_word' id='word_1_398' title='bbox 1493 2136 1610 2189; x_wconf 85' lang='lat' dir='ltr'><strong>esses]</strong></span> <span class='ocrx_word' id='word_1_399' title='bbox 1640 2136 1914 2190; x_wconf 80' lang='lat' dir='ltr'><strong>Comederes,</strong></span> <span class='ocrx_word' id='word_1_400' title='bbox 1950 2141 2025 2178; x_wconf 85' lang='lat' dir='ltr'><strong>aut</strong></span> <span class='ocrx_word' id='word_1_401' title='bbox 2062 2147 2179 2177; x_wconf 75' lang='lat' dir='ltr'><strong>man·</strong></span> 
     </span>
     <span class='ocr_line' id='line_1_82' title="bbox 1301 2199 1493 2242; baseline 0.016 -3"><span class='ocrx_word' id='word_1_402' title='bbox 1301 2199 1493 2242; x_wconf 85' lang='lat' dir='ltr'><strong>ducares.</strong></span> 
     </span>
    </p>

    <p class='ocr_par' dir='ltr' id='par_1_18' title="bbox 1300 2262 2179 2686">
     <span class='ocr_line' id='line_1_83' title="bbox 1355 2262 2179 2316; baseline -0.004 -11"><span class='ocrx_word' id='word_1_403' title='bbox 1355 2265 1467 2305; x_wconf 81' lang='lat' dir='ltr'><strong>CAP.</strong></span> <span class='ocrx_word' id='word_1_404' title='bbox 1491 2272 1556 2305; x_wconf 78' lang='lat' dir='ltr'><strong>lv.</strong></span> <span class='ocrx_word' id='word_1_405' title='bbox 1585 2264 1839 2316; x_wconf 81' lang='lat' dir='ltr'><strong>Pomponium</strong></span> <span class='ocrx_word' id='word_1_406' title='bbox 1866 2262 2033 2315; x_wconf 74' lang='lat' dir='ltr'><strong>Rufum]</strong></span> <span class='ocrx_word' id='word_1_407' title='bbox 2073 2263 2179 2305; x_wconf 81' lang='lat' dir='ltr'><strong>Quis</strong></span> 
     </span>
     <span class='ocr_line' id='line_1_84' title="bbox 1300 2327 2178 2380; baseline -0.001 -13"><span class='ocrx_word' id='word_1_408' title='bbox 1300 2327 1370 2368; x_wconf 83' lang='lat' dir='ltr'><strong>hic</strong></span> <span class='ocrx_word' id='word_1_409' title='bbox 1414 2328 1672 2379; x_wconf 85' lang='lat' dir='ltr'><strong>Pomponius</strong></span> <span class='ocrx_word' id='word_1_410' title='bbox 1720 2327 1856 2368; x_wconf 88' lang='lat' dir='ltr'><strong>Rufus</strong></span> <span class='ocrx_word' id='word_1_411' title='bbox 1902 2328 1974 2378; x_wconf 81' lang='lat' dir='ltr'><strong>sit,</strong></span> <span class='ocrx_word' id='word_1_412' title='bbox 2019 2337 2178 2380; x_wconf 81' lang='lat' dir='ltr'><strong>quaero.</strong></span> 
     </span>
     <span class='ocr_line' id='line_1_85' title="bbox 1302 2390 2178 2444; baseline -0.001 -13"><span class='ocrx_word' id='word_1_413' title='bbox 1302 2391 1388 2431; x_wconf 91' lang='lat' dir='ltr'><strong>Vix</strong></span> <span class='ocrx_word' id='word_1_414' title='bbox 1406 2391 1478 2430; x_wconf 92' lang='lat' dir='ltr'><strong>ille</strong></span> <span class='ocrx_word' id='word_1_415' title='bbox 1497 2390 1640 2442; x_wconf 86' lang='lat' dir='ltr'><strong>fuerit,</strong></span> <span class='ocrx_word' id='word_1_416' title='bbox 1661 2391 1715 2431; x_wconf 90' lang='lat' dir='ltr'><strong>de</strong></span> <span class='ocrx_word' id='word_1_417' title='bbox 1736 2403 1820 2444; x_wconf 90' lang='lat' dir='ltr'><strong>quo</strong></span> <span class='ocrx_word' id='word_1_418' title='bbox 1839 2391 1933 2432; x_wconf 84' lang='lat' dir='ltr'><strong>haec</strong></span> <span class='ocrx_word' id='word_1_419' title='bbox 1951 2391 2178 2443; x_wconf 81' lang='lat' dir='ltr'><strong>inscriptio</strong></span> 
     </span>
     <span class='ocr_line' id='line_1_86' title="bbox 1301 2453 2176 2505; baseline -0.001 -11"><span class='ocrx_word' id='word_1_420' title='bbox 1301 2454 1345 2494; x_wconf 91' lang='lat' dir='ltr'><strong>in</strong></span> <span class='ocrx_word' id='word_1_421' title='bbox 1378 2453 1572 2505; x_wconf 85' lang='lat' dir='ltr'><strong>Regione</strong></span> <span class='ocrx_word' id='word_1_422' title='bbox 1600 2455 1747 2494; x_wconf 61' lang='lat' dir='ltr'><strong>Romae</strong></span> <span class='ocrx_word' id='word_1_423' title='bbox 1781 2454 2176 2505; x_wconf 73' lang='lat' dir='ltr'><strong>Trans-Tyberim:</strong></span> 
     </span>
     <span class='ocr_line' id='line_1_87' title="bbox 1302 2525 2178 2559; baseline -0.002 0"><span class='ocrx_word' id='word_1_424' title='bbox 1302 2526 1672 2559; x_wconf 72' lang='lat' dir='ltr'><strong>nnnchvnnvNT.</strong></span> <span class='ocrx_word' id='word_1_425' title='bbox 1692 2527 1807 2559; x_wconf 81' lang='lat' dir='ltr'><strong>mm.</strong></span> <span class='ocrx_word' id='word_1_426' title='bbox 1821 2528 1980 2558; x_wconf 75' lang='lat' dir='ltr'><strong>ocron.</strong></span> <span class='ocrx_word' id='word_1_427' title='bbox 1999 2528 2042 2558; x_wconf 81' lang='lat' dir='ltr'><strong>c.</strong></span> <span class='ocrx_word' id='word_1_428' title='bbox 2061 2525 2178 2558; x_wconf 64' lang='lat' dir='ltr'><strong>tou-</strong></span> 
     </span>
     <span class='ocr_line' id='line_1_88' title="bbox 1304 2588 2178 2622; baseline -0.002 0"><span class='ocrx_word' id='word_1_429' title='bbox 1304 2592 1426 2622; x_wconf 79' lang='grc' dir='ltr'><strong>ΡΕιο.</strong></span> <span class='ocrx_word' id='word_1_430' title='bbox 1486 2591 1664 2622; x_wconf 74' lang='lat' dir='ltr'><strong>rnnocr.</strong></span> <span class='ocrx_word' id='word_1_431' title='bbox 1705 2590 1965 2622; x_wconf 62' lang='lat' dir='ltr'><strong>moranno.</strong></span> <span class='ocrx_word' id='word_1_432' title='bbox 2001 2588 2093 2621; x_wconf 86' lang='lat' dir='ltr'><strong>cos.</strong></span> <span class='ocrx_word' id='word_1_433' title='bbox 2136 2588 2178 2620; x_wconf 86' lang='lat' dir='ltr'><strong>c.</strong></span> 
     </span>
     <span class='ocr_line' id='line_1_89' title="bbox 1303 2645 1909 2686; baseline 0 -1"><span class='ocrx_word' id='word_1_434' title='bbox 1303 2654 1720 2686; x_wconf 73' lang='lat' dir='ltr'><strong>POMPON10.RVFO.</strong></span> <span class='ocrx_word' id='word_1_435' title='bbox 1781 2645 1909 2685; x_wconf 77' lang='lat' dir='ltr'><strong>Coler.</strong></span> 
     </span>
    </p>

    <p class='ocr_par' dir='ltr' id='par_1_19' title="bbox 1301 2706 2181 3000">
     <span class='ocr_line' id='line_1_90' title="bbox 1360 2706 2180 2758; baseline -0.002 -11"><span class='ocrx_word' id='word_1_436' title='bbox 1360 2708 1614 2748; x_wconf 78' lang='lat' dir='ltr'><strong>Collectorum</strong></span> <span class='ocrx_word' id='word_1_437' title='bbox 1649 2706 1768 2758; x_wconf 78' lang='lat' dir='ltr'><strong>libro]</strong></span> <span class='ocrx_word' id='word_1_438' title='bbox 1822 2706 1953 2747; x_wconf 80' lang='lat' dir='ltr'><strong>Liber</strong></span> <span class='ocrx_word' id='word_1_439' title='bbox 1988 2706 2098 2747; x_wconf 82' lang='lat' dir='ltr'><strong>Dan.</strong></span> <span class='ocrx_word' id='word_1_440' title='bbox 2131 2706 2180 2746; x_wconf 82' lang='lat' dir='ltr'><strong>li·</strong></span> 
     </span>
     <span class='ocr_line' id='line_1_91' title="bbox 1303 2769 2178 2811; baseline 0 -1"><span class='ocrx_word' id='word_1_441' title='bbox 1303 2769 1471 2811; x_wconf 80' lang='lat' dir='ltr'><strong>brorum.</strong></span> <span class='ocrx_word' id='word_1_442' title='bbox 1512 2769 1627 2810; x_wconf 86' lang='lat' dir='ltr'><strong>Hinc</strong></span> <span class='ocrx_word' id='word_1_443' title='bbox 1664 2780 1862 2810; x_wconf 88' lang='lat' dir='ltr'><strong>censeam</strong></span> <span class='ocrx_word' id='word_1_444' title='bbox 1896 2769 2178 2811; x_wconf 81' lang='lat' dir='ltr'><strong>omittendum</strong></span> 
     </span>
     <span class='ocr_line' id='line_1_92' title="bbox 1302 2833 2181 2876; baseline 0.002 -3"><span class='ocrx_word' id='word_1_445' title='bbox 1302 2833 1349 2873; x_wconf 74' lang='grc' dir='ltr'><strong>τὸ</strong></span> <span class='ocrx_word' id='word_1_446' title='bbox 1362 2834 1473 2874; x_wconf 83' lang='lat' dir='ltr'><strong>libro.</strong></span> <span class='ocrx_word' id='word_1_447' title='bbox 1503 2833 1589 2873; x_wconf 90' lang='lat' dir='ltr'><strong>Alii</strong></span> <span class='ocrx_word' id='word_1_448' title='bbox 1602 2835 1829 2875; x_wconf 80' lang='lat' dir='ltr'><strong>collectanea</strong></span> <span class='ocrx_word' id='word_1_449' title='bbox 1846 2839 2014 2876; x_wconf 83' lang='lat' dir='ltr'><strong>vocant.</strong></span> <span class='ocrx_word' id='word_1_450' title='bbox 2043 2835 2181 2876; x_wconf 76' lang='lat' dir='ltr'><strong>Dicta.</strong></span> 
     </span>
     <span class='ocr_line' id='line_1_93' title="bbox 1304 2896 2178 2950; baseline 0.001 -13"><span class='ocrx_word' id='word_1_451' title='bbox 1304 2897 1579 2938; x_wconf 84' lang='lat' dir='ltr'><strong>Collectanea</strong></span> <span class='ocrx_word' id='word_1_452' title='bbox 1613 2898 1842 2950; x_wconf 85' lang='lat' dir='ltr'><strong>scripserat</strong></span> <span class='ocrx_word' id='word_1_453' title='bbox 1874 2896 2032 2950; x_wconf 86' lang='lat' dir='ltr'><strong>Caesar,</strong></span> <span class='ocrx_word' id='word_1_454' title='bbox 2069 2902 2178 2938; x_wconf 76' lang='lat' dir='ltr'><strong>teste</strong></span> 
     </span>
     <span class='ocr_line' id='line_1_94' title="bbox 1301 2959 1725 3000; baseline -0.002 0"><span class='ocrx_word' id='word_1_455' title='bbox 1301 2959 1521 3000; x_wconf 88' lang='lat' dir='ltr'><strong>Suetonio.</strong></span> <span class='ocrx_word' id='word_1_456' title='bbox 1576 2959 1725 2999; x_wconf 85' lang='lat' dir='ltr'><strong>Idem.-</strong></span> 
     </span>
    </p>

    <p class='ocr_par' dir='ltr' id='par_1_20' title="bbox 1301 3022 2181 3578">
     <span class='ocr_line' id='line_1_95' title="bbox 1359 3022 2180 3075; baseline 0 -12"><span class='ocrx_word' id='word_1_457' title='bbox 1359 3022 1541 3063; x_wconf 78' lang='lat' dir='ltr'><strong>Cornelia</strong></span> <span class='ocrx_word' id='word_1_458' title='bbox 1563 3022 1845 3075; x_wconf 79' lang='lat' dir='ltr'><strong>Gracchorum]</strong></span> <span class='ocrx_word' id='word_1_459' title='bbox 1872 3022 2073 3064; x_wconf 84' lang='lat' dir='ltr'><strong>Cornelia</strong></span> <span class='ocrx_word' id='word_1_460' title='bbox 2089 3022 2180 3063; x_wconf 79' lang='lat' dir='ltr'><strong>baec</strong></span> 
     </span>
     <span class='ocr_line' id='line_1_96' title="bbox 1301 3085 2181 3139; baseline -0.002 -12"><span class='ocrx_word' id='word_1_461' title='bbox 1301 3097 1387 3127; x_wconf 89' lang='lat' dir='ltr'><strong>non</strong></span> <span class='ocrx_word' id='word_1_462' title='bbox 1404 3085 1540 3125; x_wconf 89' lang='lat' dir='ltr'><strong>minus</strong></span> <span class='ocrx_word' id='word_1_463' title='bbox 1559 3086 1612 3126; x_wconf 92' lang='lat' dir='ltr'><strong>ob</strong></span> <span class='ocrx_word' id='word_1_464' title='bbox 1625 3085 1827 3126; x_wconf 84' lang='lat' dir='ltr'><strong>virtutem</strong></span> <span class='ocrx_word' id='word_1_465' title='bbox 1845 3085 2042 3138; x_wconf 88' lang='lat' dir='ltr'><strong>filiorum,</strong></span> <span class='ocrx_word' id='word_1_466' title='bbox 2053 3095 2181 3139; x_wconf 85' lang='lat' dir='ltr'><strong>quam</strong></span> 
     </span>
     <span class='ocr_line' id='line_1_97' title="bbox 1302 3149 2181 3202; baseline -0.001 -11"><span class='ocrx_word' id='word_1_467' title='bbox 1302 3150 1550 3192; x_wconf 84' lang='lat' dir='ltr'><strong>memoriam</strong></span> <span class='ocrx_word' id='word_1_468' title='bbox 1583 3149 1775 3191; x_wconf 84' lang='lat' dir='ltr'><strong>Africani</strong></span> <span class='ocrx_word' id='word_1_469' title='bbox 1802 3150 1937 3202; x_wconf 88' lang='lat' dir='ltr'><strong>patris</strong></span> <span class='ocrx_word' id='word_1_470' title='bbox 1967 3162 1993 3190; x_wconf 87' lang='lat' dir='ltr'><strong>a</strong></span> <span class='ocrx_word' id='word_1_471' title='bbox 2020 3150 2181 3202; x_wconf 82' lang='lat' dir='ltr'><strong>populo</strong></span> 
     </span>
     <span class='ocr_line' id='line_1_98' title="bbox 1303 3210 2179 3254; baseline -0.003 0"><span class='ocrx_word' id='word_1_472' title='bbox 1303 3213 1548 3254; x_wconf 84' lang='lat' dir='ltr'><strong>colebatur:</strong></span> <span class='ocrx_word' id='word_1_473' title='bbox 1579 3212 1648 3252; x_wconf 89' lang='lat' dir='ltr'><strong>cui</strong></span> <span class='ocrx_word' id='word_1_474' title='bbox 1674 3224 1771 3253; x_wconf 92' lang='lat' dir='ltr'><strong>cum</strong></span> <span class='ocrx_word' id='word_1_475' title='bbox 1798 3216 1941 3252; x_wconf 86' lang='lat' dir='ltr'><strong>statua</strong></span> <span class='ocrx_word' id='word_1_476' title='bbox 1973 3210 2179 3252; x_wconf 87' lang='lat' dir='ltr'><strong>decerne-</strong></span> 
     </span>
     <span class='ocr_line' id='line_1_99' title="bbox 1303 3275 2177 3326; baseline -0.003 -10"><span class='ocrx_word' id='word_1_477' title='bbox 1303 3280 1437 3326; x_wconf 90' lang='lat' dir='ltr'><strong>retur,</strong></span> <span class='ocrx_word' id='word_1_478' title='bbox 1480 3275 1729 3326; x_wconf 89' lang='lat' dir='ltr'><strong>inscriptum</strong></span> <span class='ocrx_word' id='word_1_479' title='bbox 1775 3279 1870 3314; x_wconf 88' lang='lat' dir='ltr'><strong>est:</strong></span> <span class='ocrx_word' id='word_1_480' title='bbox 1918 3282 2177 3314; x_wconf 59' lang='lat' dir='ltr'><strong>conflamus</strong></span> 
     </span>
     <span class='ocr_line' id='line_1_100' title="bbox 1305 3334 2180 3378; baseline -0.003 0"><span class='ocrx_word' id='word_1_481' title='bbox 1305 3346 1622 3378; x_wconf 67' lang='lat' dir='ltr'><strong>cmccnouvm</strong></span> <span class='ocrx_word' id='word_1_482' title='bbox 1638 3347 1802 3377; x_wconf 66' lang='lat' dir='ltr'><strong>mum.</strong></span> <span class='ocrx_word' id='word_1_483' title='bbox 1855 3336 1998 3376; x_wconf 87' lang='lat' dir='ltr'><strong>Multa</strong></span> <span class='ocrx_word' id='word_1_484' title='bbox 2017 3334 2180 3376; x_wconf 73' lang='lat' dir='ltr'><strong>‹ie-mu-</strong></span> 
     </span>
     <span class='ocr_line' id='line_1_101' title="bbox 1302 3397 2179 3451; baseline -0.002 -11"><span class='ocrx_word' id='word_1_485' title='bbox 1302 3400 1408 3440; x_wconf 85' lang='lat' dir='ltr'><strong>liere</strong></span> <span class='ocrx_word' id='word_1_486' title='bbox 1422 3400 1499 3440; x_wconf 82' lang='lat' dir='ltr'><strong>hac</strong></span> <span class='ocrx_word' id='word_1_487' title='bbox 1515 3398 1674 3451; x_wconf 88' lang='lat' dir='ltr'><strong>scripta</strong></span> <span class='ocrx_word' id='word_1_488' title='bbox 1691 3403 1790 3438; x_wconf 90' lang='lat' dir='ltr'><strong>sunt</strong></span> <span class='ocrx_word' id='word_1_489' title='bbox 1800 3397 1844 3438; x_wconf 89' lang='lat' dir='ltr'><strong>in</strong></span> <span class='ocrx_word' id='word_1_490' title='bbox 1859 3399 1947 3438; x_wconf 83' lang='lat' dir='ltr'><strong>vita</strong></span> <span class='ocrx_word' id='word_1_491' title='bbox 1961 3397 2179 3439; x_wconf 85' lang='lat' dir='ltr'><strong>Graccho—</strong></span> 
     </span>
     <span class='ocr_line' id='line_1_102' title="bbox 1304 3459 2178 3512; baseline 0 -10"><span class='ocrx_word' id='word_1_492' title='bbox 1304 3474 1408 3503; x_wconf 86' lang='lat' dir='ltr'><strong>rum.</strong></span> <span class='ocrx_word' id='word_1_493' title='bbox 1440 3460 1639 3512; x_wconf 73' lang='lat' dir='ltr'><strong>Comelia]</strong></span> <span class='ocrx_word' id='word_1_494' title='bbox 1666 3459 1828 3501; x_wconf 88' lang='lat' dir='ltr'><strong>Tiberii</strong></span> <span class='ocrx_word' id='word_1_495' title='bbox 1844 3459 2030 3502; x_wconf 84' lang='lat' dir='ltr'><strong>Gracchi</strong></span> <span class='ocrx_word' id='word_1_496' title='bbox 2052 3462 2178 3511; x_wconf 72' lang='lat' dir='ltr'><strong>uxor,</strong></span> 
     </span>
     <span class='ocr_line' id='line_1_103' title="bbox 1305 3522 2178 3578; baseline 0 -12"><span class='ocrx_word' id='word_1_497' title='bbox 1305 3530 1351 3566; x_wconf 86' lang='lat' dir='ltr'><strong>et</strong></span> <span class='ocrx_word' id='word_1_498' title='bbox 1395 3524 1628 3578; x_wconf 86' lang='lat' dir='ltr'><strong>superioris</strong></span> <span class='ocrx_word' id='word_1_499' title='bbox 1665 3522 1856 3565; x_wconf 85' lang='lat' dir='ltr'><strong>Africani</strong></span> <span class='ocrx_word' id='word_1_500' title='bbox 1900 3523 2000 3577; x_wconf 83' lang='lat' dir='ltr'><strong>filia,</strong></span> <span class='ocrx_word' id='word_1_501' title='bbox 2042 3529 2178 3566; x_wconf 79' lang='lat' dir='ltr'><strong>mater</strong></span> 
     </span>
    </p>
   </div>
  </div>
 </body>
</html>
