2320 4004
559 295 818 337 VAme
860 293 1099 335 ΜΑΧιΜι
1142 293 1262 334 ms.
1287 297 1373 337 iv.
1412 297 1546 335 cAP.
1573 279 1624 334 1.

182 427 278 459 sere
298 423 513 471 tyrannos.
570 418 676 458 Cum
691 416 824 469 igitur
837 415 1061 456 civitatem

182 481 411 533 tyrannide
433 480 598 521 crudeli
615 480 740 520 nimis
752 479 1062 533 opprimerent,

179 544 306 585 multi
325 557 378 584 ex
411 543 742 584 Atheniensibus
773 542 1058 583 voluntarium

179 607 356 648 exilium
375 606 455 646 sibi
475 606 744 659 delegerunt.
783 606 1059 647 Lacedaemo-

178 670 344 710 niorum
377 669 523 711 edicto
543 670 746 710 civitates
774 669 1060 710 Athenienses

177 733 324 773 exules
339 733 535 785 recipere
557 733 910 785 prohibebantur.
954 733 1059 774 Om-

174 806 251 836 nes
266 796 401 849 igitur
418 809 465 838 se
485 796 622 849 Argos
642 803 687 837 et
717 797 889 838 Thebas
909 801 1058 836 contu-

173 860 332 911 lerunt,
350 860 422 901 ubi
448 873 532 901 non
564 861 698 901 solum
727 866 865 901 tutum
884 860 1057 902 exilium

173 932 318 975 egere,
342 936 490 964 verum
510 924 641 964 etiam
662 936 780 976 spem
800 935 1056 977 recuperan-

175 988 242 1030 dae
279 990 432 1042 patriae
471 994 744 1042 receperunt.
800 989 907 1029 Erat
942 989 1056 1028 inter

171 1052 322 1094 'exules
339 1053 638 1106 Thrasybulum,
667 1052 733 1092 vir
764 1057 980 1103 strenuus,
1009 1057 1056 1092 et

171 1117 484 1170 dominabilis,
519 1118 591 1171 qui
627 1119 862 1158 liberandae
897 1119 1053 1170 patriae

171 1181 374 1234 princeps
393 1187 438 1223 et
454 1188 606 1223 auctor
623 1182 783 1223 extitit.
828 1183 939 1223 Nam
956 1195 1054 1222 cum

169 1244 354 1285 animum
367 1245 624 1296 induxisset,
640 1245 880 1286 audendum
895 1244 1054 1299 aliquid

170 1319 264 1348 esse
292 1320 370 1360 pro
391 1308 550 1359 patria,
571 1320 648 1359 pro
668 1309 805 1348 salute
825 1309 1054 1360 communi,

169 1372 299 1411 etiam
318 1383 415 1411 cnm
450 1371 659 1423 periculo,
676 1371 875 1412 exulibus
896 1373 1054 1413 collec-

169 1433 244 1483 tis,
272 1435 498 1474 castellum
532 1434 699 1475 Philem
728 1434 978 1476 Atticorum
1005 1435 1053 1476 fi·

168 1495 287 1535 nium
324 1500 539 1548 occupat3
578 1508 659 1538 nec
697 1497 846 1537 deerat
874 1506 1055 1551 quarun-

165 1558 268 1600 dam
287 1559 512 1600 civitatum
531 1565 617 1599 tam
634 1560 820 1601 crudelis
838 1574 960 1602 casus
979 1563 1054 1602 mi·

168 1622 404 1663 serantium
421 1621 558 1662 favor.
613 1622 767 1676 Itaque
780 1630 827 1664 et
846 1624 1054 1666 Ismenias

162 1677 461 1726 'Thebanorum
498 1686 720 1739 princeps,
755 1689 837 1728 etsi
870 1688 1052 1741 publicis

165 1758 252 1788 non
275 1754 465 1800 poterat,
497 1749 679 1801 privatis
712 1753 856 1792 tamen
888 1753 1051 1794 viribus

165 1809 358 1863 adjuvat.
386 1813 445 1852 Et
463 1813 613 1865 Lysias
630 1814 941 1869 Syracusaan
957 1828 1052 1858 ora·

166 1879 235 1917 tor
252 1877 354 1916 exul
385 1882 487 1917 tunc
518 1877 777 1930 quingentos
798 1881 957 1922 milites
976 1882 1051 1922 sti·

165 1939 322 1991 pendio
366 1952 444 1980 suo
484 1940 732 1994 instructos,
764 1943 808 1983 in
847 1945 1050 1987 auxilium

162 2002 317 2055 patriae
355 2005 589 2044 communis
626 2005 884 2058 eloquentiae
918 2009 1048 2049 misit.

163 2065 320 2119 Itaque
337 2065 422 2107 fuit
433 2079 630 2119 asperum
650 2070 820 2110 bellum.
850 2071 934 2111 Sed
952 2083 1048 2112 cum

162 2129 263 2171 hinc
283 2143 362 2183 pro
377 2130 519 2184 patria
539 2133 711 2173 summis
741 2134 920 2187 viribus,
951 2137 1049 2178 hinc

162 2203 242 2245 pro
261 2194 398 2234 aliena
412 2196 605 2246 potentia
620 2197 814 2238 securius
836 2212 1048 2252 pugnare-

163 2259 253 2305 tur,
267 2257 440 2308 tyranni
460 2257 708 2310 vincuntur,
726 2267 772 2300 et
793 2262 896 2302 victi
916 2263 958 2302 in
980 2276 1047 2303 ur-

161 2315 260 2357 bem
274 2316 540 2371 refugerunt.
565 2322 755 2372 Tyranni
771 2323 925 2364 deinde
938 2324 1048 2366 frus-

162 2386 234 2420 tra
270 2386 443 2422 tentant
491 2394 770 2436 eorrumpere
805 2387 1047 2441 Thrasybu-

162 2443 266 2484 lum.
303 2445 411 2485 Tum
430 2447 579 2486 accitis
602 2449 913 2491 Lacedaemonii
929 2453 1047 2492 auxi-

160 2507 246 2559 liis,
264 2507 417 2549 iterum
437 2510 686 2562 vincuntur,
716 2514 759 2553 in
793 2527 876 2567 quo
895 2517 1047 2567 proelio

162 2571 318 2612 Critias
362 2579 409 2614 et
454 2574 719 2628 Hippolytus
767 2584 1046 2631 tyrannorum

161 2634 382 2676 saevissimi
409 2637 595 2678 cadunt:
625 2640 916 2693 Thrasybulus
936 2643 1047 2697 fugi-

157 2703 282 2739 entes
301 2700 418 2739 cives
438 2700 492 2740 ad
507 2701 754 2744 libertatem
774 2713 966 2759 revocat,
981 2714 1047 2760 ty-

158 2762 283 2802 ranni
309 2763 498 2804 Eleusini
521 2765 707 2817 migrare
727 2767 959 2820 jubentur3
1000 2777 1046 2812 et

159 2823 384 2866 substituit
416 2825 582 2879 decem,
614 2830 689 2881 qui
726 2832 913 2883 reipubl.
935 2846 1044 2885 prae-

158 2893 318 2937 essent,
355 2889 426 2941 qui
451 2891 601 2930 eadem
636 2893 706 2933 via
738 2897 922 2945 grassari
960 2910 1044 2938 coe-

157 2956 342 3000 petunt:
374 2957 592 3002 postremo
611 2956 846 2999 Pausanias
880 2972 957 3000 rex
987 2962 1043 3003 ad

157 3014 524 3064 comprimendum
562 3016 720 3059 bellum
763 3022 934 3075 missus,
969 3024 1042 3064 de-

157 3074 365 3115 cemviros
407 3077 462 3116 ad
501 3084 703 3131 tyrannos
741 3084 933 3126 Eleusini
966 3088 1043 3127 mi-

157 3148 282 3188 grare
312 3138 456 3192 jubet,
494 3144 566 3193 qui
605 3148 820 3186 communi
865 3151 1043 3191 consilio

155 3197 314 3240 bellum
352 3201 687 3247 Atheniensibus
726 3208 931 3264 inferunt,
965 3214 1041 3253 sed

153 3261 209 3302 nd
249 3265 524 3320 colloquium,
556 3271 674 3311 velut
707 3272 1041 3317 dominationem

155 3330 389 3382 recepturi,
408 3336 640 3387 progressi,
670 3349 720 3378 ac
753 3351 830 3390 per
861 3340 1039 3382 insidias

154 3393 460 3448 comprehensi,
494 3399 627 3439 veluti
672 3402 792 3452 pacis
838 3403 1040 3457 victimae‚

157 3454 440 3499 trucidantur.
510 3461 606 3502 Hoc
651 3464 777 3505 modo
810 3473 1039 3508 revocatur

157 3517 358 3570 populus,
377 3525 422 3559 et
427 3521 715 3575 jurejurando
745 3528 936 3581 adigitur
951 3530 1038 3571 dis-

1861 282 2005 335 1133

1123 415 1369 456 coi-diarum
1421 415 1679 456 oblivionem
1725 413 1833 466 fore,
1876 427 2002 467 quam

1124 477 1266 518 Graeci
1303 479 1532 530 ἀμνηστίαν,
1578 478 1622 518 id
1659 484 1740 529 est,
1775 477 2005 518 oblivionem

1121 542 1228 592 muli,
1248 542 1410 583 dicunt.
1444 543 1592 584 Oliver.

1171 605 1546 660 Apprehendendus]
1584 605 1760 647 Scilicet
1782 617 1807 644 a
1826 605 2004 657 stilo,.id

1120 674 1203 719 est,
1219 669 1472 710 scribendus
1492 673 1621 711 etiam
1640 671 1721 710 hoc
1741 670 1842 710 loci.

1172 731 1428 785 Ἀμνηστίαν]
1476 736 1547 774 De
1583 736 1664 775 hac
1702 733 1840 774 multi.
1897 734 2003 773 Eam

1117 796 1392 837 laudabiliter
1435 798 1650 850 repetivit,
1690 797 1894 850 singulari
1930 797 2004 836 de-

1117 866 1239 902 creto
1295 861 1571 909 Aurelianus,
1627 870 1751 904 teste·
1796 862 2004 914 Vopisco.

1120 925 1248 965 Coler.

1171 988 1222 1028 In
1240 986 1435 1040 habitum]
1485 988 1538 1028 Id
1560 993 1643 1039 est,
1661 988 2002 1041 dispositionem.

1169 1053 1192 1104 ξ
1213 1056 1237 1091 5
1262 1052 1470 1104 Tegeates]
1497 1053 1692 1104 Tegeum
1710 1052 1915 1104 oppidum
1934 1055 2003 1092 est

1116 1114 1333 1157 Arcadiae.
1361 1116 1589 1168 Virgilius:
1615 1116 1629 1139 '‘
1645 1117 1735 1156 Tua
1749 1116 1785 1156 si
1799 1116 1877 1156 tibi
1893 1117 2001 1156 Mae-

1115 1178 1212 1217 nala
1245 1191 1378 1229 curae,
1408 1179 1537 1219 Adsis
1560 1193 1583 1220 ο
1603 1180 1791 1231 Tegeaee
1821 1179 2002 1220 favens.’

1170 1244 1192 1295 ξ
1211 1246 1237 1282 6
1255 1243 1411 1283 Pittaci
1429 1256 1575 1295 quoque
1599 1241 1880 1294 moderatione]
1910 1243 2002 1282 Pit-

1115 1310 1240 1346 tacus
1259 1307 1536 1358 Mitylenaeus
1566 1305 1664 1358 fuit,
1696 1319 1803 1346 unus
1833 1319 1884 1346 ex
1905 1319 2004 1358 sep-

1115 1375 1204 1409 tem
1244 1369 1429 1411 Graeciae
1463 1369 1744 1421 Sapientibus
1770 1370 2002 1422 Syrrhadio

1114 1439 1256 1486 patre,
1289 1446 1415 1487 quem
1447 1434 1612 1474 Thraca
1642 1432 1773 1473 fuisse
1811 1433 2004 1473 tradunt.

1115 1497 1166 1536 In
1186 1496 1299 1536 hunc
1323 1497 1491 1537 Alcaeus
1512 1494 1653 1538 Poeta
1674 1509 1797 1536 versu
1815 1496 2001 1540 iambico

1112 1560 1231 1605 lusit,
1261 1565 1306 1600 et
1324 1560 1390 1599 his
1411 1572 1508 1600 enm
1539 1560 1684 1600 verbis
1704 1560 2001 1612 ignominiosis

1113 1623 1368 1674 appellavit,
1387 1621 1606 1676 σαράποδα,
1622 1622 1803 1676 γαύρικα,
1821 1621 2000 1675 χειροπό-

1112 1688 1199 1737 δην,
1216 1686 1456 1740 ἀγάσυρτον,
1475 1688 1518 1726 id
1554 1693 1638 1738 est,
1659 1688 1759 1726 latos
1784 1688 1900 1737 pedes
1918 1691 2000 1726 tra-

1111 1751 1281 1802 hentem,
1299 1755 1591 1802 tumescentem,
1620 1753 1761 1803 pedum
1785 1750 1916 1790 morbo
1944 1752 2003 1790 lu-

1112 1814 1326 1867 borantem,
1341 1815 1515 1869 (Χειρὰς,
1533 1816 1684 1856 Latine
1701 1819 1830 1855 tumor
1842 1817 2001 1867 pedum,

1110 1879 1191 1919 hoc
1224 1886 1310 1931 est,
1338 1881 1509 1921 morbus
1543 1878 1741 1932 pedum,)
1773 1880 2001 1921 obtrectati—

1111 1943 1246 1982 onibus
1300 1948 1501 1995 patentem
1547 1948 1586 1985 et
1630 1945 1849 1984 sordidum.
1920 1945 2002 1996 Ty-

1112 2007 1336 2048 rannidem
1383 2015 1529 2049 autem
1575 2008 1640 2049 ita
1685 2008 1872 2061 adeptus
1918 2015 2000 2050 est.

1114 2070 1226 2110 Nam
1245 2083 1339 2111 cum
1362 2072 1475 2113 inter
1493 2074 1770 2126 Mitylenaeos
1789 2077 1836 2113 et
1864 2071 1999 2112 Athe-

1109 2132 1280 2174 nienses
1315 2136 1370 2176 de
1401 2134 1675 2176 Achillitides
1703 2135 1797 2187 agri
1836 2148 2000 2188 posses-

1109 2195 1230 2236 sione
1250 2204 1472 2238 certamen
1505 2204 1639 2249 esset,
1667 2199 1867 2238 Pittacus
1901 2211 1999 2238 cnm

1109 2259 1344 2311 Phrynone
1376 2260 1630 2302 Atheniensi
1666 2262 1873 2312 singulari
1907 2275 1999 2302 cer-

1110 2324 1270 2363 tamine
1318 2324 1541 2365 dimicavit
1586 2338 1665 2377 pro
1712 2325 1777 2365 his
1821 2324 1998 2365 finibus.

1111 2386 1225 2425 Nam
1243 2387 1306 2428 sic
1334 2388 1446 2427 inter
1475 2401 1519 2428 se
1548 2394 1844 2428 convenerant
1862 2388 1997 2428 Athe-

1108 2450 1283 2490 nienses
1312 2441 1359 2491 et
1392 2451 1648 2504 Mitylenaei,
1681 2463 1765 2504 qno
1798 2463 1866 2491 res
1899 2464 1997 2491 cum

1109 2513 1261 2554 minori
1274 2515 1497 2568 utriusque
1514 2516 1661 2568 populi
1672 2516 1847 2568 jactura
1861 2521 1997 2555 trans-

1107 2578 1317 2630 igeretur,
1346 2587 1395 2621 ut
1425 2582 1467 2620 hi
1495 2582 1579 2621 duo
1605 2582 1889 2633 imperatores
1922 2593 1997 2620 ex-

1107 2642 1267 2682 ercitus
1296 2644 1410 2684 inter
1446 2656 1492 2684 se
1529 2650 1753 2685 certarent
1790 2645 1995 2697 singulari

1107 2708 1362 2758 certamine,
1381 2712 1427 2749 et
1445 2713 1541 2748 uter
1562 2721 1710 2749 eorum
1732 2708 1869 2749 victor
1898 2721 2003 2749 eva·-

1107 2770 1249 2822 deret,
1268 2771 1384 2812 illius
1419 2774 1602 2824 populus
1637 2785 1741 2825 agro
1763 2772 1994 2825 potiretur.

1106 2832 1303 2873 Pittacus
1335 2835 1467 2886 igitur
1498 2835 1575 2876 sub
1607 2837 1761 2888 clypeo
1796 2842 1889 2876 rete
1925 2848 1994 2875 oc-

1105 2895 1317 2948 cultabat,
1343 2910 1426 2950 quo
1447 2899 1589 2950 jacto,
1622 2900 1683 2952 sic
1717 2899 1993 2951 Phrynonem

1104 2958 1333 3010 implicuit,
1355 2967 1404 3001 ut
1421 2974 1467 3001 se
1488 2961 1645 3002 deinde
1668 2962 1888 3014 explicare
1907 2974 1992 3001 non

1104 3030 1263 3075 posset.
1320 3026 1417 3068 Quo
1460 3039 1589 3076 caeso,
1634 3026 1817 3067 victoria
1861 3036 1992 3078 penes

1103 3087 1378 3140 Mitylenaeos
1398 3088 1497 3142 fuit,
1513 3102 1590 3142 per
1603 3090 1827 3130 Pittacum
1850 3097 1998 3141 parta:

1100 3151 1179 3195 ,sed
1199 3164 1295 3192 cum
1316 3155 1445 3204 paulo
1476 3160 1574 3206 post
1603 3153 1888 3194 Athenienses
1909 3154 1989 3191 ite·

1102 3225 1196 3254 rum
1223 3216 1480 3268 Mitylenem
1511 3217 1785 3267 infestarent,
1803 3218 1919 3256 cives
1948 3216 1988 3255 ei

1100 3287 1264 3319 summo
1285 3292 1496 3321 consensu
1517 3280 1788 3332 tyrannidem
1815 3278 1988 3318 deman-

1100 3341 1272 3395 darunt,
1309 3356 1431 3396 qnam
1471 3357 1567 3384 cum
1617 3344 1687 3383 ille
1733 3348 1988 3382 conservata

1100 3406 1241 3456 patria
1260 3407 1412 3447 decem
1446 3419 1576 3446 annos
1604 3406 1831 3456 tenuisset,
1850 3410 1894 3444 et
1914 3417 1988 3457 op-

1099 3469 1215 3508 timis
1235 3469 1441 3510 institutis
1471 3477 1516 3510 et
1546 3469 1713 3519 legibus
1742 3468 1984 3510 constituis-

1098 3539 1180 3585 set,
1199 3534 1387 3586 seipsum
1416 3539 1570 3585 sponte
1591 3544 1617 3572 a
1634 3532 1889 3584 magistratu
1909 3532 1983 3572 ab·
