2288 3990
369 309 476 362 938

360 439 566 487 vomnibus
586 439 765 491 omissis,
792 440 984 493 quaedam
1006 439 1131 480 etiam
1152 452 1243 479 mu·

369 504 461 554 tila,
479 509 607 556 atque
624 504 668 542 in
688 504 902 554 epitomen
925 502 1114 543 redacta.
1145 503 1242 553 Pig-

364 567 468 607 hius.
499 566 827 617 Bacchanalium]
856 565 895 604 A
933 567 1102 605 Baccho
1132 566 1239 605 Bac-

366 629 560 669 chanalia
580 630 711 680 dicta,
730 642 822 681 quae
843 628 1005 667 fiebant
1024 629 1138 679 apud
1157 630 1239 668 Ro-

362 704 508 731 manos
529 692 695 731 decimo
715 691 863 742 quinto
884 690 1069 731 Kalend.
1111 690 1239 741 Apri-

363 754 430 805 lis,
444 754 556 806 quod
574 753 753 793 Ovidius
775 753 901 791 etiam
923 757 1108 792 testatur
1126 753 1239 793 Fast.

363 829 434 858 111.
463 818 475 840 ‘
490 817 638 857 Tertia
654 822 749 868 post
766 816 867 855 Idus
885 816 956 854 lux
972 821 1038 856 est
1050 817 1238 856 celeber-

362 881 469 921 rima
489 880 691 920 Baccho!
745 880 962 930 Originem
997 880 1146 918 horum
1174 892 1237 918 sa-

362 957 528 984 crorum
563 944 603 982 in
632 943 761 982 Italia
787 942 962 982 Servius
993 942 1045 981 ad
1073 943 1236 983 Julium

363 1010 578 1049 Caesarem
597 1005 798 1057 refert,iu
819 1006 904 1045 suis
925 1006 1236 1045 commentariis

360 1072 414 1111 ad
434 1071 508 1110 hos
529 1081 674 1110 versus
694 1069 846 1120 Virgil.
867 1069 960 1109 Ecl.
986 1080 1030 1107 v.
1058 1068 1070 1090 ‘
1088 1068 1235 1119 Daph-

360 1136 424 1175 nis
461 1141 505 1174 et
542 1133 766 1174 Armenias
814 1145 939 1172 curru
976 1133 1234 1184 subjungere

342 1199 492 1249 .tigres
513 1197 732 1236 Instituit:
765 1196 956 1247 Daphnis
987 1196 1153 1246 thyrsos
1173 1197 1235 1235 in-

356 1260 517 1300 ducere
550 1261 736 1310 Baccho,
775 1260 832 1298 Et
862 1258 974 1298 foliis
1005 1259 1142 1298 lentas
1171 1259 1234 1297 in-

358 1331 509 1364 texere
525 1322 723 1362 mollibus
743 1321 912 1361 hastas.'
943 1322 1026 1361 Sed
1042 1320 1229 1361 fallitur:

356 1400 453 1426 nam
493 1394 537 1426 et
569 1392 669 1425 ante
690 1387 906 1425 Caesarem
931 1385 1092 1424 Bacchi
1110 1396 1234 1424 sacra

355 1450 546 1500 fuerunt,
566 1454 613 1489 ut
633 1449 793 1488 indicat
809 1448 952 1486 Livius
967 1448 1039 1487 lib.
1060 1458 1230 1487 xxxlx.

356 1517 367 1537 ‘
388 1514 567 1554 Graecus
587 1512 756 1565 quidam
779 1513 903 1551 homo
926 1510 1137 1561 ignobilis,
1155 1510 1230 1550 sed

353 1577 563 1628 ejusmodi
582 1588 796 1616 sacrorum
820 1574 1014 1622 antistes,
1033 1574 1168 1625 primo
1186 1574 1228 1613 in

355 1641 604 1680 Hetruriani
625 1640 786 1689 attulit,
801 1638 943 1690 ibique
961 1637 1066 1676 ritus
1083 1650 1228 1677 eornm

355 1703 514 1743 docuit.
571 1704 637 1742 Ex
675 1698 885 1741 Hetru‘ria
916 1712 966 1742 ea
985 1700 1084 1739 mali
1113 1700 1227 1739 labes

351 1779 451 1807 mox
472 1767 648 1808 Romam
670 1763 942 1817 penetravit!
998 1765 1154 1803 Eorum
1175 1762 1230 1804 ri-

354 1835 444 1868 tum
475 1829 762 1880 turpissimum
788 1828 922 1879 primo
942 1828 1001 1867 sic
1023 1820 1229 1866 describit

353 1893 497 1932 Livius
519 1893 670 1933 eodem
703 1893 822 1931 loco:
855 1889 1039 1941 ‘Initia,'
1074 1890 1227 1941 inquit,

351 1959 363 1979 ⁴
383 1963 524 2007 erant,
559 1970 651 2010 quae
692 1957 827 2007 primo
875 1953 1024 2005 paucis
1069 1952 1229 1992 tradita

351 2025 465 2066 sunt,
486 2019 586 2058 dein
607 2019 769 2070 vulgari
794 2023 938 2068 coepta
955 2028 1031 2067 per
1051 2016 1163 2054 viros
1183 2021 1229 2054 et

348 2084 564 2133 mulieres,
583 2083 739 2122 additae
768 2082 1012 2132 voluptates
1034 2077 1230 2130 religioni

351 2147 437 2186 vini
457 2152 502 2186 et
521 2146 758 2198 epularum,
779 2156 860 2197 quo
890 2144 1114 2195 plurimum
1141 2142 1229 2180 ani-

347 2209 408 2248 mi
427 2209 704 2249 illicerentur.
732 2210 872 2250 Quum
895 2206 1037 2246 vinum
1054 2206 1228 2255 animos,

349 2279 394 2312 et
413 2286 512 2324 nox,
532 2280 579 2314 et
607 2275 725 2314 misti
747 2273 929 2313 foeminis
952 2283 1107 2321 mareS‚
1126 2276 1227 2310 aeta-

350 2338 404 2377 tis
419 2346 578 2378 tenerae
594 2337 844 2388 majoribus,
860 2336 1089 2376 discrimen
1104 2347 1227 2375 omne

350 2401 522 2453 pudoris
553 2401 851 2449 exstinxissent,
871 2399 1127 2451 corruptelae
1146 2399 1229 2450 pri-

347 2477 460 2504 mum
483 2465 617 2504 omnis
639 2464 808 2516 generis
825 2468 994 2515 coeptae,
1023 2475 1150 2514 quum
1173 2462 1228 2501 ad

346 2528 391 2568 id
405 2528 600 2580 quisque,
621 2540 703 2579 quo
726 2532 880 2566 natura
902 2525 1112 2577 pronioris
1132 2525 1228 2564 libi-

345 2592 453 2631 dinis
474 2595 604 2641 esset,
634 2595 826 2642 paratam
858 2590 1121 2640 voluptatem
1154 2588 1227 2637 lia·-

345 2654 495 2694 beret:
524 2666 604 2693 nec
618 2665 746 2693 unum
768 2664 899 2704 genus
918 2663 1060 2701 noxae,
1076 2657 1227 2702 stupra

344 2718 592 2771 promiscua
610 2717 908 2768 ingenuorum,
940 2714 1226 2754 foeminarum-

345 2794 427 2833 que
455 2785 601 2832 erant,
636 2778 734 2819 falsi
764 2784 921 2828 testes,
956 2777 1062 2817 falsa
1086 2777 1224 2828 signa,

344 2844 676 2896 testimoniaque
694 2855 748 2882 ex
767 2842 919 2882 eadem
949 2839 1119 2880 officina
1151 2853 1223 2879 ex-

343 2909 479 2958 ibant,
494 2919 657 2947 venena
670 2904 904 2955 identidem
919 2903 1223 2954 intestinaeque

342 2974 500 3023 caedes,
530 2974 593 3012 ita
610 2975 732 3011 utne
761 2981 942 3020 corpora
968 2968 1139 3020 quidem
1161 2968 1221 3007 in-

343 3037 510 3077 terdum
531 3036 585 3076 ad
601 3035 866 3087 sepulturam
884 3037 1097 3082 extarent,
1117 3032 1221 3070 mul-

343 3108 388 3141 ta
407 3100 522 3150 dolo,
543 3100 748 3151 pleraque
770 3109 846 3150 per
866 3096 948 3135 vim
976 3094 1222 3135 audebant.’

342 3162 426 3203 Sed
445 3162 507 3202 his
525 3174 625 3201 mox
658 3163 784 3212 longe
810 3159 1022 3199 atrociora
1047 3157 1221 3209 suincit

342 3237 396 3266 ex
431 3225 623 3277 Hispalae
662 3223 875 3263 libertinae
910 3221 1083 3271 indicio,
1123 3232 1218 3272 quae

339 3288 503 3328 ancillae
523 3287 706 3328 dominae
726 3298 866 3326 comes
895 3285 958 3324 his
991 3285 1124 3324 sacris
1145 3284 1219 3323 ali-

342 3352 512 3404 quando
541 3349 815 3392 interfuerat.
863 3351 926 3390 Ea
966 3361 1109 3389 coram
1142 3349 1217 3400 Sp.

341 3414 595 3455 Posthumio
632 3412 791 3453 Albino
828 3412 1002 3452 consule
1029 3410 1220 3450 confessa

341 3484 424 3535 est,
460 3478 595 3529 primo
621 3477 849 3517 sacrarium
879 3475 924 3514 id
951 3473 1219 3514 foeminarum

340 3542 488 3594 fuisse,
519 3553 599 3583 nec
625 3545 870 3594 quenquam
899 3538 1032 3579 virum
1065 3549 1116 3578 eo
1145 3537 1218 3578 ad-

949 325 1124 363 NOTAE
1166 323 1498 363 VARIORUM
1541 324 1604 362 IN

1304 440 1417 480 mitti
1457 440 1652 480 solitum:
1687 445 1771 482 tres
1804 443 1845 482 in
1865 454 1973 483 anno
1997 447 2181 484 statutos

1303 502 1396 542 dies
1434 503 1646 554 habuisse,
1681 505 1834 556 quibus
1853 506 2042 546 interdiu
2069 507 2182 546 Bac-

1303 566 1391 605 chis
1413 566 1705 607 initiarentur:
1735 569 1979 608 sacerdotes
1997 568 2180 608 invicem

1302 635 1515 669 matronas
1554 631 1688 669 creari
1724 631 1869 670 solitas
1906 630 2069 671 fuisse:
2101 632 2182 670 Pa-

1301 692 1452 730 cullam
1495 702 1594 731 vero
1630 692 1809 732 Miniam
1843 695 2084 744 Esoponam
2115 706 2179 733 sa-

1300 752 1520 792 cerdotem
1554 755 1710 806 omnia,
1756 760 1958 808 tanquam
1989 757 2178 796 Deorum

1301 815 1481 863 monitu,
1497 815 1770 865 immutasse3
1787 830 1883 857 nam
1899 822 1944 857 et
1957 819 2068 857 viros
2086 830 2179 858 eam

1301 879 1477 928 primam
1502 890 1597 917 suos
1625 878 1734 918 filios
1765 879 1973 930 initiasse,
2003 886 2048 920 et
2076 892 2178 921 noc-

1302 947 1472 981 turnum
1495 954 1662 982 sacrum
1685 956 1739 984 ex
1758 943 1926 994 diurno,
1952 950 1996 984 et
2009 957 2086 996 pro
2106 946 2178 984 tri-

1299 1004 1375 1044 bus
1412 1007 1455 1044 in
1493 1019 1602 1045 anno
1641 1008 1790 1048 diebus
1823 1009 1971 1060 quinos
2003 1008 2178 1060 singulis

1298 1070 1514 1108 mensibus
1525 1070 1611 1108 dies
1628 1070 1845 1110 initiorum
1855 1070 2008 1111 fecisse
2021 1083 2178 1111 sacros.

1298 1131 1365 1169 Ex
1384 1143 1464 1183 quo
1484 1132 1583 1170 iude
1611 1133 1850 1182 promiscua
1868 1145 1990 1172 sacra
2015 1133 2114 1184 sint,
2134 1137 2180 1173 et

1298 1194 1491 1244 permisti
1513 1195 1592 1234 viri
1609 1194 1809 1246 foeminis,
1826 1201 1871 1235 et
1886 1196 2027 1235 noctis
2047 1196 2178 1236 licen-

1297 1258 1355 1297 tia
1374 1258 1619 1309 accesserit,
1639 1259 1743 1299 nihil
1762 1259 1819 1298 ibi
1835 1258 2055 1310 facinoris,
2073 1260 2179 1300 nihil

1296 1320 1354 1359 ibi
1373 1318 1523 1371 flagitii
1541 1322 1873 1372 praetermissum
1891 1336 1901 1362 :
1935 1324 2056 1374 plura
2073 1325 2180 1363 viro-

1295 1395 1384 1422 rum
1415 1383 1528 1422 iuter
1557 1396 1602 1423 se
1636 1397 1763 1436 quam
1794 1383 2062 1424 foeminarum
2081 1398 2178 1427 esse

1295 1452 1464 1497 stupra:
1488 1446 1519 1485 si
1533 1447 1606 1498 qui
1618 1446 1753 1486 minus
1764 1447 1981 1498 patientes
1992 1447 2176 1489 dedeco-

1294 1509 1355 1548 ris
1378 1509 1480 1560 sint,
1499 1514 1544 1548 et
1572 1510 1780 1561 pigriores
1809 1511 1863 1551 ad
1889 1510 2068 1563 facinus,
2096 1524 2174 1565 pro

1294 1573 1481 1613 victimis
1498 1574 1707 1614 immolari
1725 1575 1828 1614 nihil
1847 1575 1966 1617 nefas
1985 1577 2171 1618 ducere:

1292 1648 1371 1676 nec
1392 1636 1436 1675 id
1473 1638 1615 1677 multis
1646 1638 1881 1690 cognitum,
1911 1652 2039 1692 quum
2059 1642 2175 1680 nulla

1293 1711 1374 1737 vox
1414 1698 1740 1740 vociferantium
1770 1706 1844 1740 aut
1870 1702 2173 1753 queritantium

1292 1774 1382 1812 prae
1414 1763 1598 1813 ululatu,
1633 1768 1934 1814 tympanorum
1960 1766 2175 1818 cymbalo-

1292 1836 1470 1876 rumque
1510 1826 1695 1876 strepitu
1728 1827 1918 1867 exaudiri
1951 1829 2105 1880 possit,
2128 1835 2174 1869 et

1292 1889 1448 1926 mortui
1477 1899 1531 1927 ex
1559 1894 1793 1940 conspectu
1817 1890 1930 1931 illico
1953 1892 1994 1931 in
2019 1904 2173 1945 specus

1292 1949 1516 1990 abdentur.
1538 1950 1664 1990 Hanc
1680 1964 1884 1992 summam
1899 1954 2012 1994 inter
2023 1967 2096 1995 eos
2108 1968 2175 1996 re·

1287 2012 1487 2062 ligionem
1503 2024 1611 2064 esse,
1627 2014 1735 2054 viros
1751 2016 1867 2056 velut
1876 2023 2019 2057 mente
2032 2025 2175 2071 capta,

1292 2076 1638 2126 cumjactatione
1653 2077 1838 2118 fanatica
1853 2080 2047 2131 corporis
2064 2082 2170 2122 vati·

1292 2140 1438 2185 cinari,
1473 2145 1690 2181 matronas
1730 2142 1992 2182 Baccharum
2022 2144 2172 2185 habitu

1291 2203 1479 2242 crinibus
1494 2204 1626 2254 passis
1639 2216 1733 2243 cum
1746 2205 1995 2246 ardentibus
2007 2206 2171 2248 facibus

1291 2267 1522 2306 decurrere
1535 2268 1588 2307 ad
1603 2267 1806 2319 Tiberim,
1822 2269 2111 2324 demissasque
2127 2273 2170 2312 in

1291 2348 1443 2387 aquam
1462 2334 1592 2386 faces,
1611 2337 1710 2388 quia
1728 2337 1867 2376 vivum
1883 2339 2060 2390 sulphur
2073 2351 2168 2379 cum

1291 2400 1412 2439 calce
1451 2400 1566 2448 insit,
1600 2401 1769 2450 integra
1800 2398 1969 2440 flamma
1997 2399 2171 2442 efferre.

1290 2463 1460 2515 Raptus
1494 2475 1519 2501 a
1557 2463 1654 2503 Diis
1689 2463 1876 2503 homines
1914 2463 2015 2515 dici,
2062 2477 2168 2517 quos

1289 2527 1497 2566 machinae
1515 2526 1711 2577 alligatos
1729 2539 1782 2566 ex
1798 2527 2088 2578 conspectuin
2100 2528 2171 2568 ab·

1289 2589 1402 2628 ditos
1431 2601 1586 2640 specus
1606 2589 1847 2640 abripiant:
1877 2600 1949 2629 eos
1968 2602 2076 2640 esse,
2094 2591 2168 2643 qui

1290 2657 1364 2691 aut
1379 2652 1620 2703 conjurare,
1636 2659 1710 2692 aut
1724 2652 1875 2692 sociari
1888 2651 2167 2704 facinoribus,

1287 2718 1362 2752 aut
1382 2719 1576 2765 stuprum
1609 2714 1698 2765 pati
1721 2715 1960 2755 noluerunt.
2018 2716 2167 2756 Multi-

1288 2776 1478 2816 tudinem
1495 2777 1731 2828 ingentem‚
1744 2778 2018 2829 alterumjam
2031 2790 2165 2831 prope

1287 2841 1489 2892 populum
1510 2853 1620 2890 esse,
1637 2841 1679 2879 in
1695 2841 1757 2879 his
1777 2841 1940 2881 nobiles
1959 2843 2165 2894 quosdam

1287 2905 1395 2944 viros
1433 2903 1739 2956 foeminasqu·e;
1771 2905 1942 2946 biennio
1969 2907 2164 2958 proximo

1283 2968 1524 3008 institutum
1546 2966 1690 3019 fuisse,
1709 2980 1763 3008 ne
1793 2969 1887 3020 quis
1910 2969 2043 3020 major
2078 2981 2161 3010 xx.

1284 3032 1403 3070 annis
1447 3031 1704 3081 initiaretur,
1735 3032 1901 3082 captari
1937 3039 2088 3072 oetates
2117 3039 2164 3073 et

1281 3095 1439 3135 erroris
1488 3101 1534 3135 et
1580 3097 1720 3147 stupri
1768 3097 1996 3147 patientes.
2052 3098 2162 3138 Haec

1281 3159 1423 3198 omnia
1459 3159 1634 3198 Liviusz
1678 3157 1814 3198 refert
1847 3160 1976 3199 etiam
2013 3161 2160 3201 Valer.

1280 3222 1401 3261 Max.
1431 3221 1507 3260 lib.
1536 3232 1602 3260 vi.
1653 3220 1762 3262 Quae
1795 3222 2000 3274 pleraque
2022 3223 2162 3274 priva·

1281 3284 1354 3322 tim
1387 3284 1426 3322 in
1461 3283 1648 3323 sacrario
1669 3284 1784 3323 circa
1811 3284 2070 3326 initiationes
2089 3299 2158 3327 eo-

1278 3358 1388 3395 rum,
1417 3347 1488 3397 qui
1521 3346 1582 3384 his
1616 3346 1749 3385 sacris
1783 3347 1993 3388 interesse
2013 3350 2160 3401 cupie-

1279 3408 1532 3459 bant,facta
1561 3409 1774 3449 arbitror:
1813 3410 1982 3461 publice
2013 3418 2157 3453 autem

1278 3483 1361 3510 uon
1379 3472 1515 3510 minus
1536 3471 1747 3510 horrenda
1768 3472 1883 3511 abiis
1904 3481 2158 3525 perpetrata

1280 3545 1403 3587 sunt;
1435 3548 1549 3583 nam,
1580 3542 1628 3575 ut
1648 3536 1788 3575 Varro
1822 3536 1897 3589 ait,
1926 3542 2047 3578 tanta
2069 3545 2155 3579 tur·
