2346 3996
302 715 967 816 NOTITIA
1076 713 1942 812 LITERARIA

1090 956 1200 996 m:-

481 1138 1125 1230 VALERIO
1189 1151 1786 1228 MAXIMO.

309 1415 382 1464 Ex
406 1416 486 1465 Jo.
514 1414 629 1463 Alb.
658 1413 864 1463 Fabricii
890 1414 1196 1462 Bibliotheca
1223 1414 1411 1472 Latina,
1437 1429 1465 1462 a
1488 1415 1570 1463 J0.
1594 1416 1713 1477 Aug.
1744 1414 1934 1464 Ernesti

775 1516 966 1564 auctius
989 1515 1141 1566 edita.
1170 1515 1234 1563 Τ.
1262 1529 1327 1564 11.
1354 1532 1400 1564 c.
1427 1522 1475 1565 5.

449 1789 630 1838 Valerii
654 1789 868 1837 Maximi
890 1787 1035 1838 AEtas
1057 1793 1102 1836 et
1124 1787 1270 1836 Libri
1300 1803 1381 1838 lx.
1422 1790 1836 1842 Memorabilium.

207 1903 515 1960 VALERIUS
553 1911 864 1967 MAXIMUS,
885 1910 1153 1969 Romanus,
1180 1926 1291 1959 cum
1318 1926 1407 1974 per
1429 1911 1624 1975 aliquod
1652 1920 1860 1978 ternpus,
1881 1913 2037 1979 petita

213 2008 327 2041 cum
351 1994 499 2042 Sexto
523 1991 759 2055 Pompeio
785 1990 916 2050 Asia,
940 1993 1028 2054 (11.
1055 1989 1103 2039 6.
1130 1992 1198 2053 8.)
1221 1991 1493 2051 militasset,
1513 2010 1730 2042 reversus
1755 1994 1802 2042 in
1827 1994 2039 2059 patriam
2127 2026 2130 2029 -

213 2073 443 2122 extremis
466 2072 654 2121 Tiberii
677 2073 802 2136 Imp.
826 2072 1128 2137 temporibus
1152 2074 1256 2135 (lx.
1295 2080 1345 2121 4.
1371 2076 1442 2132 4.)
1483 2081 1598 2137 post
1632 2074 1817 2123 caedem
1857 2075 2040 2138 Sejani,

217 2153 416 2218 scripsit
447 2142 510 2200 ad
535 2152 744 2201 eundem
769 2154 1116 2217 Imperatorem
1144 2154 1295 2202 libros
1322 2167 1406 2202 lx.
1432 2154 1676 2203 dictorum
1700 2155 2041 2219 factorumque

217 2233 624 2291 memorabilium,
663 2233 962 2297 digestorum
1001 2233 1049 2281 in
1106 2242 1260 2283 certas
1315 2234 1526 2292 classes;
1588 2251 1711 2298 opus
1741 2234 2041 2298 jucundum,

199 2297 419 2371 ‘varium
447 2313 576 2373 utile,
602 2314 881 2378 lectumque
924 2312 1087 2362 Genio
1114 2327 1153 2361 ι.
1178 2322 1224 2371 7.
1265 2314 1652 2362 Pliniolib.v11.
1693 2323 1743 2364 et
1780 2315 2041 2364 Plutarcho

219 2394 267 2442 in
294 2394 544 2453 Marcello,
570 2400 623 2442 ut
648 2395 728 2444 Jo.
764 2393 1186 2453 sarisberiensem,
1205 2395 1340 2444 Petr.
1364 2395 1663 2453 Blesensem,
1710 2404 1760 2444 et
1797 2396 1921 2444 alios
1955 2397 2042 2460 ju-

219 2474 379 2524 niores
403 2482 766 2539 praetereamus,
792 2476 1030 2523 Saxonem
1055 2474 1307 2538 praecipue
1351 2475 1762 2533 Grammaticum‚
1803 2476 1890 2540 qui
1930 2493 2043 2525 eum

220 2554 438 2619 plurimis
463 2555 690 2605 Historiae
715 2571 816 2602 suae
842 2553 1047 2603 Danieae
1072 2554 1195 2603 locis
1233 2564 1306 2602 est
1341 2555 1575 2613 imitatuS,
1614 2564 1670 2604 ut
1703 2563 1923 2605 notatum
1966 2565 2045 2606 est

218 2637 285 2685 ab
309 2636 434 2694 aliis,
462 2646 560 2684 tum
587 2652 613 2684 a
640 2635 906 2699 Stephanio
930 2634 977 2682 in
1004 2635 1147 2683 notis.
1219 2634 1395 2683 Publii
1418 2652 1696 2700 praenomen
1719 2636 1914 2685 Valerio
1939 2638 2042 2685 vin—

217 2716 482 2766 dicandum
521 2733 620 2765 non
658 2716 852 2765 dubitat
890 2716 1225 2780 Marquardus
1259 2717 1476 2774 Gudius,
1519 2718 1806 2766 auctoritate
1845 2718 2043 2767 Codicis

216 2796 452 2846 Medicei.
523 2796 676 2862 Igitur
699 2796 760 2844 ad
795 2796 941 2845 alium
967 2804 1160 2860 spectat
1184 2797 1437 2862 inscriptio
1462 2807 1618 2857 vetus,
1646 2799 1683 2847 si
1707 2808 1863 2858 vetus,
1898 2816 2042 2864 quam

219 2878 362 2926 affert
404 2877 714 2928 Gaudentius
754 2877 946 2925 Merula
970 2877 1030 2925 de
1057 2878 1312 2927 Gallorum
1345 2879 1708 2945 Cisalpinorum
1751 2881 2042 2946 antiquitate

227 2972 263 3006 1.
287 2966 334 3007 4.
1222 2999 1224 3002 ⁴
1674 2971 1678 2974 ’

772 3052 834 3087 Μ.
874 3051 1156 3089 VALERIVS
1195 3053 1471 3091 MAXIMVS

974 3133 1268 3171 SACERDos

877 3214 933 3249 D.
972 3214 1015 3248 s.
1057 3216 1095 3250 1.
1133 3215 1197 3252 M.
1235 3217 1378 3252 s'rvn

914 3292 1320 3333 ASTROLOGIAE

787 3375 897 3411 SIBI
939 3375 1009 3411 ET
1047 3376 1337 3414 SEVERIAE
1376 3379 1475 3415 APS

1044 3458 1230 3495 vxom

909 3539 963 3573 Η.
1003 3539 1066 3573 Μ.
1106 3540 1160 3574 Η.
1203 3538 1257 3575 Ν.
1296 3542 1339 3575 s·
