2346 3996
361 302 504 360 1300

363 451 436 479 cos
470 438 515 479 in
544 438 689 480 littore
723 438 971 481 lectitasse:
1008 440 1102 492 ipse
1133 452 1234 481 vero

362 514 448 543 non
484 502 622 542 minus
657 508 752 554 post
776 503 903 543 animi
934 504 1101 545 labores
1126 516 1151 543 a
1169 503 1234 544 fo-

361 565 556 605 rensibus
590 563 741 606 officiis
782 566 835 606 ad
873 566 970 618 pilae
1006 567 1152 608 ludum
1189 581 1235 609 se

361 627 575 667 interdum
590 627 856 679 conferebat,
871 640 1170 682 nonnunquam
1182 631 1236 670 ad

361 691 476 730 aleas
513 696 558 730 et
605 695 804 743 tesseras,
839 697 888 733 ut
921 705 974 732 eo
1004 693 1239 734 laxamenti

360 764 518 804 genere
548 752 775 805 fatigatum
803 755 988 796 animum
1010 756 1238 797 relaxaret.

360 815 465 865 Hic,
497 820 606 856 teste
642 817 851 859 Cicerone
882 818 958 860 lib.
994 816 1079 860 Off.
1102 831 1136 860 1.
1155 818 1239 860 fuit

361 879 415 918 Ρ.
436 879 642 920 Scaevolae
661 880 909 933 Jurisperiti
935 881 1062 935 filius,
1097 895 1121 923 a
1153 895 1237 936 quo

363 942 516 983 Cicero
537 943 654 995 juris·
676 944 814 984 civilis
843 945 1083 997 scientiam,
1109 958 1238 999 quana-

363 1010 577 1058 tacunque
623 1004 752 1057 foret,
798 1008 1017 1060 accepisse
1064 1008 1239 1049 dicitur.

361 1069 476 1109 Nam
505 1070 611 1110 libro
643 1082 675 1113 1.
703 1069 793 1112 off.
823 1071 984 1125 inquit:
1019 1072 1238 1115 ‘Quorum

360 1143 464 1172 vero
485 1137 683 1183 parentes
703 1139 777 1173 aut
796 1134 979 1186 majores
999 1135 1137 1188 aliqua
1152 1137 1239 1187 glu-

362 1194 430 1234 ria
455 1195 771 1248 praestiterunt,
803 1208 950 1237 eorum
981 1198 1175 1250 plerique
1194 1198 1238 1238 in

360 1258 442 1299 hoc
462 1269 622 1310 genere
640 1259 780 1299 laudis
800 1259 976 1300 student
994 1261 1240 1310 excellere3

364 1327 410 1362 at
427 1323 482 1365 Q.
502 1323 669 1362 Mutius
688 1323 743 1364 P.
761 1322 872 1363 filius
899 1322 942 1362 in
961 1324 1067 1375 jure
1095 1323 1241 1363 civili.’

362 1385 464 1426 Fuit
483 1389 625 1425 autem
643 1386 711 1426 hic
727 1386 934 1436 Scaevola,
955 1390 1066 1426 teste
1088 1387 1241 1428 eodem

363 1447 441 1488 Cic
461 1448 505 1487 iu
535 1449 686 1500 Laelio,
717 1448 1001 1501 Jurisperitus
1029 1454 1074 1491 et
1093 1460 1243 1503 augur,

365 1523 492 1564 quem
510 1512 553 1551 iu
575 1512 650 1552 lib.
670 1512 726 1552 de
744 1512 930 1554 Oratore
945 1514 1100 1555 Cicero
1118 1514 1241 1555 indu-

360 1575 424 1616 cit
456 1586 551 1615 cum
580 1576 736 1617 Crasso
754 1576 810 1617 de
829 1578 1073 1632 eloquentia
1097 1578 1242 1632 dispu-

363 1643 546 1680 tantem.
579 1640 687 1681 oziv.

415 1704 528 1743 Aleoe
545 1716 691 1756 quoque
715 1709 755 1745 et
772 1705 928 1746 calculis
942 1718 1099 1747 vacasse
1115 1707 1243 1748 inter-

363 1766 456 1805 dum
471 1766 635 1818 dicitur]
663 1768 734 1808 lta
754 1770 895 1821 vulgo.
926 1769 980 1809 In
1000 1770 1245 1823 campensi,

366 1828 686 1882 Gemblacensi‚
707 1832 1020 1884 Wincheliano,
1049 1839 1096 1875 et
1114 1834 1243 1875 Atre-

363 1891 532 1932 batensi
550 1893 701 1935 melius
718 1906 730 1933 =
749 1894 872 1935 Alveo
898 1908 1044 1948 quoque
1061 1900 1101 1936 et
1119 1897 1242 1938 calcu-

365 1955 427 1996 lis.
485 1956 597 1996 Nam
614 1957 710 1998 alea
728 1959 965 2000 inhonesta.
994 1960 1118 2011 Pigh.

422 2020 614 2072 Calcatis]
658 2021 848 2062 Tesseris
883 2023 953 2062 vel
982 2024 1157 2075 taxillis,
1196 2029 1245 2065 ut

367 2084 558 2124 calculos
580 2086 775 2136 posuerit
795 2098 873 2138 pro
895 2085 1066 2130 taxillis.

422 2148 684 2188 Coeremonias
703 2149 897 2201 Deorum]
917 2151 977 2190 Ut
994 2150 1066 2203 qui
1085 2163 1245 2204 augur3

366 2221 465 2250 nam
487 2211 596 2250 alter
613 2210 806 2263 pontifex
824 2212 923 2254 fuit.

426 2274 484 2314 Ut
511 2275 614 2314 enim
655 2275 701 2315 in
734 2275 848 2316 rebus
875 2276 989 2317 seriis
1022 2277 1250 2331 Semelam,

364 2336 426 2377 ita
443 2341 482 2377 et
497 2337 726 2379 scum-ilibus
756 2339 904 2380 lusibus
934 2341 1129 2382 hominem
1154 2355 1247 2394 age-

366 2399 452 2451 bat]
482 2401 733 2443 Quomodo?
763 2403 1069 2446 scurrilibusne
1083 2407 1247 2447 lusibus

366 2464 667 2506 delectabatur
708 2467 904 2509 Scaevola
946 2469 1011 2509 vir
1052 2469 1248 2521 gravissi·

367 2540 462 2568 mus
494 2529 509 2567 ?
575 2530 688 2569 Sane
731 2536 956 2583 suspectus
1002 2538 1069 2573 est
1112 2533 1247 2573 locus.

366 2591 528 2643 Scripti
549 2591 648 2632 libri
663 2593 851 2646 quinque
868 2594 914 2635 in
929 2595 1089 2636 scenicis
1104 2596 1249 2636 lusibus

366 2654 569 2708 produnt.
598 2655 1119 2709 Pulmaunianus,insenis.
1136 2660 1248 2701 Con-

362 2718 455 2770 jice
492 2719 631 2759 lector
668 2719 771 2772 quid
803 2731 898 2761 esse
942 2723 1061 2763 velit.
1116 2723 1247 2762 Forte

368 2781 613 2834 legendum,
639 2782 798 2823 inseriis
818 2783 981 2837 lusibus,
1000 2785 1043 2825 id
1068 2790 1152 2838 est,
1170 2798 1247 2825 uon

370 2846 500 2888 ser-ia.
528 2847 652 2899 Pigh.

423 2908 681 2960 scurrilibus]
711 2909 960 2952 Joculariis.
1154 2935 1158 2940 -

424 2972 544 3013 Ex'r.
600 2974 623 3024 ς
650 2975 676 3012 2
697 2973 870 3014 canoras
875 2973 999 3026 fides]
1027 2974 1247 3019 Resonan-

371 3041 439 3077 tes
467 3035 660 3076 chordas.

427 3100 536 3141 CAP.
569 3111 637 3140 lx.
691 3099 893 3153 Potentia,
928 3100 1018 3154 ξω]
1073 3103 1249 3145 Quanta

373 3163 431 3204 sit
466 3163 723 3216 eloquentiae
767 3163 832 3204 vis
871 3170 1000 3218 atque
1038 3166 1249 3218 potentia,

373 3236 472 3267 cnm
491 3225 639 3266 caeteri
668 3238 831 3278 omnes,
858 3227 931 3280 qui
950 3227 1004 3268 de
1023 3228 1095 3269 illa
1113 3230 1250 3282 scrip-

375 3293 544 3339 serunt,
569 3293 658 3328 tam
675 3288 818 3330 Graeci
839 3299 966 3342 quam
984 3290 1138 3343 Latini,
1158 3297 1249 3331 tum

373 3352 565 3405 inprimis
595 3351 687 3404 ipse
708 3357 834 3404 pater
852 3352 1111 3406 eloquentiae
1127 3354 1249 3395 Cice·

373 3428 421 3455 ro
440 3415 725 3468 compluribus
754 3416 799 3456 in
829 3416 935 3458 locis
962 3422 1009 3458 ct
1029 3418 1251 3458 volumini-

376 3480 456 3521 bus
493 3480 710 3530 ostendit3
749 3492 925 3535 quorum
963 3493 1091 3522 unum
1127 3482 1250 3523 nobis

376 3544 569 3584 hocloco
588 3543 752 3585 referre
774 3545 885 3586 satis
913 3556 1004 3586 esse
1030 3545 1148 3598 duxi,
1178 3546 1250 3587 ubi

939 322 1118 362 NOTAE
1158 319 1489 366 VARIORUM
1532 327 1599 366 IN

1296 453 1437 483 rerum
1457 443 1640 486 omnium
1662 442 1874 487 dominam
1892 446 2005 488 illam
2022 450 2170 501 appel·

1294 505 1371 546 lat.
1425 506 1487 547 At
1501 506 1613 547 enim
1627 507 1702 548 lib.
1723 519 1776 551 11.
1793 507 1848 550 de
1868 510 2035 552 Natura
2055 512 2173 553 Deo·

1297 581 1414 609 rum:
1443 569 1571 610 ‘Jam
1610 563 1712 611 vera
1743 570 1912 613 domina
1945 585 2104 626 rerum,
2122 579 2173 616 ut

1297 643 1370 671 vos
1411 632 1557 672 soletis
1603 633 1764 685 dicere,
1809 635 1871 677 vis
1925 637 2177 691 eloquendi,

1299 707 1425 746 quam
1473 696 1698 748 praeclara,
1742 709 1950 752 quamque
1994 701 2164 742 divina!

1297 769 1391 809 quae
1411 757 1594 809 primum
1614 758 1763 813 efficit,
1781 766 1829 802 ut
1847 773 1915 814 ea,
1942 775 2037 816 quae
2055 765 2172 817 igno-

1298 831 1454 870 ramus,
1493 820 1676 874 discere,
1703 828 1750 864 et
1782 836 1849 876 ea,
1879 838 1974 877 quae
2003 828 2175 878 scimus,

1298 884 1400 923 alios
1431 884 1586 925 docere
1618 887 1839 938 possimus.
1893 889 2063 930 Deinde
2091 891 2173 931 hac

1298 948 1585 1000 cohortamur,
1623 951 1699 990 hac
1738 952 2057 1005 persuademus,
2089 955 2173 995 hac

1299 1012 1570 1051 consolamur
1601 1011 1801 1065 afflictos,
1826 1015 1903 1054 hac
1921 1013 2174 1056 deducimus

1300 1086 1326 1113 a
1355 1074 1506 1115 timore
1527 1077 1796 1129 perterritos,
1830 1078 1911 1118 hac
1940 1078 2177 1130 gestientes

1298 1138 1634 1191 comprimimus,
1662 1139 1743 1180 hac
1783 1141 2044 1193 cupiditates
2092 1142 2176 1182 ira-

1301 1200 1559 1253 cundiasque
1589 1202 1937 1254 constringimus,
1965 1204 2058 1244 haec
2100 1216 2177 1244 nos

1291 1261 1420 1314 juris,
1449 1264 1607 1316 legum,
1635 1265 1804 1306 urbium
1829 1267 2036 1308 societate
2072 1279 2173 1308 con-

1291 1325 1466 1376 junxit?
1502 1327 1649 1368 Oliver.

1354 1388 1530 1438 Regibus
1543 1389 1709 1441 exactis,
1725 1391 1815 1443 ξω]
1843 1391 2036 1444 Contigit
2052 1391 2106 1434 A.
2120 1394 2174 1434 U.

1301 1460 1449 1491 ccmx.
1505 1452 1650 1492 Livius
1663 1451 1902 1505 Agrippam
1929 1454 2178 1497 Menenium

1303 1515 1509 1567 appellat.
1563 1515 1703 1558 Quem
1721 1516 1830 1557 vide.

1355 1578 1556 1618 Fluminis
1583 1577 1768 1631 Anienis]
1794 1579 1950 1622 Tribus
1980 1591 2178 1632 passuum

1303 1640 1490 1682 millibus
1507 1642 1639 1683 distat
1663 1643 1718 1684 ab
1733 1643 1854 1695 urbe,
1871 1649 1915 1684 et
1931 1649 2041 1686 teste
2061 1645 2183 1686 Pris-

1305 1703 1427 1744 ciano
1455 1704 1527 1746 lib.
1546 1716 1610 1745 vr.
1638 1705 1880 1746 declinatur
1903 1705 2030 1754 Anio,
2050 1705 2181 1750 Anie-

1304 1766 1385 1818 nis,
1411 1767 1525 1818 quod
1557 1768 1722 1820 antiqui
1763 1769 1995 1810 secundnm
2023 1767 2183 1812 Analo-

1305 1830 1418 1881 giam
1439 1832 1710 1882 protulerunt
1723 1831 1876 1873 Auien-
1913 1833 2044 1875 ovid.
2063 1834 2178 1877 Met.

1306 1902 1409 1932 xxv.
1435 1893 1448 1916 ‘
1466 1894 1584 1936 Quas
1603 1893 1781 1935 Anienis
1796 1895 1949 1948 aqum?
1980 1897 2134 1938 Oliver.

1366 1954 1509 1996 Urbem
1532 1957 1621 1996 urbi
1652 1957 1815 2010 junxit]
1860 1958 1972 1999 Nam
2001 1959 2129 2011 plebe
2157 1973 2182 2000 a

1303 2017 1466 2059 Senatu
1482 2027 1693 2073 separata,
1709 2020 1877 2073 gemina
1904 2022 2100 2074 quaedam
2121 2021 2179 2063 ci-

1307 2081 1453 2121 vitatis
1482 2081 1617 2124 facies
1645 2089 1844 2135 apparet.
1899 2083 2016 2127 Hinc
2038 2086 2180 2127 Varro

1307 2156 1407 2184 sane
1422 2157 1548 2197 quam
1565 2146 1789 2199 eleganter
1805 2147 2015 2199 ejusmodi
2031 2148 2183 2190 civita*

1308 2212 1399 2247 tem
1416 2208 1429 2229 ‘
1441 2208 1670 2261 bicipitem'
1683 2210 1877 2263 appellat
1889 2210 1943 2252 de
1957 2212 2058 2253 Vita
2069 2211 2181 2265 Pop.

1309 2270 1437 2312 Rom.
1463 2272 1537 2313 lib.
1556 2284 1617 2313 lv.
1660 2273 1672 2296 ⁴
1693 2274 1746 2313 In
1781 2286 1900 2327 spem
1937 2274 2183 2317 adducebat

1308 2347 1392 2375 non
1424 2337 1521 2388 plus
1568 2338 1801 2388 soluturos,
1837 2350 1963 2391 quam
1994 2339 2184 2390 velleutg

1308 2397 1480 2453 iniquus
1501 2400 1688 2453 equestri
1705 2401 1846 2441 ordini
1867 2401 2032 2452 judicia
2051 2401 2184 2442 tradi·

1309 2460 1390 2512 dit,
1407 2474 1457 2502 ac
1479 2462 1694 2515 bicipitem
1713 2463 1932 2506 civitatem
1951 2463 2074 2516 fecit,
2098 2465 2185 2506 dis-

1308 2524 1548 2566 cordiarum
1569 2527 1755 2567 civilium
1776 2525 1967 2568 fontem?
1998 2528 2128 2569 Coler.

1363 2590 1386 2641 §
1414 2591 1440 2629 2
1471 2589 1570 2635 Quoe
1598 2590 1716 2631 etiam
1735 2591 1955 2640 Marianos,
1973 2591 2066 2643 aaa]
2086 2591 2183 2639 Ma-

1309 2653 1414 2704 rius,
1452 2660 1499 2694 ut
1525 2666 1642 2705 saepe
1663 2655 1824 2695 dictum
1850 2661 1935 2706 est,
1964 2656 2007 2695 vi
2038 2656 2182 2708 patria

1309 2717 1470 2767 pulsus,
1489 2718 1672 2758 collecto
1701 2718 1911 2768 exercitu,
1950 2719 2185 2772 Cinnaeque

1309 2780 1580 2832 conjunctus,
1623 2781 1664 2821 vi
1710 2782 1893 2833 patriam
1925 2783 2188 2834 repoposcit,

1309 2843 1412 2883 Diis
1426 2850 1471 2885 et
1490 2841 1730 2885 hominibus
1754 2844 1951 2898 infestus,
1977 2850 2023 2887 et
2039 2847 2184 2889 statim

1308 2906 1445 2958 primo
1485 2907 1650 2960 impetu
1678 2908 1875 2949 Hostiam
1908 2908 2024 2950 urbis
2052 2911 2187 2967 alum-7

1308 2983 1407 3012 nam
1431 2973 1564 3024 capit,
1592 2978 1639 3013 et
1663 2973 1904 3014 miseranda
1920 2978 2065 3027 strage
2083 2974 2183 3015 diri-

1310 3036 1375 3088 pit
1389 3049 1400 3086 ;
1420 3048 1520 3078 mox
1535 3036 1682 3078 urbem
1694 3037 1843 3089 ipsam,
1857 3049 1934 3090 per
1947 3037 2184 3079 socondism

1310 3099 1468 3140 civium
1507 3113 1532 3140 a
1565 3101 1768 3143 Janiculo
1804 3102 1928 3153 pulso
1964 3101 2183 3154 praesidio,

1311 3165 1523 3216 quadrato
1535 3166 1701 3217 agmine
1713 3165 1945 3216 ingressus,
1957 3164 2014 3205 ad
2030 3165 2183 3217 princi-

1312 3239 1412 3280 pum
1432 3228 1594 3269 caedem
1612 3228 1733 3280 signo
1750 3229 1850 3270 dato
1870 3227 2089 3280 aliquanto
2108 3241 2186 3268 sae-

1310 3291 1420 3342 vius,
1433 3303 1558 3344 quam
1577 3290 1707 3331 autin
1724 3291 1907 3341 Punica,
1919 3297 1993 3330 aut
2007 3290 2052 3331 in
2071 3291 2182 3331 Cim-

1310 3353 1430 3394 brica
1466 3353 1571 3393 urbe
1607 3352 1745 3393 saevit.
1799 3352 1972 3394 Octavii
2001 3354 2184 3394 consulis

1313 3422 1442 3468 caput
1461 3427 1540 3467 pro
1567 3415 1719 3455 rostris
1737 3414 1985 3467 exponitur,
2003 3415 2183 3457 Antoni·

1312 3492 1362 3520 us
1375 3486 1534 3530 orator,
1550 3479 1616 3518 vir
1630 3479 1878 3529 consularis,
1895 3477 1950 3519 ad
1970 3479 2180 3532 hospitem

1313 3543 1517 3597 profugit,
1551 3542 1624 3583 ubi
1668 3547 1810 3584 tectus
1856 3547 2019 3584 tantam
2069 3543 2182 3584 urbis
