2346 3996
553 255 812 294 vALERu
857 244 1635 297 MAXJM11AB.VI.GAP.8.

175 377 342 418 Marius
360 374 457 427 fuit,
487 375 582 427 ejus
612 374 740 414 Marii
762 373 809 425 f.,
840 372 913 426 qui
945 372 1061 412 bella

175 441 320 481 civilia
349 438 487 492 gessit
531 438 734 478 adversus
771 437 951 489 Syllam,
986 436 1059 487 qui

176 504 361 557 septimo
389 502 610 542 consulatu
642 514 717 542 suo
751 506 943 541 mortuus
964 504 1058 539 est:

175 566 332 607 deinde
359 566 402 606 in
431 565 564 605 filium
582 565 698 606 bella
714 565 970 616 migrarunt,
987 563 1061 616 qui

174 629 312 670 victus
332 641 358 669 a
393 629 511 681 Sylla
541 641 586 669 se
624 629 851 669 Praeneste
880 627 1062 679 recepit,

174 692 248 733 ubi
281 705 378 734 cum
429 693 718 740 obsideretur,
753 692 942 732 tentavit
984 703 1062 744 per

176 756 397 798 cuniculos
427 757 605 809 egredi3
662 757 774 810 quod
811 769 940 809 quum
974 768 1059 796 non

174 827 338 872 posset,
356 821 457 873 quia
493 821 787 861 custodiretur
821 834 845 861 a
876 820 1061 872 Syllanis

174 885 396 936 militibus,
418 898 442 925 a
461 898 586 925 servo
606 898 681 924 suo
698 897 743 925 se
757 885 888 937 jiissit
904 884 1060 935 occidi,

176 963 232 991 ne
266 951 311 990 in
348 957 612 1002 potestatem
654 950 842 990 hostium
875 949 1060 989 veniret.

176 1013 436 1054 Plutarchus
458 1024 560 1053 vero
593 1013 634 1052 in
669 1015 759 1053 vita
786 1012 915 1052 Marii
939 1013 1061 1052 illum

178 1077 287 1118 dicit
302 1078 384 1117 sibi
405 1083 588 1118 mortem
610 1078 825 1118 intulisse.
856 1078 981 1117 Idem.

229 1140 443 1193 Sortitum]
476 1141 591 1183 Quia
607 1141 785 1181 obsessa
807 1140 880 1180 diu
909 1139 1064 1182 fuisset

177 1216 203 1246 8
219 1205 420 1258 Syllanis.
477 1204 670 1245 Tandem
700 1210 831 1257 capta
853 1204 951 1256 fuit,
970 1218 1064 1246 cru·

177 1270 420 1324 deliterque
435 1277 593 1312 vexata
608 1285 620 1322 ;
641 1284 757 1322 nam,
774 1278 822 1312 ut
841 1272 881 1312 in
900 1284 994 1324 cap.
1010 1272 1065 1312 de

179 1334 448 1375 erudelitate
475 1335 732 1386 videbimus,
753 1336 940 1388 quinque
971 1336 1065 1376 mil-

176 1398 235 1439 lia
273 1398 639 1440 Praenestinorum
677 1400 915 1441 crudeliter
944 1401 1066 1454 Sylla

172 1462 308 1514 jussit
322 1463 476 1503 occidi.
507 1464 628 1503 Idem.

237 1525 440 1577 Cuniculi]
483 1526 766 1567 Subtcrranei
813 1534 1000 1578 meatus,
1042 1540 1068 1567 a

178 1587 458 1629 similitudine
494 1590 700 1642 animalis,
722 1591 834 1643 quod
869 1592 1066 1632 cavernis

179 1651 468 1693 subterraneis
488 1654 746 1694 delectatur.
777 1656 902 1695 Idem.

233 1715 270 1756 A
322 1715 543 1767 Thelesino]
603 1717 884 1759 Paterculus:
935 1719 1067 1760 ‘Sunt

181 1779 255 1832 qui
275 1792 352 1820 sua
371 1792 517 1833 manu,
532 1787 632 1822 sunt
646 1783 717 1835 qui
733 1791 1064 1824 concurrentem

180 1843 340 1884 mutuis
378 1843 555 1896 ictibus,
600 1858 698 1886 cum
729 1847 894 1887 minore
926 1846 1062 1888 fratre

180 1906 430 1958 Thelesino,
448 1920 532 1948 una
543 1909 718 1950 obsesso
735 1916 779 1950 et
795 1918 1065 1964 erumpente,

181 1970 434 2012 occubuisse
451 1972 750 2024 prodiderint!
797 1975 969 2016 Accidit
985 1978 1066 2018 hoc

182 2034 295 2086 apud
324 2035 638 2087 Sacriportum.
696 2038 848 2079 Florus
884 2039 959 2080 lib.
991 2052 1065 2081 ιιι.

180 2110 275 2151 cap.
294 2102 363 2140 21.
394 2100 568 2141 Colerus.

222 2164 279 2215 §3
291 2164 417 2215 AEque
426 2163 595 2215 illustre,
605 2164 696 2216 Sym]
707 2166 927 2207 Mortuum
940 2179 1067 2220 prop-

183 2233 252 2267 ter
288 2226 544 2268 seditionem
570 2227 784 2268 Tiberium
823 2229 1066 2272 Gracchum

181 2289 225 2328 in
241 2301 336 2342 cap.
349 2289 404 2330 de
430 2290 615 2331 Somniis
637 2291 835 2332 diximus,
864 2293 913 2333 C.
933 2293 1067 2335 Grac-

182 2354 301 2404 chus,
317 2354 407 2395 visa
426 2367 502 2407 per
519 2356 708 2408 quietem
724 2354 870 2396 fratris
884 2357 1067 2410 imagine

178 2417 385 2469 dicentis,
427 2425 635 2470 quantum
673 2419 809 2459 vellet
841 2427 1066 2462 cunctare-

184 2485 271 2528 tur,
290 2480 458 2521 0mniuo
490 2480 572 2520 sibi
599 2481 868 2532 pereundum
888 2496 980 2524 esse
1000 2497 1067 2525 eo-

184 2544 281 2584 dem
310 2556 393 2598 quo
424 2545 517 2597 ipse
535 2545 668 2585 exitio
697 2546 914 2598 periisset,
934 2550 1068 2601 coepit

184 2609 335 2648 eadem
357 2609 425 2648 via
453 2609 637 2660 grassari
670 2609 714 2648 in
738 2609 960 2662 Senatum,
982 2625 1067 2664 qua

182 2670 338 2724 frater,
359 2684 437 2724 per
470 2673 589 2724 leges
624 2672 794 2712 scilicet
822 2673 1066 2716 tribunitias

183 2734 417 2775 seditiones
449 2735 655 2775 excitare.
711 2737 808 2778 Qua
843 2749 889 2777 re
924 2744 1066 2779 motus

182 2797 383 2850 Senatus,
401 2799 516 2852 quod
536 2799 579 2840 id
599 2799 654 2839 ad
675 2800 924 2852 reipublicae
945 2814 1065 2843 ever-

183 2862 346 2908 sionem
378 2863 689 2916 quodammodo
717 2870 921 2916 spectare
951 2868 1069 2909 vide·

183 2926 328 2973 batur,
365 2927 560 2968 decrevit
596 2934 644 2968 ut
679 2927 879 2981 Opimius
917 2934 1067 2973 consul

184 2991 371 3042 videret,
395 3004 448 3032 ne
469 2992 572 3046 quid
602 2993 794 3045 respubl.
817 2994 1066 3038 detrimenti

183 3063 376 3107 caperet,
392 3068 486 3108 qnae
501 3068 661 3096 summa
677 3064 870 3109 potestas
889 3058 932 3099 in
953 3066 1065 3101 atro-

184 3117 226 3158 ci
245 3119 414 3170 negotio
434 3119 619 3160 dabatur
652 3121 919 3174 magistratui
948 3137 1065 3165 more

185 3181 395 3234 Romano,
416 3188 464 3223 ut
481 3188 627 3235 posset
641 3185 1067 3240 exercitumoparare,

184 3242 342 3285 bellum
361 3258 531 3299 gerere,
543 3247 749 3288 coercere
771 3250 965 3290 omnibus
978 3263 1065 3292 mo·

187 3305 253 3346 dis
269 3309 404 3349 socios
436 3317 566 3364 atque
597 3313 728 3354 cives.
786 3314 938 3367 ltaque
959 3315 1065 3368 Opi·

187 3370 296 3411 mius
329 3377 474 3415 consul
510 3389 607 3418 cum
646 3384 811 3419 armata
848 3392 975 3420 mann
1015 3382 1064 3423 C.

187 3432 432 3478 Gracchum
447 3441 748 3494 persequitur:
783 3442 857 3482 ille
878 3443 983 3483 sein
1007 3444 1065 3483 A·

188 3501 406 3543 ventinnm
445 3511 632 3547 montem
667 3519 763 3548 cum
791 3507 1064 3550 multitudine

1862 245 2002 298 1237

1598 376 1760 416 Contra
1812 378 2007 419 exercitu

1126 436 1275 488 ducto,
1310 451 1507 492 caesoque
1535 439 1685 479 Fulvio
1717 439 1806 491 ejus
1826 440 2009 493 collega,

1126 499 1227 552 fuga
1246 500 1379 553 facta,
1412 509 1455 542 et
1496 503 1719 544 Gracchus
1754 515 1799 544 se
1822 503 1866 543 in
1900 511 2009 545 tem·

1125 564 1244 615 plum
1263 565 1419 606 Dianae
1440 568 1641 619 contulit,
1658 567 1804 620 ibique
1820 567 1904 608 sibi
1922 581 2009 608 ma-

1125 639 1204 667 nus
1239 629 1375 669 voluit
1403 628 1578 681 inferre,
1606 630 1683 670 sed
1712 643 1738 670 a
1767 630 1934 671 Licinio
1963 637 2010 672 et

1124 691 1365 744 Pomponio
1380 692 1598 734 fidissimis
1615 692 1898 734 familiaribus
1912 707 2010 747 pro-

1124 755 1286 796 hibitus
1315 762 1396 804 est,
1427 757 1724 810 hortatusque
1742 757 1844 798 iude
1863 771 2010 811 quam-

1125 819 1308 872 primum
1339 819 1566 872 aufugere,
1600 834 1726 874 quem
1759 822 2010 874 corporibus

1126 379 1292 414 armata
1341 375 1521 428 recepit.

1127 883 1215 923 suis
1237 890 1323 924 tam
1349 884 1423 924 diu
1451 891 1738 937 protexerunt
1756 886 2012 938 fugientem,

1126 948 1265 1000 quoad
1300 949 1401 988 caesi
1431 954 1546 990 sunt.
1600 950 1699 996 Ille,
1721 950 1794 989 ubi
1824 950 1936 990 vidit
1963 963 2011 990 se

1126 1010 1398 1052 inimicorum
1418 1025 1566 1052 manus
1596 1013 1783 1053 evadere
1810 1026 1895 1052 non
1915 1027 2012 1066 pos-

1127 1087 1298 1126 se,cum
1317 1076 1567 1117 Philocrate
1587 1089 1731 1127 servo,
1751 1076 1822 1129 qui
1843 1088 1938 1116 cum
1960 1090 2011 1117 eo

1129 1141 1244 1181 solus
1281 1139 1500 1193 fugiebat,
1537 1141 1581 1180 in
1615 1153 1784 1181 sacrum
1823 1141 2012 1181 Deorum

1128 1216 1278 1244 nemus
1314 1216 1360 1244 se
1393 1204 1626 1256 proripuit,
1674 1204 1823 1258 ibique
1870 1204 2013 1244 Philo-

1130 1274 1271 1309 crates
1297 1281 1395 1309 eum
1414 1269 1590 1320 occidit,
1611 1276 1657 1309 et
1677 1281 1806 1322 super
1825 1269 2012 1310 occisum

1129 1344 1175 1373 se
1193 1344 1363 1386 quoque
1379 1332 1686 1385 interemptum
1704 1333 1902 1386 projecit.
1924 1331 2017 1373 Ali·

1130 1402 1198 1436 ter
1214 1396 1374 1449 legitur
1393 1397 1437 1436 in
1456 1397 1547 1438 vita
1562 1398 1859 1438 Gracchorum
1875 1411 1886 1447 3
1918 1411 2014 1437 nam

1131 1468 1358 1514 utrumque
1380 1461 1422 1501 in
1436 1474 1585 1502 manus
1602 1462 1867 1502 inimicorum
1889 1462 2017 1502 deve-

1131 1525 1246 1565 nisse
1267 1524 1403 1566 tradit
1431 1525 1705 1577 Plutarchus,
1724 1532 1770 1566 et
1790 1527 1972 1566 alterum
1991 1539 2016 1566 a

1129 1590 1330 1642 Scipione
1368 1590 1543 1636 Nasica,
1586 1591 1768 1631 alterum
1807 1603 1832 1630 a
1878 1591 2016 1631 Lucio

1132 1653 1308 1705 Opimio
1331 1651 1466 1693 fuisse
1494 1666 1642 1705 caeSOS,
1678 1658 1728 1694 ut
1754 1654 1798 1693 in
1833 1667 1928 1706 cap.
1961 1655 2016 1694 de

1130 1717 1310 1756 Somniis
1324 1722 1371 1756 et
1387 1717 1486 1756 alibi
1507 1716 1705 1758 diximus.
1762 1718 2016 1757 Macrobius

1129 1791 1232 1819 vero
1266 1779 1320 1819 de
1362 1779 1661 1820 Saturnalibus
1692 1781 1806 1821 hunc
1844 1793 2014 1822 servum

1129 1844 1349 1895 Euporum
1405 1844 1673 1884 nominatum
1718 1843 1852 1884 fuisse
1891 1845 2014 1898 dicit,

1129 1919 1372 1960 quanquam
1404 1907 1476 1947 alii
1517 1908 1811 1948 Philocratem
1849 1908 2014 1949 dictum

1128 1970 1281 2021 velint,
1317 1971 1409 2024 qui,
1439 1971 1540 2012 dum
1570 1972 1713 2025 aliqua
1742 1985 1842 2025 spes
1863 1974 2013 2013 salutis

1128 2032 1267 2085 affuit,
1323 2034 1553 2077 fidissimus
1607 2049 1752 2077 comes
1795 2037 2013 2078 dominum

1130 2110 1386 2152 quacunque
1435 2100 1578 2152 potuit
1622 2102 1790 2141 ratione
1849 2106 2014 2142 tutatus

1130 2168 1213 2211 est,
1243 2163 1318 2203 ubi
1347 2163 1454 2203 vidit
1484 2165 1578 2216 jam
1600 2165 1876 2217 desperatum
1905 2178 2016 2217 esse,

1130 2233 1178 2267 et
1206 2226 1426 2267 dominum
1458 2229 1685 2281 occidisse,
1710 2243 1755 2269 se
1785 2241 1913 2281 super
1931 2242 2016 2271 cae·

1129 2302 1236 2342 sum,
1254 2291 1395 2331 scissis
1427 2292 1603 2343 proprio
1635 2294 1812 2332 vulnere
1842 2293 2016 2333 visceri-

1129 2354 1220 2405 bus,
1255 2355 1435 2395 animam
1457 2353 1662 2396 effudisse
1683 2356 1925 2396 dicebatur.
1957 2357 2014 2396 Ο-

1128 2416 1240 2458 liver.

1184 2480 1407 2534 Euporum]
1452 2481 1526 2523 Sic
1553 2488 1734 2523 vocatur
1763 2483 2013 2525 Paterculo.

1129 2545 1367 2586 Plutarcho
1406 2551 1453 2586 et
1492 2545 1604 2598 aliis,
1625 2547 1897 2588 Philocrates
1937 2554 2015 2589 est.

1132 2611 1260 2651 Coler.

1185 2673 1429 2726 Famulurz's]
1470 2674 1592 2715 Servi
1631 2674 1674 2714 in
1722 2673 1883 2715 familia
1920 2675 2013 2727 ejus

1130 2737 1320 2779 educati.

1201 2805 1224 2855 ᾧ
1252 2807 1279 2843 4
1326 2803 1527 2844 Pindarus
1579 2804 1627 2843 C.
1649 2804 1868 2856 Cassium]
1915 2804 2013 2846 Hoc

1128 2867 1240 2910 idem
1256 2868 1473 2908 Pindarus
1493 2867 1690 2908 exhibuit
1709 2870 1874 2921 Cassio,
1896 2870 2011 2922 quod

1130 2932 1326 2984 Euporus
1342 2932 1555 2979 Graccho.
1592 2933 1704 2972 Nam
1724 2945 1820 2973 cum
1837 2933 2011 2974 Cassius

1130 3003 1177 3038 et
1194 2998 1357 3038 Brutus
1384 3001 1537 3054 contra
1555 2997 1756 3037 Marcum
1775 2996 2011 3037 Antonium

1130 3062 1401 3104 triumvirum
1440 3068 1486 3103 et
1513 3061 1746 3102 Octavium
1773 3061 2010 3112 Augustum

1129 3139 1246 3168 arma
1274 3126 1555 3178 sumpsissent
1576 3138 1654 3177 pro
1683 3124 1864 3176 reipubl.
1883 3122 2011 3163 liber-

1130 3195 1225 3230 tate
1245 3189 1424 3241 tuenda,
1456 3199 1699 3241 quanquam
1738 3186 1800 3225 eis
1830 3185 2011 3224 adversa

1128 3252 1302 3294 fortuna
1315 3251 1566 3303 contigerit,
1585 3259 1765 3301 cumque
1785 3248 1905 3288 varia
1925 3249 2010 3288 vic-

1129 3318 1241 3358 toria
1273 3321 1554 3370 pugnassent,
1581 3314 1752 3354 tandem
1783 3313 1826 3352 in
1846 3315 2008 3366 campis

1129 3381 1400 3433 Philippicis,
1424 3378 1685 3429 comparatis
1705 3377 1917 3429 utrimque
1937 3389 2008 3418 co-

1129 3445 1228 3496 piis,
1263 3449 1455 3484 extremo
1484 3439 1632 3493 proelio
1662 3439 1933 3490 dimicarunt,
1962 3446 2006 3482 et

1126 3508 1170 3546 in
1192 3507 1346 3546 dextro
1366 3516 1498 3545 cornu
1521 3502 1801 3554 Octavianus,
1822 3504 1866 3544 in
1886 3504 2003 3545 sinis-
