2320 4004
556 273 819 316 νΑωῑκιι
861 272 1114 312 ΜΑΧιΜι
1147 274 1267 312 [ΑΒ.
1309 273 1363 311 v.
1405 274 1543 314 cAP.
1569 260 1622 313 6.

230 392 454 450 PaludatoJ‘
476 396 606 437 Veste
619 392 890 447 imperatoris
904 392 948 432 in
966 390 1055 431 bel-

174 466 260 505 lum
282 460 591 516 proficiscentis
613 464 782 499 ornato.

228 526 426 578 Inouditi]
456 525 556 567 Non
575 525 704 576 plane
723 519 918 562 inauditi.
949 521 1053 561 Cor-

174 597 302 632 nutus
318 589 447 630 etiam
479 587 663 628 Actaeon
682 586 842 636 fuerat,
861 597 987 638 quem
1008 588 1054 625 et

173 654 339 696 Plinius
357 652 554 705 adjungit
574 651 730 704 Cippo.
763 650 890 690 Celer.

227 716 402 768 Cornua]
445 716 700 767 Exemplum
719 713 889 754 cornuti
921 712 1051 752 homi·

169 781 234 820 nis
253 779 475 831 egregium
510 777 657 818 adfert
691 776 968 818 Casaubonus
996 775 1051 816 de

166 843 365 896 Satyrion
399 841 545 893 Poesi,
581 840 752 895 quando
789 840 844 881 de
879 839 1051 892 Satyris

171 909 277 961 agit.

225 972 380 1026 Capitis
395 972 545 1027 effigies
575 983 689 1012 aereoe
713 974 857 1023 pov-tce,
884 982 959 1022 qua
979 982 1049 1010 ex-

167 1041 350 1088 cesserat,
379 1037 530 1077 inclusa
560 1039 634 1086 est,
666 1035 847 1087 dictaque
867 1034 1049 1074 Raudus-

165 1100 319 1150 calana,
336 1101 436 1152 quod
452 1100 546 1140 olim
563 1101 686 1140 rauda
703 1111 786 1139 cera
803 1098 1049 1151 dicebantur]

164 1164 236 1204 Ita
267 1164 408 1215 vulgo.
465 1163 518 1204 In
552 1163 715 1203 Cauch.
741 1169 786 1203 et
817 1163 1047 1215 Campens.

161 1226 304 1279 capitis
320 1228 470 1282 effigies
487 1239 604 1267 oerea.
633 1227 782 1268 Recte.
815 1227 855 1268 N
860 1239 914 1267 on
934 1228 1048 1267 enim

165 1301 279 1331 aerea
306 1289 389 1331 fuit
416 1296 561 1343 porta,
591 1291 668 1331 sed
700 1303 787 1332 aere
819 1291 981 1342 vincta,
999 1298 1050 1333 ut

163 1355 225 1396 ait
259 1351 431 1408 Festus,
464 1355 534 1396 vel
564 1361 715 1406 aerata,
747 1355 861 1396 sicut
893 1356 1048 1397 Varro.

166 1419 282 1460 Huic
318 1421 577 1474 astipulatur
612 1421 795 1461 Ovidius
819 1421 931 1461 Met.
969 1433 1047 1463 xv.

161 1488 174 1508 ‘
196 1485 452 1538 Cornuaque
471 1485 615 1526 aeratis
633 1485 787 1525 miram
815 1483 1048 1526 referentia

160 1537 341 1589 foimam
381 1549 583 1590 Postibus
626 1547 903 1601 insculpunt.'
973 1550 1047 1590 AEs

161 1612 368 1653 infectum
387 1613 450 1654 ait
469 1613 642 1654 Cincius
657 1613 710 1653 de
730 1613 872 1653 verbis
892 1614 1046 1666 priscis

159 1677 406 1727 rudusculum
421 1676 524 1718 dici.
551 1677 749 1719 Jacuisse
769 1677 884 1729 apud
905 1678 1044 1718 aedem

159 1739 378 1792 Apollinis
410 1753 471 1781 aes
517 1740 770 1793 conflatum,
806 1741 851 1781 id
899 1749 1042 1782 autem

156 1805 278 1852 rudus
296 1796 539 1856 appellasse
571 1810 758 1846 veteres.
814 1806 879 1846 M.
904 1806 1043 1847 Varro

159 1867 330 1920 quidem
359 1873 404 1908 et
434 1869 589 1909 Festus
633 1881 693 1909 aes
733 1881 859 1909 omne
895 1872 1044 1911 raudus

156 1932 225 1972 vel
243 1934 363 1973 rodus
381 1933 607 1985 appellari,
626 1938 671 1974 et
694 1932 738 1973 in
759 1933 1043 1975 aestimatione

155 1996 352 2037 censoria
391 2009 450 2037 aes
484 1995 711 2050 infectum,
739 1998 886 2038 rudus.
941 1999 1042 2040 Jam

154 2071 258 2101 vero
268 2061 471 2102 Valerius·
483 2068 647 2113 noster,
661 2067 707 2103 ut
721 2063 848 2114 vulgo
863 2063 1039 2117 legitur,

153 2136 235 2163 (ει-α
252 2126 377 2165 rauda
395 2124 481 2165 dici
496 2125 636 2166 solere
665 2125 832 2176 scribit,
859 2126 934 2166 sed
953 2140 1040 2168 ma·

154 2187 379 2239 nuscripta
410 2188 673 2240 exemplaria
710 2201 795 2228 uno
828 2200 1039 2231 consensu

151 2251 319 2291 raudera
333 2249 542 2303 produnt:
564 2263 690 2305 quam
707 2253 887 2303 optime.
910 2255 1038 2294 Frus-

154 2318 198 2352 ta
218 2313 332 2354 enim
352 2313 465 2366 aeris,
486 2319 561 2354 aut
590 2314 721 2355 etiam
743 2327 875 2367 asse8‚
894 2317 1036 2368 signa-

152 2376 243 2418 tive
262 2377 424 2418 nummi
455 2378 574 2427 aerei,
602 2380 772 2419 raudera
801 2380 868 2420 vel
893 2383 1038 2421 rudera

152 2446 364 2482 vocarunt
383 2442 576 2495 antiqui:
607 2443 723 2495 quod
745 2444 856 2484 Livii
875 2446 1037 2486 autori-

151 2508 244 2544 tate
257 2504 461 2556 probabo.
492 2505 601 2546 Nam
613 2505 724 2546 libro
736 2518 872 2551 xxvi.
902 2510 1037 2550 ‘AEris

152 2567 323 2619 acervi,’
341 2568 494 2621 inquit,
512 2570 525 2592 ‘
547 2581 677 2622 quum
699 2571 858 2612 rudera
876 2572 1035 2614 milites

147 2630 355 2683 religione
384 2631 550 2674 inducti
574 2634 792 2686 jacerent,
818 2641 915 2686 post
936 2649 1034 2688 pro-

148 2693 378 2736 fectionem
416 2695 640 2737 Annibalis
672 2698 814 2749 magni
838 2698 1035 2740 inventi.'

151 2759 253 2800 Non
289 2759 498 2814 refragor,
527 2763 655 2802 rauda
686 2762 815 2802 etiam
845 2763 913 2804 hic
944 2764 1032 2817 legi

147 2833 304 2874 posse:
345 2825 422 2866 sed
458 2838 688 2867 consensus
723 2829 1030 2879 exemplarium

150 2887 342 2928 nonnihil
355 2890 424 2930 hic
435 2890 611 2931 vincere
626 2891 811 2933 videtur.
840 2893 1030 2944 Pighius.

188 2951 343 3006 AEreae]
363 2954 495 3006 Lego,
507 2959 658 2996 oeratoe.
670 2956 834 3008 Vulgo,
850 2962 895 2997 et
911 2958 1027 3010 quod

145 3015 291 3067 miror,
322 3017 365 3057 in
399 3017 504 3058 edit.
531 3018 829 3071 Antverpiana
850 3021 1029 3061 excudi-

148 3085 234 3133 tur,
251 3082 417 3124 auratis.
474 3083 539 3123 Ea
557 3089 683 3136 porta
711 3088 757 3124 et
777 3084 1029 3126 Rauduscula

145 3143 260 3186 dicta
277 3146 463 3187 Varroni
490 3147 563 3189 lib.
583 3159 650 3187 ιν.
681 3146 735 3187 de
754 3147 805 3188 L.
828 3149 875 3189 L.
895 3149 1027 3190 Festo

146 3209 460 3259 Raudusculana,
478 3210 590 3264 quod
611 3211 764 3262 raudo,
783 3211 826 3252 id
843 3218 927 3262 est,
941 3225 1027 3253 aere

150 3273 311 3314 vincta.
337 3275 478 3315 Vetus
509 3274 807 3316 Glossarium:
840 3276 1024 3329 Rouana,

148 3336 293 3386 Βῶλος,
323 3339 453 3388 χῶμα,
485 3337 550 3379 καὶ
587 3338 738 3390 χαλκὸς
773 3338 1024 3394 &rimam-05,

146 3398 210 3439 nal
226 3399 301 3450 ’γῆς
316 3403 449 3454 σωρός.
480 3405 610 3447 Coler.

195 3465 224 3516 ’ᾗ
243 3467 269 3503 4
288 3466 415 3518 AElio]
444 3467 573 3509 Hunc
603 3469 776 3522 quidem
807 3482 892 3510 non
919 3470 1022 3511 AEli-

148 3537 233 3580 um,
250 3528 325 3569 sed
343 3529 520 3572 Laelium
538 3530 682 3584 fuisse,
696 3538 741 3573 et
760 3534 916 3574 Laelios
936 3545 1022 3575 non

1861 260 2005 313 1199

1115 391 1248 432 AElios
1268 393 1451 445 periisse
1471 392 1671 434 credunt.

1170 456 1323 497 Domus
1363 458 1489 509 ipsius
1524 462 1672 498 statum
1706 456 2005 508 felicissimum]

1116 519 1286 569 Veteri,
1296 520 1453 570 factum
1459 521 1753 576 fidelissimum.
1797 520 2004 573 Probem,

1105 582 1544 633 fatumfelicissimum.
1575 586 1694 639 Lips.

1170 648 1219 687 In
1233 650 1493 702 contrarium]
1511 651 1654 691 Aliter
1668 649 1864 691 Plinius:
1887 650 1900 673 ‘
1918 650 2005 691 Re-

1114 712 1328 763 spondere
1349 720 1484 765 vates,
1504 714 1684 754 exitium
1707 714 1888 766 imperio
1903 726 2003 767 por·

1116 776 1251 828 tendi,
1266 777 1298 816 si
1317 776 1640 819 dimitteretur:
1673 783 1717 818 at
1736 778 1772 818 si
1786 778 2004 819 exanima—

1115 846 1249 892 retur,
1268 841 1470 883 Praetori.
1528 843 1587 882 Et
1615 843 1691 882 ille
1729 848 1874 882 autem
1909 855 2007 895 pro-

1113 903 1227 944 tinus
1262 905 1545 958 concerpsit!
1599 906 1686 946 Ubi
1722 907 1937 947 transiens
1958 919 2004 947 e-

1112 968 1294 1011 mendo:
1343 970 1402 1010 Et
1437 971 1503 1010 ille
1530 983 1640 1010 avem
1666 971 1859 1022 protinus.
1930 971 2002 1012 Sic

1112 1032 1342 1074 Valerius:
1375 1035 1388 1056 ‘
1411 1046 1436 1074 e
1456 1034 1637 1087 vestigio
1667 1034 1807 1087 picum
1829 1036 2005 1088 morsu‚'

1112 1098 1194 1137 &c.
1235 1098 1430 1139 Colerus.

1164 1162 1313 1203 Decem
1350 1167 1389 1204 et
1418 1167 1564 1215 septem
1597 1162 1770 1204 militum
1795 1162 2002 1211 familiam

1111 1225 1268 1265 eximiae
1295 1226 1552 1276 fortitudinis
1584 1225 1707 1278 viros]
1749 1227 1820 1267 Ita
1855 1228 1999 1280 vulgo.

1111 1288 1228 1329 Puto
1251 1290 1481 1343 legendum
1515 1303 1640 1331 esse:
1678 1291 1822 1331 Decem
1846 1294 1886 1330 et
1913 1303 2000 1344 sep-

1110 1356 1188 1392 tem
1207 1352 1352 1394 milites
1367 1366 1447 1394 suoe
1469 1354 1646 1402 familioe
1664 1354 1822 1395 eximioe
1831 1353 2001 1403 fortitu-

1109 1417 1216 1457 dinis
1242 1418 1362 1458 viros.
1418 1418 1533 1459 Nam
1565 1417 1680 1458 idem
1714 1416 1807 1458 fere
1845 1417 2002 1458 scribit

1110 1480 1374 1522 Frontinus:
1406 1482 1417 1504 ‘
1433 1481 1534 1534 Ipse
1565 1494 1662 1522 cum
1682 1481 1998 1534 septemdecim

1108 1544 1246 1596 AEliis,
1266 1558 1319 1586 ex
1340 1546 1491 1587 eadem
1511 1545 1686 1598 familia,
1701 1546 1744 1586 in
1759 1546 1912 1599 proelio
1930 1552 2000 1588 est

1109 1609 1304 1650 occisus.'
1333 1611 1518 1662 Pighius.

1161 1675 1184 1726 ς
1197 1679 1220 1714 5
1233 1665 1403 1728 Decius]
1422 1676 1528 1715 Tres
1541 1674 1662 1716 fuere
1677 1674 1818 1728 Decii,
1828 1676 1899 1730 qui
1917 1688 1997 1729 pro

1108 1738 1334 1790 republica
1355 1752 1401 1780 se
1423 1739 1659 1789 devovere,
1684 1747 1732 1779 ut
1754 1752 1885 1792 supra
1906 1740 1996 1781 dixi

1106 1801 1148 1841 in
1179 1803 1325 1854 capite
1364 1804 1418 1844 de
1454 1804 1657 1845 Somniis.
1714 1804 1852 1845 Pater
1880 1805 1996 1846 bello

1105 1867 1259 1908 Latino
1293 1875 1338 1909 et
1373 1869 1568 1919 Gallico;
1605 1868 1716 1909 filius
1755 1869 1871 1910 bello
1905 1869 1995 1911 He-

1106 1937 1297 1983 trusca,
1333 1944 1468 1984 nepos
1507 1933 1622 1973 bello
1664 1933 1836 1985 Pyrrhi,
1877 1934 1995 1986 quod

1103 1996 1239 2047 gessit
1258 2009 1336 2048 pro
1356 1997 1613 2037 Tarentinis.
1668 1997 1753 2038 Sed
1783 1997 1839 2037 de
1868 2004 1994 2049 patre

1105 2065 1270 2100 tantum
1305 2066 1349 2101 et
1380 2061 1469 2102 filio
1501 2062 1701 2101 Valerius
1735 2062 1993 2105 mentionem

1102 2122 1236 2174 facit;
1268 2125 1426 2166 Cicero
1461 2131 1608 2166 autem
1630 2126 1804 2166 Tuscul.
1827 2127 1993 2169 Quaest.

1101 2187 1177 2228 lib.
1199 2200 1232 2229 1.
1251 2189 1379 2230 aliter
1397 2203 1407 2229 :
1436 2192 1448 2213 ‘
1467 2190 1510 2230 Si
1526 2189 1675 2242 mors,'
1691 2190 1769 2242 ait,
1789 2193 1802 2214 ‘
1819 2191 1990 2232 timere-

1103 2255 1191 2300 tur,
1219 2263 1304 2292 non
1336 2265 1431 2293 cum
1464 2252 1635 2292 Latinis
1669 2259 1795 2305 pater
1826 2255 1990 2295 Decius

1101 2315 1347 2367 decertans,
1364 2330 1461 2358 cum
1484 2318 1714 2358 Hetruscis
1733 2318 1862 2372 filius,
1892 2332 1991 2361 cum

1101 2379 1270 2432 Pyrrho
1285 2393 1419 2434 nepos
1435 2382 1620 2423 hostium
1637 2382 1737 2422 telis
1751 2394 1797 2422 se
1810 2383 1992 2436 objecis-

1100 2444 1198 2485 set.’
1251 2445 1375 2485 Idem
1394 2445 1467 2486 lib.
1491 2456 1541 2486 11.
1560 2446 1615 2486 de
1634 2445 1823 2486 Finibus.
1882 2447 1990 2488 Pari

1101 2507 1270 2548 ratione
1290 2508 1332 2548 in
1354 2509 1427 2549 lib.
1448 2509 1503 2549 de
1534 2509 1705 2550 Natura
1724 2511 1921 2552 Deorum
1941 2517 1988 2553 et

1099 2571 1393 2614 Divinatione.
1425 2574 1578 2614 Oliver.

1152 2636 1175 2687 ᾖ
1204 2639 1230 2676 6
1256 2637 1423 2677 Unicum
1455 2637 1549 2677 talis
1581 2637 1833 2689 imperatoris
1863 2639 1986 2691 speci-

1096 2698 1203 2750 men]
1235 2700 1303 2740 De
1333 2706 1457 2753 patre
1481 2700 1609 2753 hujus
1631 2702 1757 2741 Decii
1775 2702 1816 2741 in
1837 2703 1984 2755 capite

1097 2762 1151 2802 de
1186 2764 1370 2804 Somniis
1412 2764 1576 2805 dictum
1623 2770 1705 2805 est.
1763 2766 1893 2806 Nunc
1931 2766 1986 2806 de

1095 2829 1201 2881 filio,
1220 2829 1292 2882 qui
1321 2829 1470 2869 consul
1493 2841 1590 2869 cum
1620 2829 1675 2885 Q,
1696 2828 1834 2869 Fabio
1854 2830 1984 2870 colle-

1095 2905 1150 2946 ga
1170 2893 1379 2933 adversus
1398 2892 1548 2934 Gallos
1567 2893 1868 2947 Samnitesque
1884 2907 1982 2947 pro-

1092 2956 1213 3007 fecti,
1243 2969 1339 2997 cum
1371 2957 1426 2996 ad
1457 2957 1648 2997 Clusium
1669 2957 1892 3000 duxissent
1909 2971 1982 2999 ex-

1093 3022 1295 3072 ercitum,
1332 3021 1475 3074 ibique
1512 3015 1587 3060 diu
1630 3021 1799 3062 incerto
1833 3023 1980 3062 Marte

1094 3091 1332 3138 pugnatum
1351 3090 1480 3135 esset,
1510 3085 1660 3125 eadem
1692 3085 1775 3134 via,
1798 3098 1882 3138 qua
1902 3098 1978 3137 pa-

1092 3154 1174 3199 ter,
1189 3148 1412 3190 victoriam
1431 3149 1633 3189 Romanis
1650 3148 1847 3201 peperit:
1878 3160 1977 3188 nam

1091 3212 1251 3253 Fabius
1270 3211 1470 3253 dextrum
1489 3225 1623 3253 cornu
1637 3212 1840 3251 adversus
1860 3211 1979 3251 Sam-

1091 3276 1216 3327 nites,
1236 3276 1400 3317 Decius
1415 3276 1631 3316 sinistrum
1648 3275 1850 3315 adversus
1873 3274 1975 3314 Gal·-

1088 3341 1166 3392 los,
1185 3352 1364 3394 quorum
1396 3340 1531 3392 prima
1550 3339 1700 3391 praelia
1729 3338 1824 3389 plus
1846 3349 1974 3391 quam

1090 3406 1292 3456 virorum,
1324 3411 1542 3457 postrema
1575 3403 1711 3442 minus
1739 3413 1863 3454 quam
1896 3399 1972 3440 fae-

1087 3471 1296 3510 minarum
1325 3474 1465 3519 erant,
1494 3467 1609 3507 forte
1641 3465 1861 3505 tenebant.
1917 3464 1971 3504 In

1088 3533 1132 3575 id
1158 3538 1326 3586 tempus
1359 3533 1507 3584 igitur,
1539 3543 1622 3584 quo
1657 3529 1769 3570 vinci
1804 3528 1971 3570 solebat
