2358 4036
540 296 800 337 VAnEnn
845 296 1087 337 MAleI
1135 298 1250 340 mn.
1280 298 1321 338 1.
1361 285 1574 339 οΑΡ.].

158 417 304 459 hostes
333 428 645 470 supervenere3
694 417 756 458 illi
785 422 943 469 autem,
972 429 1039 457 re-

152 482 275 534 jecta
312 493 388 533 per
418 487 585 534 tergum
618 482 775 522 lacinia
807 483 958 532 vestis,
985 487 1033 522 ut

157 551 301 586 essent
328 546 636 598 expeditiores,
661 547 823 588 hostem
857 548 1038 588 insecuti

154 608 360 650 fuderunt
395 617 526 663 atque
561 609 780 663 fugarunt.
852 612 919 652 De
957 612 1037 651 hoc

155 672 242 712 ritu
261 671 486 713 Lucanus:
530 673 701 714 ‘Turba
728 674 866 714 minor
896 675 1035 727 sequi-

154 739 228 775 tur
263 735 347 776 ritu
382 736 605 777 succincta
641 737 838 778 Gabino!
887 738 1035 778 Oliver.

152 798 266 839 Vide
282 805 328 839 et
347 799 468 840 Serv.
489 806 535 841 et
554 800 707 842 Isidor.
727 801 800 842 lib.
821 812 921 842 xnt.
938 814 1034 855 cap.

156 866 222 904 24.

210 927 455 974 Quirinalem
487 927 637 979 collem]
684 928 768 972 Qui
807 940 832 968 a
867 928 1036 971 Quirini

153 989 248 1030 aede
262 1002 416 1031 nomen
434 991 620 1044 accepit.
679 992 826 1032 Habet
854 992 907 1033 ab
936 998 1033 1032 ortu

153 1052 439 1104 viminalem3
481 1067 506 1095 a
543 1055 724 1096 meridie
766 1056 951 1096 Caesaris
988 1061 1034 1097 et

152 1116 310 1158 Nervae
329 1117 468 1158 forum
487 1134 499 1170 3
517 1119 572 1159 ab
594 1118 851 1172 Occidente,
869 1120 1034 1162 Urbem

150 1181 322 1233 planam
339 1195 352 1233 ;
379 1195 405 1222 a
422 1183 724 1235 septentrione
742 1184 905 1225 Collem
921 1186 1034 1226 Hor·

151 1244 356 1298 tulorum,
375 1254 420 1288 et
439 1247 647 1300 Campum
668 1248 892 1290 Martium.
954 1249 1032 1289 Di-

149 1308 267 1351 citur
284 1317 330 1351 et
349 1310 559 1362 Agonius,
580 1312 692 1365 quod
729 1313 856 1353 Circo
876 1314 1032 1353 Flami·

148 1373 221 1414 nio
239 1375 467 1426 eruptione
498 1375 670 1415 Tiberis
699 1376 922 1428 inundato,
944 1377 1032 1417 ludi

150 1435 366 1490 Agonales
395 1438 438 1478 in
469 1451 521 1479 eo
548 1438 718 1480 fierent.
773 1440 820 1479 Si
838 1441 1031 1481 Victoris

147 1500 259 1541 liber
276 1503 526 1543 emendatus
554 1509 636 1554 est,
655 1504 815 1544 Clatrae
836 1509 880 1543 et
899 1504 1031 1557 Apol-

145 1563 243 1604 linis
261 1564 422 1606 dicitur
435 1579 459 1606 a
480 1568 641 1619 templo
656 1567 856 1620 quodam.
885 1568 1030 1609 Hodie

146 1633 292 1669 autem
332 1629 457 1670 Mons
496 1630 741 1671 Caballinus
779 1631 956 1683 dicitur,
1003 1644 1030 1672 a

145 1689 311 1732 duobus
350 1693 471 1746 equis
509 1693 771 1746 marmoreis,
799 1695 871 1747 qui
909 1701 1030 1736 stant

143 1753 305 1794 ibidem
324 1755 367 1795 iu
381 1757 552 1796 excelsa
570 1756 677 1809 basi,
696 1771 791 1798 cum
813 1759 899 1799 suis
921 1759 1027 1801 duc-

146 1818 327 1871 toribus,
371 1832 507 1872 prope
539 1821 676 1862 aedem
712 1822 756 1863 S.
791 1823 1027 1876 Saturnini,

144 1881 218 1935 qui
235 1893 260 1922 a
279 1883 434 1924 Phidia
460 1889 508 1925 et
539 1886 750 1927 Praxitile
776 1893 876 1928 sunt
904 1886 1027 1935 facti,

143 1946 178 1987 si
198 1943 350 1989 titulus
369 1961 492 1989 verus
506 1947 592 1991 ‘est-
623 1951 678 1991 G.
697 1952 917 1994 Fabricius.

197 2011 221 2062 §
242 2013 294 2051 12
322 2011 478 2062 Magna
509 2016 782 2054 conservandoe
798 2015 1024 2069 religionis]

141 2071 291 2113 Livius
310 2073 364 2114 de
383 2074 508 2114 Bello
525 2076 809 2118 Macedonico
841 2078 915 2119 lib.
945 2091 1023 2122 xn.

140 2135 156 2159 ‘
175 2135 373 2189 Eodem,'
411 2137 565 2191 inquit,
593 2139 607 2162 ⁸
627 2152 737 2180 anno
770 2142 813 2181 in
852 2155 955 2196 agro
975 2145 1023 2186 L.

138 2199 291 2243 Petilii
333 2201 498 2243 Scribae
545 2203 623 2243 sub
668 2205 887 2260 Janiculo,
921 2208 1022 2249 dum

138 2264 328 2305 cultores
347 2266 440 2318 agri
455 2267 582 2307 altius
601 2269 832 2310 moliuntur
850 2276 1023 2325 terram,

137 2326 235 2368 duze
262 2329 448 2381 lapideae
466 2343 579 2371 arcae
600 2337 777 2373 octonos
792 2333 925 2376 ferme
946 2349 1020 2388 pe-

136 2389 216 2430 des
234 2391 392 2443 longae,
422 2398 654 2444 quaternos
684 2395 800 2448 latae,
829 2397 1018 2439 inventae

137 2457 255 2505 sunt,
276 2456 490 2506 operculis
508 2456 681 2507 plumbo
701 2458 919 2503 divinctis.
949 2463 1019 2502 Li-

135 2516 242 2556 teris
261 2516 425 2557 Latinis
445 2518 696 2573 Graecisque
714 2527 896 2576 utraque
916 2537 1017 2566 arca

135 2578 347 2631 inscripta
386 2586 510 2632 erat3
558 2583 602 2622 in
650 2585 787 2625 altera
830 2587 1018 2629 Numam

133 2640 408 2695 Pompilium,
437 2645 672 2697 Pomponis
691 2647 839 2701 filium,
870 2663 1012 2703 regem

133 2705 256 2746 Rom.
275 2708 489 2758 sepultum
512 2720 634 2760 esse3
663 2710 705 2750 in
727 2713 864 2754 altera
883 2715 1013 2756 libros

132 2768 289 2810 Numae
319 2770 523 2823 Pompilii
553 2772 708 2814 inesse.
775 2777 858 2816 Eas
891 2790 1013 2820 arcas

133 2842 233 2872 cum
251 2844 305 2873 ex
323 2833 555 2875 amicorum
576 2838 794 2878 sententia
818 2840 1011 2883 dominus

130 2895 384 2948 aperuisset,
412 2909 508 2950 quae
528 2898 698 2941 titulum
718 2905 876 2955 sepulti
899 2906 1011 2958 regis

131 2958 361 3012 habuerat,
402 2961 539 3002 inanis
584 2964 763 3006 inventa
796 2967 887 3008 sine
925 2971 1010 3010 ullo

126 3023 312 3075 vestigio
345 3026 536 3077 corporis
575 3027 764 3081 humani,
799 3043 850 3071 ac
885 3033 1010 3073 ullius

130 3082 194 3126 rei
225 3098 304 3139 per
332 3088 478 3128 tabem
504 3095 571 3130 tot
592 3103 797 3133 annorum
817 3096 1009 3138 omnibus

130 3148 393 3203 absumpti83
422 3151 466 3191 in
487 3154 622 3193 altera
641 3155 727 3195 duo
751 3155 891 3198 fasces
909 3172 1008 3200 can·

128 3213 237 3254 delis
251 3215 658 3268 involuti,septenos
673 3218 862 3261 habuere
876 3222 1007 3265 libros

129 3287 211 3317 non
229 3277 420 3331 integros
431 3279 579 3336 modo,
608 3282 683 3321 scd
713 3285 1008 3327 recentissima

127 3340 301 3392 specie;
330 3346 495 3394 septem
522 3343 663 3383 Latini
693 3345 748 3384 de
766 3346 872 3387 Jure
892 3349 1005 3389 Pon-

128 3403 262 3444 tificio
291 3411 432 3456 eraut,
459 3412 625 3458 septem
652 3407 796 3449 Graeci
824 3410 879 3451 de
904 3413 1003 3454 Dis·

130 3465 289 3516 ciplina
318 3467 568 3521 Sapientiae,
597 3482 691 3522 quae
722 3471 836 3512 illius
861 3476 1004 3516 aetatis

128 3538 224 3568 esse
247 3530 418 3581 potuit.'
472 3530 608 3573 Addit
634 3531 788 3575 Antias
806 3536 1002 3581 Valerius

1879 287 1988 340 923

1103 418 1417 470 Pythagoricos
1429 416 1769 470 fuisse,vulgatae
1782 418 1989 471 opinioni,

1102 493 1188 533 qua
1221 482 1413 523 creditur
1446 483 1708 535 Pythagorae
1744 482 1986 523 auditorem

1100 542 1233 584 fuisse
1266 547 1469 597 Numam,
1512 536 1736 585 mendacio
1771 546 1986 597 probabili

1099 610 1422 649 accommodata
1447 608 1561 659 fide3
1591 609 1730 661 primo
1749 609 1801 648 ab
1823 609 1987 661 amicis,

1100 670 1172 724 qui
1194 671 1236 710 in
1251 683 1297 711 re
1318 671 1524 723 praesenti
1542 670 1733 719 fuerunt,
1751 672 1849 712 libri
1865 673 1986 724 lecti,

1097 746 1197 775 mox
1230 735 1424 787 pluribus
1454 735 1696 787 legentibus
1725 747 1818 775 cum
1839 737 1987 788 vulga—

1099 803 1265 848 rentur,
1294 798 1348 839 Q.
1379 797 1562 838 Petilius
1591 799 1763 839 Praetor
1784 798 1986 840 Urbanus

1098 861 1310 902 studiosus
1330 862 1502 914 legendi
1533 863 1610 902 hos
1637 863 1767 903 libros
1785 877 1809 903 a
1830 864 1878 904 L.
1898 864 1984 905 Pe-

1099 924 1191 964 tilio
1210 924 1406 976 sumpsit,
1437 930 1482 964 et
1513 930 1605 965 erat
1623 924 1845 966 familiaris
1866 939 1985 978 usus,

1097 987 1212 1040 quod
1254 987 1437 1028 scribam
1498 1000 1593 1028 eum
1632 994 1891 1041 quaestorem
1930 991 1986 1033 Q.

1098 1052 1281 1093 Petilius
1297 1052 1339 1092 in
1353 1052 1571 1092 decuriam
1588 1053 1795 1105 elegerat.
1835 1054 1984 1094 Lectis

1097 1128 1241 1157 rerum
1276 1116 1449 1156 summis
1483 1129 1578 1156 cum
1608 1117 1986 1157 animadvertisset

1095 1180 1300 1232 pleraque
1331 1179 1700 1219 dissolvendarum
1730 1180 1983 1231 religionum

1097 1256 1210 1296 esse,
1239 1244 1287 1284 L.
1308 1243 1470 1284 Petilio
1489 1243 1616 1295 dixit,
1646 1255 1738 1283 sese
1759 1255 1831 1283 eos
1851 1243 1984 1283 libros

1095 1307 1139 1347 in
1176 1307 1321 1359 ignem
1359 1307 1656 1359 conjecturum
1703 1318 1812 1357 esse,
1861 1307 1981 1358 prius

1098 1383 1222 1423 quam
1259 1370 1302 1411 id
1340 1369 1524 1422 faceret,
1559 1382 1605 1410 se
1639 1370 1676 1410 ei
1711 1370 1983 1422 permittere,

1095 1434 1158 1474 uti
1178 1434 1214 1473 si
1234 1434 1352 1487 quid,
1382 1447 1456 1474 seu
1482 1434 1572 1486 jus,
1600 1446 1673 1473 seu
1703 1433 1910 1473 auxilium
1932 1445 1980 1473 se

1094 1498 1253 1538 habere
1276 1498 1331 1538 ad
1351 1510 1422 1538 eos
1453 1498 1588 1538 libros
1618 1497 1879 1549 repetendos
1909 1508 1980 1537 ex-

1093 1562 1324 1612 istimaret,
1353 1561 1632 1614 reperiretur,
1652 1562 1696 1601 id
1716 1561 1884 1614 integra
1903 1574 1982 1602 sua

1093 1625 1231 1677 gratia
1243 1636 1340 1664 eum
1353 1623 1580 1666 facturum.
1608 1625 1758 1665 Scriba
1770 1626 1982 1666 Tribunos

1092 1690 1229 1742 plebis
1250 1690 1373 1741 adiit,
1399 1701 1426 1729 a
1453 1689 1653 1729 Tribunis
1685 1689 1738 1729 ad
1770 1690 1977 1731 Senatum

1092 1766 1158 1793 res
1178 1757 1246 1793 est
1264 1753 1457 1806 rejecta;
1486 1754 1659 1794 Praetor
1688 1766 1733 1793 se
1768 1758 1813 1794 et
1835 1754 1978 1806 jusju-

1091 1818 1271 1858 randum
1308 1818 1412 1858 dare
1452 1823 1649 1871 paratum
1687 1831 1782 1859 esse
1816 1819 1979 1870 aiebat,

1090 1881 1222 1922 libros
1250 1894 1325 1923 eos
1358 1881 1444 1934 legi
1477 1882 1728 1935 servarique
1748 1894 1831 1922 non
1852 1895 1977 1935 opor-

1089 1950 1204 1986 tere:
1224 1946 1409 1986 Senatus
1422 1946 1592 1986 censuit
1605 1946 1708 1985 satis
1722 1946 1980 1999 habendum,

1090 2009 1202 2062 quod
1232 2015 1396 2061 praetor
1419 2008 1723 2062 jusjurandum
1748 2009 1977 2060 pollicere-

1089 2078 1175 2125 tur,
1205 2073 1335 2114 libros
1362 2074 1500 2126 primo
1522 2085 1694 2126 quoque
1714 2078 1912 2125 tempore
1930 2073 1975 2113 in

1088 2137 1263 2179 comitio
1284 2137 1620 2178 concremandos
1646 2148 1757 2188 esse,
1785 2136 1973 2190 pretium

1087 2214 1168 2254 pro
1203 2202 1338 2253 libris,
1362 2205 1568 2254 quantum
1597 2201 1652 2242 Q.
1674 2200 1833 2241 Petilio
1854 2202 1974 2242 Prte-

1087 2265 1170 2306 tori
1201 2265 1439 2318 majorique
1454 2264 1570 2316 parti
1591 2264 1861 2305 tribunorum
1883 2265 1975 2317 ple-

1084 2328 1151 2368 bis
1165 2329 1402 2380 videretur,
1417 2328 1589 2368 domino
1601 2339 1697 2368 esse
1708 2327 1976 2379 solvendum,

1084 2392 1129 2432 id
1144 2392 1287 2432 scriba
1301 2403 1385 2432 non
1401 2391 1586 2442 accepit,
1600 2390 1698 2430 libri
1718 2392 1762 2430 in
1779 2391 1972 2441 comitio,

1083 2456 1183 2508 igne
1218 2467 1297 2508 per
1331 2454 1595 2495 victimarios
1631 2453 1764 2506 facto,
1794 2455 1837 2494 in
1869 2467 1972 2495 con·

1082 2524 1238 2570 speetu
1259 2518 1407 2570 populi
1427 2518 1606 2558 cremati
1628 2523 1743 2558 sunt.
1799 2519 1873 2559 De
1892 2529 1969 2559 nu-

1080 2594 1201 2622 mero
1218 2582 1424 2622 librorum
1454 2582 1570 2621 Plin.
1606 2582 1709 2622 Nat.
1741 2581 1860 2622 Hist.
1891 2581 1968 2622 lib.

1081 2659 1191 2688 xm.
1231 2647 1371 2687 varias
1408 2644 1546 2686 refert
1580 2646 1843 2697 scriptorum
1874 2646 1967 2698 opi-

1078 2714 1244 2763 nioneS,
1280 2717 1329 2752 ut
1363 2711 1436 2751 alii
1466 2721 1564 2751 xiv.
1598 2710 1670 2750 alii
1702 2711 1865 2763 plures,
1893 2710 1968 2752 alii

1079 2776 1303 2829 pauciores
1321 2774 1453 2815 fuisse
1473 2774 1634 2814 dicant.
1665 2774 1817 2815 Oliver.

1131 2840 1248 2880 Lucii
1284 2839 1442 2880 Petillii
1471 2837 1641 2889 Scribae]
1694 2839 1833 2878 Varro
1874 2850 1962 2879 non

1077 2903 1260 2950 Petillii,
1299 2901 1374 2942 sed
1412 2901 1607 2941 Terentii
1644 2913 1792 2952 agrum
1829 2900 1963 2943 fuisse

1078 2967 1196 3016 dicit,
1211 2971 1324 3006 teste
1345 2964 1585 3016 Augustino
1605 2964 1660 3004 de
1680 2964 1811 3007 Civit.
1843 2966 1961 3016 Dei;

1076 3028 1187 3084 quod
1209 3031 1272 3070 ita
1291 3029 1487 3080 solvitur,
1502 3028 1794 3089 intelligamus
1810 3041 1960 3082 agrum

1074 3094 1205 3134 fuisse
1242 3092 1423 3142 Petillii,
1461 3093 1552 3143 ejus
1584 3092 1793 3132 cultorem
1825 3091 1959 3132 fuisse

1073 3156 1336 3197 Terentium.
1367 3155 1536 3195 Badius.

1124 3219 1330 3270 Janiculo]
1350 3219 1464 3259 Vide
1480 3229 1611 3269 supra
1622 3217 1675 3257 ad
1688 3218 1958 3269 Exemp1.10.

1130 3282 1406 3334 Versantibus]
1457 3281 1678 3322 Fodiendo
1707 3281 1956 3322 invertenti-

1069 3349 1162 3390 bus.

1124 3412 1269 3451 Nnmoe
1297 3407 1502 3460 Pompilii,
1531 3406 1616 3458 ξω]
1659 3406 1710 3445 In
1733 3406 1843 3458 aliis,
1863 3409 1953 3448 Nu.

1067 3488 1142 3515 moe
1166 3472 1378 3528 Pomponis
1394 3469 1495 3523 filii.
1549 3468 1618 3507 Sic
1654 3467 1766 3508 enim
1806 3469 1951 3510 Livius

1066 3538 1141 3580 lib.
1157 3549 1233 3579 xn.
1253 3523 1378 3588 cujus
1394 3533 1542 3576 eadem
1555 3531 1645 3574 fere
1665 3532 1797 3574 verba
1815 3533 1951 3575 refert
