2346 3996
341 297 485 350 1304

345 426 500 468 ationis
538 438 694 479 genere
725 426 1037 469 eruditissimus
1070 430 1220 482 evasit,

344 498 391 532 et
427 492 680 544 eloquentiae
715 493 915 544 princeps
946 491 1075 533 facile
1106 494 1220 546 judi·

346 560 481 595 catus.
537 555 733 596 Roscium
761 555 912 596 Cicero
932 569 1028 599 suas
1045 556 1219 598 delicias

345 620 562 671 appellare
573 624 873 661 consueverat.
901 621 1073 662 Quanta
1090 620 1221 663 fuerit

345 682 559 722 Ciceronis
577 683 668 722 laus
682 695 736 722 ex
756 683 846 723 sola
864 683 1106 737 eloquentia
1126 697 1220 738 par-

346 751 406 797 ta,
440 745 553 787 Plin.
586 746 692 787 Nat.
725 745 838 787 Hist·
864 747 939 789 lib.
974 759 1055 789 vn.
1083 762 1123 790 c.
1154 754 1221 790 30.

346 810 473 860 plane
491 809 695 856 ostendit,
724 821 821 850 cum
841 809 972 852 dicit:
1001 815 1014 834 ‘
1031 811 1127 854 Quo
1159 819 1221 863 te,

346 873 409 913 M.
426 872 552 924 Tulli,
572 873 740 924 piaculo
753 878 932 922 taceam,
951 886 1088 928 quove
1104 888 1219 917 max-

345 937 429 977 ime
461 937 747 978 excellentem
776 938 929 991 insigni
967 940 1220 991 praedicem?

346 1013 430 1054 qno
467 1001 626 1053 potius,
656 1013 778 1059 quam
811 1003 995 1043 universi
1014 1005 1158 1056 populi
1176 1009 1223 1044 et

345 1064 456 1104 illius
476 1065 615 1115 gentis
635 1065 892 1117 amplissimo
909 1066 1165 1118 testimonio,
1178 1071 1222 1105 et

347 1134 443 1169 tota
456 1129 547 1169 vita
567 1135 640 1168 tua
657 1130 904 1171 consulatus
936 1135 1102 1171 tantum
1122 1143 1221 1184 ope-

341 1192 465 1232 ribus
479 1192 635 1232 electi?
655 1193 716 1232 Te
735 1191 1073 1245 dicente,legem
1087 1192 1224 1245 Agra—

347 1255 472 1306 riam,
501 1255 580 1294 hoc
611 1261 694 1301 est,
724 1256 928 1299 alimenta
948 1268 1025 1299 sna
1054 1256 1224 1297 abdica-

352 1324 453 1358 runt
498 1319 649 1360 tribus.
705 1319 769 1359 Te
821 1319 1044 1371 suadente,
1072 1320 1230 1360 Roscio

355 1383 578 1425 theatralis
597 1382 820 1422 seditionis
842 1382 1008 1423 authori
1027 1383 1146 1435 leges
1166 1384 1229 1436 ig-

350 1450 579 1497 noverunt,
591 1450 848 1499 notatasque
861 1445 1104 1488 discrimine
1118 1445 1229 1488 sedis

353 1513 478 1563 aequo
516 1509 655 1550 animo
692 1510 897 1553 tulerunt.
952 1511 1015 1550 're
1062 1516 1228 1558 orante.

349 1573 688 1627 proscriptorum
705 1573 864 1614 liberos
883 1575 1063 1619 honores
1081 1580 1231 1627 petere

351 1637 521 1690 puduit.
574 1638 711 1677 Tuum
754 1637 940 1681 Catilina
971 1636 1085 1689 fugit
1116 1638 1231 1689 inge-

350 1702 483 1741 nium.
538 1700 609 1741 Tu
637 1700 832 1743 Marcum
867 1700 1102 1742 Antonium
1135 1714 1230 1754 pro-

352 1765 580 1817 scripsisti,
633 1765 760 1805 Salve
778 1765 937 1816 primus
953 1766 1138 1805 omnium
1158 1778 1232 1817 pa-

354 1839 451 1867 rens
468 1827 619 1879 patriae
638 1827 872 1879 appellate,
893 1828 1052 1880 primns
1067 1829 1110 1868 in
1131 1834 1234 1881 toga

356 1889 631 1942 triumphum,
667 1890 895 1942 linguaque
926 1891 1114 1931 lauream
1150 1903 1237 1931 me-

356 1954 455 2004 rite,
468 1959 511 1993 et
523 1952 737 1994 facundiae
750 1953 970 1995 literarum
984 1955 1235 1997 Latinarum

358 2029 541 2070 parens:
572 2022 719 2070 atque,
757 2023 804 2058 nt
837 2018 1040 2059 Dictator
1076 2019 1237 2071 Caesar,

357 2081 491 2122 hostis
510 2081 719 2134 quondam
752 2086 866 2131 tuns,
884 2081 939 2121 de
970 2087 1014 2122 te
1051 2083 1237 2135 scripsit,

359 2145 544 2187 omnium
572 2144 878 2197 triumphorum
899 2145 1087 2186 lauream
1106 2146 1237 2199 adep-

360 2214 403 2248 te
424 2208 644 2260 majorem,
671 2213 832 2260 quanto
851 2209 947 2261 plus
978 2215 1046 2250 est
1079 2211 1240 2262 ingenii

361 2271 541 2311 Romani
572 2271 776 2311 terminos
810 2272 853 2312 in
885 2277 1052 2313 tantum
1078 2285 1242 2325 promo·

362 2331 490 2385 visse,
508 2346 634 2387 quam
655 2334 851 2386 imperii!
875 2335 1029 2376 Oliver.

416 2400 468 2440 In
487 2403 647 2452 utraque
664 2398 726 2451 re]
762 2399 814 2440 In
837 2410 940 2440 sono
960 2400 1074 2442 vocis
1092 2405 1138 2440 et
1156 2413 1243 2441 mo-

363 2470 412 2505 tu
432 2463 638 2517 corporis.

418 2526 552 2571 Soluto
562 2525 726 2578 genere]
746 2526 844 2567 Non
856 2526 1023 2568 intensa
1039 2528 1246 2580 oratione,

366 2589 722 2642 quemadmodum
758 2588 823 2629 rei
858 2590 1066 2630 atrocitas
1099 2592 1257 2644 exige-.

366 2652 456 2693 bat.

425 2716 610 2755 Oratoris
621 2715 781 2767 vitium]
810 2717 907 2759 Quo
940 2716 1122 2769 quilibet
1153 2728 1246 2756 ora-

346 2810 351 2814 .
371 2785 442 2819 tor
460 2779 503 2818 in
519 2777 644 2819 falsis
673 2779 812 2819 causis
833 2781 894 2820 nti
917 2785 1063 2832 potest
1081 2780 1133 2820 ad
1150 2790 1247 2831 per-

369 2842 624 2893 suasionem,
657 2842 894 2894 composito
927 2843 1095 2883 scilicet
1117 2849 1250 2892 motu,

369 2910 417 2946 et
431 2909 534 2957 apta
549 2905 920 2957 pronunciatione,
937 2912 982 2944 et
998 2905 1120 2945 simul
1134 2905 1250 2945 debi-

371 2967 516 3009 litavit
530 2968 622 3020 ejus
639 2967 993 3020 approbationem
1026 2968 1252 3008 ostenden·

375 3031 445 3079 do,
477 3032 634 3084 ipsum,
669 3031 751 3070 nisi
785 3030 839 3070 de
868 3043 998 3071 causa
1027 3029 1254 3083 diffideret,

376 3106 462 3135 non
480 3094 542 3135 sic
559 3099 754 3135 acturum
774 3093 916 3135 fuisse.
971 3095 1083 3135 Nam
1116 3095 1253 3147 multi,

379 3164 428 3201 ut
440 3158 649 3211 optimam
663 3169 708 3198 se
723 3157 881 3198 habere
895 3170 1064 3199 causam
1083 3159 1255 3200 demon-

378 3226 536 3273 strent,
564 3233 704 3274 neque
725 3226 906 3272 patrono
928 3222 1006 3270 uti,
1038 3234 1176 3275 neque
1192 3235 1258 3262 ar-

379 3285 561 3327 tificiosa
576 3285 769 3325 oratione
790 3285 947 3325 volunt.
981 3286 1085 3326 Bad.

435 3350 551 3390 Ex'r.
581 3350 604 3401 ξ
634 3352 656 3390 1
687 3347 912 3400 AEschines]
954 3348 1022 3389 De
1057 3349 1137 3389 hoc
1168 3348 1260 3390 AEs·

385 3413 509 3453 chine
553 3411 720 3452 Gellius
748 3411 878 3453 Noct.
908 3411 1001 3453 Att.
1047 3413 1121 3453 lib.
1175 3423 1259 3453 vn.

388 3475 678 3518 Quintilianus
698 3474 808 3515 Inst.
826 3473 950 3515 Orat.
967 3484 1063 3527 cap.
1084 3474 1139 3514 de
1153 3474 1262 3514 Pro-

390 3539 679 3589 uunciatione‚
706 3536 864 3593 aliique
898 3535 1099 3578 authores
1130 3536 1264 3580 multa

926 311 1104 351 NOTAE
1146 312 1474 355 VARIORUM
1515 317 1580 355 IN

1282 431 1491 474 dixerunt.
1519 434 1628 474 Sunt
1646 434 1717 488 qui
1733 434 1878 476 dicant
1897 435 2154 489 AEschinem,

1281 497 1532 537 mirantibus
1579 497 1760 538 Rhodiis
1795 500 2030 541 orationem
2064 502 2152 542 De-

1281 560 1520 611 mosthenis,
1539 560 1818 613 respondisse,
1833 562 1946 604 Quid
1960 563 1996 602 si
2014 564 2153 603 audis-

1281 623 1382 662 setis
1397 622 1580 665 belluam
1595 624 1730 675 ipsam
1746 636 1822 665 sua
1841 626 1933 678 lyra
1953 637 2156 667 resonan-

1282 686 1399 725 tem?
1430 687 1579 728 Oliver.

1333 749 1536 800 Suspexit]
1584 750 1703 790 Sicut
1731 750 1923 801 despicere
1961 757 2152 794 transsu—

1281 814 1411 855 mitur
1430 816 1484 855 ad
1505 815 1832 868 significandum
1863 822 2156 871 contemnere,

1280 878 1341 918 ita
1357 879 1551 930 suspicere
1581 879 1633 919 ad
1656 880 1853 920 venerari
1881 886 1927 920 et
1952 881 2157 930 laudare;
2180 876 2184 879 ’

1281 943 1379 994 quia
1396 944 1589 996 despicere
1608 950 1674 985 est
1701 945 1896 985 deorsum
1916 945 2156 996 inspicere:

1282 1017 1375 1057 quae
1408 1018 1509 1047 vero
1538 1007 1649 1048 infra
1678 1020 1756 1048 nos
1787 1013 1899 1059 sunt,
1925 1007 2161 1051 contemni-

1282 1081 1397 1109 mus:
1435 1073 1628 1124 suspicere
1660 1077 1800 1114 autem
1845 1083 2008 1112 sursum
2049 1073 2162 1124 aspi-

1282 1143 1404 1174 cere:
1441 1140 1485 1174 at
1518 1147 1612 1187 qnae
1638 1148 1772 1189 ,supra
1792 1147 1881 1185 nos,
1907 1147 2162 1177 veneramur

1284 1193 1434 1237 ferme.
1481 1198 1586 1239 Boed.

1339 1260 1490 1300 Parum
1517 1261 1695 1302 idoneum
1730 1261 1930 1314 lectorem]
1959 1261 2071 1304 Quia
2088 1261 2161 1302 ad-

1288 1323 1502 1363 versarius
1520 1329 1732 1375 praeterea
1743 1324 1825 1363 vim
1843 1324 1960 1364 illam
1980 1325 2164 1365 Demos-

1290 1383 1428 1424 thenis
1474 1384 1636 1426 referre
1676 1386 1793 1426 nullo
1838 1386 1968 1427 modo
2008 1393 2168 1439 posset.

1291 1446 1467 1497 Legitur
1500 1448 1544 1488 in
1575 1442 1663 1489 vita
1697 1449 2017 1502 Demosthenis,
2051 1449 2167 1503 quod

1291 1510 1515 1562 Philippus
1529 1511 1797 1551 Macedoniae
1816 1525 1892 1553 rex
1911 1513 2168 1553 Demosthe-

1291 1585 1386 1613 nem
1407 1575 1574 1614 caeteris
1599 1573 1930 1616 Atheniensium
1954 1576 2103 1628 legatis
2122 1575 2167 1615 in

1292 1637 1478 1678 dicendo.
1506 1639 1763 1691 praetulerit,
1794 1639 1836 1679 in
1867 1640 2034 1682 caeteris
2067 1651 2174 1682 vero,

1292 1701 1418 1742 rebus
1440 1701 1694 1745 AEschinem.
1737 1701 1888 1742 Oliver.
2155 1712 2158 1716 '

1347 1765 1455 1804 CAP.
1475 1775 1539 1805 xl.
1581 1766 1604 1816 ξ
1634 1769 1655 1805 1
1686 1764 1857 1816 Sulpicii
1895 1763 2028 1816 Gaui]
2072 1763 2172 1805 Hoc

1294 1828 1476 1880 contigit
1508 1828 1698 1868 secundo
1730 1828 2012 1868 Macedonico
2041 1827 2180 1878 bello,

1296 1890 1409 1942 quod
1432 1890 1635 1930 adversus
1666 1890 1829 1929 Persen
1861 1889 2172 1940 gessit-Paulus

1297 1952 1504 2003 AEmilius,
1520 1954 1640 2006 cujus
1661 1955 1825 2003 legatus
1844 1951 1926 1994 fuit
1943 1953 2014 1994 hic
2034 1953 2174 2004 Sulpi-

1297 2016 1388 2056 cius
1425 2016 1592 2066 Gallus,
1631 2016 1702 2068 qui
1741 2016 1895 2057 artium
1932 2016 2178 2061 liberalium

1297 2081 1426 2120 homo
1445 2079 1791 2130 studiosissimus,
1820 2079 2071 2132 Astrologiae
2096 2081 2178 2120 sci-

1301 2142 1461 2183 entiam
1497 2143 1636 2182 tenuit
1671 2154 1755 2182 non
1789 2142 2067 2194 mediocrem,
2095 2155 2182 2195 qna

1301 2205 1442 2245 Paulo
1479 2204 1672 2245 victoriae
1710 2203 1831 2245 dedit
1862 2205 2053 2256 initium;
2080 2218 2180 2248 enm

1304 2268 1416 2309 enim
1457 2279 1609 2308 serena
1644 2274 1789 2319 nocte,
1827 2268 1951 2320 cnjus
1989 2267 2182 2321 proximo

1305 2335 1376 2375 die
1395 2346 1543 2378 manus
1563 2340 1686 2374 erant
1704 2347 1798 2375 cnm
1818 2335 1942 2375 hoste
1960 2339 2182 2375 consertu-

1307 2397 1358 2450 ri,
1400 2398 1519 2438 Luna
1553 2387 1711 2438 subito'
1736 2395 1985 2449 defecisset,
2022 2398 2183 2439 milites

1307 2473 1470 2513 omnes,
1499 2461 1632 2504 veluti
1670 2461 1881 2514 prodigio,
1907 2462 2185 2502 vehementer

1306 2529 1405 2565 sunt
1434 2536 1460 2565 a
1491 2522 1634 2564 futura
1673 2524 1948 2565 dimicatione
1975 2524 2188 2571 deterriti.

1308 2587 1432 2630 Quod
1453 2587 1526 2628 ubi
1554 2588 1683 2633 sensit
1709 2588 1878 2640 Gallus,
1905 2600 1991 2641 qua
2022 2588 2187 2630 ratione

1308 2652 1353 2692 id
1372 2651 1536 2693 factum
1555 2658 1684 2704 esset,
1696 2652 1842 2693 habita
1861 2654 2082 2704 concione,
2103 2653 2186 2693 dis-

1310 2716 1465 2767 seruit,
1486 2719 1531 2755 et
1563 2715 1720 2755 milites
1757 2726 1782 2755 a
1813 2719 1981 2756 terrore
2012 2715 2066 2755 ad
2097 2728 2187 2756 sus-

1311 2778 1524 2830 cipiendae
1563 2789 1719 2830 pugnae
1758 2777 2018 2819 desiderium
2062 2779 2190 2820 anda-

1311 2842 1505 2893 ciamque
1544 2832 1775 2880 revocavit.
1849 2841 2082 2883 Frontinus
2125 2848 2190 2882 ta.

1314 2916 1408 2944 men
1428 2904 1617 2945 nonnihil
1638 2917 1663 2943 a
1685 2904 1859 2944 Valerio
1886 2903 2114 2946 dissentire
2135 2906 2194 2945 vi-

1314 2968 1454 3008 detur.
1511 2967 1635 3007 Dicit
1654 2967 1764 3006 enim
1794 2969 1903 3008 libro
1924 2979 1955 3008 1.
1987 2980 2082 3021 cap.
2116 2969 2195 3010 ult.

1316 3033 1335 3061 t
1367 3032 1416 3071 L.
1452 3030 1668 3082 Sulpicius
1707 3031 1855 3070 Gallus
1902 3031 2194 3072 imminentem

1317 3095 1447 3135 Lunae
1467 3092 1685 3134 defectum
1706 3105 1759 3133 ne
1780 3105 1859 3145 pro
1890 3098 2060 3134 ostento
2079 3094 2195 3134 exeis

1318 3162 1473 3210 petent
1491 3156 1647 3196 milites
1666 3155 1870 3208 praedixit
1887 3153 2093 3206 futurum,
2123 3154 2198 3195 ad·

1319 3219 1422 3260 ditis
1442 3219 1567 3258 rebus
1595 3217 1819 3270 causisque
1849 3214 2120 3268 defectionis,
2148 3222 2198 3258 ut

1320 3295 1405 3323 non
1427 3287 1524 3334 post
1544 3282 1674 3322 Lunae
1691 3279 1904 3325 defectum
1926 3278 2101 3320 territos
2121 3280 2199 3319 mi·

1323 3348 1422 3387 lites
1435 3347 1630 3385 hortatus
1645 3343 1790 3390 fuerit,
1805 3343 1898 3395 sed,
1916 3355 1969 3383 ne
1984 3349 2199 3384 terrerem

1325 3416 1410 3462 tur,
1454 3408 1638 3449 futuram
1688 3406 1871 3458 eclipsin
1919 3405 2201 3459 praedixerit:

1326 3473 1615 3517 Quintilianus
1637 3482 1803 3525 quoque
1821 3470 1896 3511 lib.
1913 3481 1946 3511 1.
1963 3470 2036 3511 ubi
2051 3469 2201 3513 Astrov

1326 3538 1481 3593 logiam
1502 3534 1664 3579 oratori
1682 3533 1968 3581 necessariam
1994 3543 2088 3577 esse
2106 3544 2201 3587 pro-
