2320 4004
556 274 818 315 vALERu
860 273 1102 313 MAxiM1
1150 273 1265 312 [ΑΒ.
1307 274 1361 315 v.
1401 272 1537 311 eAP.
1566 259 1619 311 5.

182 392 378 445 Dionysii
393 392 572 433 historia
583 397 774 434 constat:
795 403 892 433 cum
911 392 1059 431 Etrus·

182 459 245 500 cis
264 465 406 498 tamen
426 462 605 498 cruento
637 456 711 496 illo
744 455 895 508 proelio
927 455 1059 495 fuisse

179 529 433 576 pugnatum,
441 522 533 574 Jam
551 522 657 562 dicti
670 532 837 574 quoque
851 520 1060 561 scribunt.

236 650 260 702 §
277 653 303 690 3
333 648 424 689 Hoc
441 647 636 700 exemplo]
665 647 900 689 Germania
917 646 1063 687 debel-

178 711 272 752 lata
306 718 403 752 erat
433 725 459 752 a
495 713 637 752 Druso
683 711 842 752 Tiberii
877 711 1064 752 Neronis

178 773 331 829 fratre,
348 775 422 829 qui
442 776 719 817 Germanicus
735 775 876 816 dictus
896 780 976 828 est,
990 774 1064 828 qui

181 843 313 894 paulo
342 847 455 898 post,
478 855 588 895 equo
608 854 738 895 super
765 854 863 882 crus
882 842 973 894 ejus
992 840 1064 881 de·

181 905 322 958 lapso,
340 906 560 957 trigesimo
577 906 647 945 die
663 906 794 945 vitam
810 917 904 945 cum
924 909 1064 944 morte

184 970 480 1012 commutavit.
537 970 658 1011 Nero
687 968 758 1021 qui
786 968 979 1008 Ticinum
1010 967 1062 1006 ad

178 1037 379 1078 visendos
416 1040 615 1088 parentes
649 1033 816 1073 Liviam
849 1036 895 1072 et
931 1032 1063 1072 Octa·

183 1100 300 1142 vium
324 1104 518 1149 venerat,
542 1103 590 1137 et
607 1097 735 1137 modo
754 1096 957 1147 Ligurum
977 1095 1063 1135 vic-

182 1169 254 1212 tor
271 1177 296 1205 e
314 1164 536 1217 provincia
547 1162 754 1213 redierat,
773 1175 799 1201 a
816 1161 952 1201 fratre
972 1173 1064 1213 gra-

181 1228 295 1269 viter
322 1227 549 1268 laborante
577 1239 656 1279 per
683 1226 855 1266 nuntios
882 1225 1064 1276 accitus,

183 1292 236 1333 ad
257 1305 354 1334 eum
374 1297 498 1332 tanta
525 1291 751 1331 celeritate
782 1289 1000 1342 pervenit,
1017 1293 1066 1328 ut

181 1355 257 1396 vix
293 1354 412 1396 credi
444 1361 601 1407 posset.
665 1354 777 1394 Nam
810 1353 1065 1392 brevissimo

182 1418 389 1471 temporis
407 1418 564 1470 spatio,
580 1422 735 1469 utpote
764 1416 833 1456 die
854 1429 904 1456 ac
922 1422 1069 1468 nocte,

185 1482 376 1524 ducenta
395 1483 527 1522 millia
559 1493 776 1534 passuum,
798 1479 933 1531 Alpes
954 1479 1066 1520 Rbe-

181 1558 370 1600 numque
417 1552 724 1597 transgressus,
769 1557 853 1584 uno
900 1550 1067 1584 tantum

181 1610 343 1651 comite
364 1610 554 1650 locorum
582 1609 721 1660 perito
747 1606 984 1648 confecisse
1003 1609 1067 1648 di-

181 1673 321 1723 citur;
349 1673 420 1725 qui
442 1685 538 1712 cum
556 1671 795 1712 extinctum
808 1671 982 1713 fratrem
1003 1673 1066 1713 in-

179 1737 388 1787 venisset,
424 1747 582 1788 corpus
621 1736 715 1787 ejus
755 1736 938 1777 Romam
971 1738 1067 1778 vehi

182 1800 363 1851 curavit,
384 1806 430 1840 et
462 1799 507 1839 in
538 1800 702 1839 tumulo
723 1800 773 1840 C.
797 1800 979 1841 Caesaris
999 1813 1065 1841 se-

180 1865 330 1918 pultus
363 1869 446 1916 est,
483 1864 528 1904 in
564 1864 689 1916 cujus
727 1863 881 1905 funere
918 1865 1067 1907 laudes

179 1929 235 1970 ab
266 1927 465 1980 Augusto
498 1929 671 1968 Caesare
691 1929 782 1982 ejus
799 1929 955 1971 vitrico
983 1945 1069 1972 am-

181 1992 388 2046 plissimae
425 1992 541 2033 datae
580 1998 695 2032 sunt.
759 1993 930 2034 Plinius
968 1996 1070 2035 Nat.

183 2055 306 2097 Hist.
325 2055 402 2097 lib.
430 2068 516 2097 vn.
542 2068 638 2108 cap.
658 2060 726 2098 20.
753 2058 766 2080 ‘
788 2057 973 2110 Nuper,'
1007 2060 1070 2100 in-

180 2119 291 2173 quit,
309 2122 322 2142 ‘
338 2120 520 2161 Fonteio
539 2127 584 2161 et
598 2120 792 2172 Vipsano
808 2122 1072 2176 consulibus,

184 2197 318 2229 annos
337 2198 490 2226 novem
510 2186 700 2238 genitum
721 2199 900 2238 puerum
933 2200 959 2227 a
984 2201 1070 2228 rne-

183 2248 295 2289 ridie
315 2250 371 2289 ad
388 2262 616 2302 vesperum
649 2251 927 2303 septuaginta
947 2253 1068 2305 quin-

180 2323 268 2365 que
283 2313 418 2353 millia
437 2325 634 2365 passuum
650 2317 886 2355 cucurrisse
902 2330 914 2366 ;
945 2317 1014 2369 cuj
1023 2330 1068 2357 us

182 2375 247 2415 rei
266 2374 490 2417 admiratio
522 2378 584 2417 ita
603 2377 775 2419 demum
799 2380 937 2420 solida
970 2393 1068 2433 per-

117 2451 122 2455 *
185 2440 372 2489 veniret,
391 2441 428 2480 si
456 2441 552 2493 quis
583 2442 749 2493 cogitet
780 2448 910 2484 nocte
933 2457 982 2484 ac
998 2445 1067 2485 die

182 2502 482 2555 longissimum
501 2505 586 2544 iter
606 2505 810 2546 vehiculis
835 2507 972 2547 tribus
992 2509 1067 2548 Ti-

183 2569 348 2610 berium
360 2582 594 2622 emensum,
603 2570 880 2613 festinantem
894 2574 946 2613 ad
957 2574 1069 2614 Dru-

182 2643 274 2673 sum
294 2632 490 2685 fratrem,
510 2640 794 2686 aegrotautem
823 2637 866 2676 in
887 2637 1067 2678 Germa-

183 2695 270 2741 nia.
327 2696 380 2737 Iu
417 2710 470 2738 eo
501 2697 676 2739 fuerunt
714 2698 897 2740 ducenta
936 2701 1068 2741 millia

184 2761 413 2812 passuum?
445 2762 598 2802 Oliver.

240 2825 478 2881 lj'raternum
495 2825 662 2877 jugum]
705 2826 865 2867 Parem
884 2826 1066 2868 societa-

185 2892 290 2929 tem.

242 2952 420 2992 Claudite
434 2953 567 3005 prius]
615 2954 725 2994 Nam
744 2958 975 3007 utrumque
995 2968 1067 3008 ge-

180 3027 263 3057 nus
281 3030 306 3057 a
327 3017 507 3058 Claudia
525 3023 656 3070 gente
690 3017 946 3058 trahebant:
992 3031 1068 3070 pa-

184 3083 353 3120 ternum
372 3093 397 3120 a
427 3081 599 3121 Tiberio
619 3082 808 3132 Nerone,
827 3086 1067 3121 maternum

183 3142 242 3183 ab
273 3143 418 3196 Appio
450 3145 654 3196 Pulchro,
689 3145 762 3197 qui
794 3144 917 3184 ambo
951 3144 1068 3185 Caeci

187 3205 324 3258 Appii
358 3205 435 3246 filii
476 3205 665 3253 fuerunt,
695 3211 808 3247 teste
843 3207 1066 3249 Suetonio.

187 3267 303 3319 Ergo
321 3280 418 3309 cum
435 3269 599 3310 Liviam
619 3270 864 3322 Drusillam,
881 3271 1079 3312 Neronis·

185 3334 237 3369 ¹et
273 3330 409 3370 Drusi
443 3339 640 3385 matrem,
661 3332 881 3385 Augustus
919 3335 1067 3374 Caesar

191 3391 387 3434 duxisset
423 3408 615 3447 uxorein,
654 3404 699 3438 et
736 3398 827 3450 ejus
863 3398 1068 3450 precibus

191 3454 273 3495 sibi
290 3457 475 3499 Drusum
499 3466 544 3501 et
558 3461 773 3504 Tiberium
795 3461 1063 3514 adoptasset,

191 3518 237 3558 iu
270 3525 442 3570 gentem
476 3522 638 3565 Juliam
677 3536 755 3577 per
792 3526 1063 3578 adoptionem

1861 257 2003 310 1197

1122 394 1351 440 venerunt,
1370 389 1443 430 sed
1464 389 1583 441 prius
1602 387 1657 429 de
1677 391 1808 439 gente
1827 386 2006 428 Claudia

1122 454 1215 494 nati
1234 467 1288 493 ex
1315 455 1490 495 Tiberio
1512 455 1706 504 Nerone,
1728 452 1859 505 Appii
1880 453 2005 493 Clau·

1126 517 1183 557 dii
1204 518 1322 558 Caeci
1341 517 1446 568 filio,
1465 523 1511 559 et
1527 531 1580 558 ex
1599 517 1739 569 Livia,
1754 516 1887 569 Appii
1906 518 2008 557 Pul·

1104 631 1108 634 .
1127 582 1219 622 chri
1237 581 1339 622 filia.
1373 584 1478 623 Oliv.

1185 646 1316 686 Ticini
1322 646 1527 698 fluminis]
1547 647 1632 689 Qui
1651 643 1910 699 praeterfluit
1924 645 2010 685 Pa·

1127 711 1257 763 piam.
1303 711 1510 751 Nascitur
1529 723 1584 751 ex
1614 712 1713 751 lacu
1732 710 1872 757 Lario,
1893 715 2007 751 teste

1127 775 1343 816 Strabone
1364 775 1404 813 in
1422 774 1506 814 fine
1527 775 1669 827 quarti
1689 774 1803 814 libri.

1182 839 1343 879 Mutato
1359 838 1517 879 subinde
1532 838 1646 890 equo]
1674 839 1861 878 Plinius:
1892 839 1904 861 ‘
1918 839 2010 879 Tri-

1127 901 1205 942 bus
1224 902 1376 955 equis.'
1428 903 1497 942 De
1531 903 1683 942 eodem
1715 903 1820 943 illud
1851 915 2010 944 memo-

1126 967 1260 1007 rabile
1279 981 1290 1007 :
1319 967 1331 990 ‘
1351 968 1543 1007 Drusum
1570 965 1751 1007 fratrem
1770 967 1811 1006 in
1831 967 2010 1008 Germa·

1126 1031 1199 1070 nia
1219 1030 1375 1081 amisit,
1403 1030 1524 1082 cujus
1541 1042 1695 1082 corpus
1715 1031 1897 1082 pedibus
1918 1038 2011 1074 toto

1126 1095 1280 1136 itinere
1315 1097 1621 1148 praegredienS,
1656 1097 1837 1136 Romam
1874 1110 2012 1150 usque

1128 1159 1356 1209 pervexit!
1408 1161 1637 1201 Suetonius
1656 1160 1699 1201 in
1713 1161 1904 1202 Tiberio.
1937 1163 2013 1202 C'o·

1128 1224 1201 1264 ler.

1184 1286 1441 1340 Barbariem]
1492 1287 1731 1334 Barbaram
1777 1289 2015 1332 Germano-

1131 1364 1239 1403 rum,
1259 1359 1306 1392 ut
1320 1353 1414 1404 ipse
1434 1353 1768 1404 interpretatur,
1789 1359 1960 1397 terram.

1186 1417 1226 1457 F
1225 1417 1425 1468 requentia
1442 1417 1654 1468 defectum]
1683 1418 1780 1459 Lib.
1798 1419 2015 1471 Danielis,

1128 1479 1341 1528 adfectum.
1396 1480 1468 1521 An
1487 1481 1830 1522 rescribendum:
1867 1488 2014 1524 morta-

1129 1544 1296 1596 liumque
1338 1544 1601 1596 infrequentia
1646 1544 1874 1595 adfectum?
1927 1548 2013 1588 Sed

1130 1608 1306 1660 vulgata
1335 1609 1466 1648 lectio
1488 1621 1579 1660 per
1606 1621 1672 1647 me
1702 1615 1816 1649 stare
1839 1615 2013 1662 potest:

1129 1671 1322 1721 Defectus
1329 1672 1544 1724 frequenta
1562 1671 1741 1724 dictum,
1758 1678 1809 1713 ut
1838 1675 1849 1696 ‘
1871 1673 2018 1715 defec-

1130 1742 1199 1777 tus
1221 1736 1366 1776 annis'
1395 1737 1511 1788 apud
1543 1737 1792 1787 Phaedrum,
1826 1743 1872 1778 et
1905 1738 1917 1760 ‘
1939 1738 2013 1778 de-

1127 1800 1271 1840 fectus
1293 1800 1420 1852 pilis!
1477 1801 1548 1841 De
1566 1801 1720 1854 quibus
1745 1802 1920 1854 copiose
1940 1802 2016 1843 Ni-

1130 1866 1275 1907 colaus
1310 1866 1538 1918 Rigaltius,
1574 1867 1697 1919 cujus
1735 1867 1847 1907 bene
1885 1867 2014 1907 dictis

1132 1930 1243 1970 addo
1260 1930 1367 1970 illud
1403 1943 1456 1970 ex
1478 1937 1624 1971 vetere
1641 1931 1864 1973 Juvenalis
1883 1932 2015 1972 inter-

1132 2001 1257 2046 prete
1302 1995 1637 2036 Terentianum:
1683 1997 1868 2048 ‘Usque
1906 1996 2014 2037 adeo

1132 2057 1293 2099 defecti
1314 2058 1489 2099 sumus!
1547 2060 1661 2113 Non,
1681 2064 1729 2100 ut
1745 2061 1890 2113 vulgo,
1908 2061 1919 2084 ‘
1941 2061 2014 2101 de-

1130 2122 1427 2164 fessisumus.’
1462 2124 1591 2164 Coler.

1188 2188 1368 2227 Castoris
1401 2191 1440 2227 et
1473 2186 1670 2238 Pollucis]
1715 2188 1837 2228 Nota
1867 2193 1935 2228 est
1953 2188 2015 2229 fa-

1131 2251 1245 2302 bula,
1262 2264 1348 2303 qua
1367 2252 1478 2292 alter
1502 2252 1770 2302 immortalis,
1788 2254 2015 2293 mortalem

1129 2314 1307 2355 fratrem
1324 2328 1413 2355 suae
1427 2315 1759 2355 immortalitatis
1772 2316 1904 2356 voluit
1918 2329 2015 2357 esse

1130 2378 1404 2431 participem.
1471 2379 1598 2419 Unde
1633 2379 1866 2430 Virgilius:
1911 2379 2015 2420 ‘Sic

1129 2440 1309 2483 fratrem
1344 2443 1501 2483 Pollux
1533 2442 1699 2482 alterna
1727 2448 1865 2483 morte
1890 2443 2015 2483 rede-

1130 2505 1224 2556 mit,
1273 2506 1401 2559 Itque
1448 2507 1648 2559 reditque
1694 2506 1805 2545 viam
1854 2506 2014 2548 toties.'

1131 2569 1260 2611 Quod
1281 2570 1380 2610 ideo
1400 2569 1591 2621 fingitur,
1610 2575 1659 2609 ut
1673 2569 1809 2623 inquit
1825 2570 2015 2621 Servius,

1130 2634 1230 2685 quia
1262 2638 1364 2674 sunt
1401 2633 1499 2673 duae
1532 2634 1689 2684 stellae,
1718 2645 1899 2685 quarum
1930 2645 2015 2672 una

1130 2695 1331 2748 cadente,
1351 2697 1488 2736 altera
1509 2697 1660 2736 oritur.
1692 2697 1798 2738 Oliv.

1183 2761 1250 2812 §4
1293 2760 1336 2799 Is
1366 2772 1531 2811 namque
1562 2760 1605 2799 in
1639 2760 1798 2812 castris]
1845 2759 2014 2800 Abbre-

1130 2824 1268 2864 viator
1299 2825 1409 2864 Livii
1443 2824 1514 2864 lib.
1548 2835 1712 2882 Lxxrx.
1769 2826 1781 2846 ‘
1801 2825 1851 2865 L.
1882 2825 2014 2867 Corn.

1130 2889 1284 2940 Cinna,
1317 2901 1416 2929 cum
1458 2889 1723 2941 perniciosas
1766 2889 1885 2941 leges
1936 2901 2014 2941 per

1130 2953 1216 2992 vim
1248 2961 1381 3006 atque
1428 2965 1546 2993 arma
1585 2955 1817 3006 proferret,
1865 2955 2010 3006 pulsus

1130 3029 1155 3056 a
1176 3017 1256 3059 Cn.
1278 3018 1467 3059 Octavio
1486 3019 1653 3071 collega
1672 3030 1768 3058 cum
1788 3018 1890 3058 Sex.
1911 3018 2012 3058 trib.

1130 3083 1246 3134 pleb.
1278 3083 1545 3136 imperioque
1584 3085 1623 3123 ei
1656 3083 1878 3134 abrogato,
1915 3094 2011 3122 cor-

1129 3153 1299 3200 ruptum
1331 3147 1464 3201 Appii
1495 3147 1667 3188 Claudii
1697 3146 1936 3186 exercitum
1968 3144 2010 3184 in

1128 3215 1391 3262 potestatem
1423 3223 1541 3251 suam
1572 3210 1762 3262 redegit,
1781 3213 1826 3248 et
1850 3207 2010 3247 bellum

1128 3274 1226 3314 urbi
1261 3275 1422 3326 intulit,
1447 3274 1660 3314 accersito
1690 3273 1735 3312 C.
1754 3271 1892 3310 Mario
1912 3282 2007 3310 cum

1127 3337 1219 3377 aliis
1239 3337 1435 3377 exulibus
1452 3350 1506 3377 ex
1523 3335 1691 3385 Africa,
1717 3335 1760 3373 in
1781 3346 1864 3385 quo
1895 3333 2008 3373 bello

1128 3401 1211 3441 duo
1230 3400 1404 3451 fratres,
1429 3401 1539 3439 alter
1573 3411 1626 3438 ex
1657 3397 1855 3448 Pompeii
1887 3408 2009 3436 exer-

1126 3464 1231 3512 citu,
1250 3465 1361 3503 alter
1381 3475 1432 3502 ex
1462 3461 1623 3509 Cinnae,
1644 3460 1889 3509 ignorantes
1908 3470 2008 3497 con-

1126 3532 1372 3576 currerunt,
1419 3531 1463 3566 et
1494 3535 1588 3564 cum
1626 3522 1763 3563 victor
1799 3521 2006 3574 spoliaret
