2346 3996
574 279 837 320 VALERu
882 277 1124 317 MAx11u1
1168 279 1454 318 L113.v111.
1495 280 1628 319 cAP.
1658 266 1744 319 14.

232 410 419 457 truncat,
438 404 635 456 diemque
668 402 830 443 laetitiae
852 399 1117 440 destinatum

231 470 392 511 foedum
413 469 535 509 luctu
549 466 712 507 funeris
734 465 854 506 facit.
895 463 982 504 Hic
1003 463 1118 503 Pau-

233 533 371 573 sanias
406 531 554 584 primis
591 528 835 582 pubertatis
865 527 987 568 annis
1029 532 1117 567 stu·

232 609 356 649 prum
387 607 465 648 per
492 595 688 648 injuriam
715 606 861 646 passus
892 592 947 633 ab
966 590 1118 632 Attalo

229 659 391 711 fuerat,
422 659 544 711 cujus
579 657 829 712 indignitati
861 657 954 696 haec
987 655 1118 695 etiam

229 722 404 764 foeditas
433 728 693 773 accesserat,
714 722 829 775 quod
859 719 1118 774 productum

228 790 273 830 in
303 788 516 835 convivio,
536 788 808 839 solutumque
839 797 974 835 mero,
992 783 1118 824 Atta-

230 854 297 894 lus
326 865 410 893 non
441 865 546 903 suae,
574 864 722 891 verum
757 851 886 891 etiam
920 848 1117 888 conviva-

230 929 322 956 rmn
345 916 530 966 libidini,
550 917 669 955 velut
689 919 876 954 scortum
899 912 996 962 vile,
1017 910 1116 950 sub-

221 981 409 1033 jecerat,
444 978 767 1031 ludibriumque
818 977 1008 1017 omnium
1055 975 1119 1014 in-

233 1050 300 1084 ter
329 1044 514 1097 aequales
550 1041 817 1082 reddiderat.
875 1041 1002 1081 Hanc
1027 1051 1116 1079 rem

230 1118 344 1159 segre
389 1104 534 1146 ferens
591 1106 849 1155 Pausanias,
895 1104 1116 1158 querelam

229 1171 436 1222 Philippo
466 1181 584 1222 saepe
615 1169 852 1210 detulerat.
909 1169 1017 1209 Cum
1047 1180 1117 1207 va-

228 1236 302 1277 riis
320 1234 689 1282 frustrationibus,
704 1247 790 1275 non
806 1235 896 1274 sine
912 1235 1014 1283 risu,
1033 1232 1116 1274 dif-

227 1298 433 1351 ferretur,
448 1304 492 1339 et
521 1299 776 1341 honoratum
794 1299 969 1350 insuper
988 1297 1118 1337 duca-

228 1369 278 1404 tu
306 1362 598 1404 adversarium
628 1368 844 1412 cerneret,
863 1363 970 1402 iram
991 1363 1033 1402 in
1053 1361 1118 1414 ip-

228 1440 321 1468 sum
358 1428 603 1480 Philippum
632 1427 785 1477 vertit,
805 1427 1119 1479 ultionemque,

228 1503 355 1546 qnam
383 1491 438 1531 ab
464 1491 717 1531 adversario·
733 1504 818 1531 non
851 1496 1040 1543 poterat,
1061 1490 1115 1530 ab

226 1556 376 1609 iniquo
399 1555 548 1608 judice
575 1556 737 1608 exegit.
795 1555 1019 1596 Creditum
1050 1560 1117 1595 est

230 1624 362 1664 etiam
394 1623 626 1663 immissum
655 1623 710 1662 ab
743 1621 1002 1675 Olympiade
1030 1633 1115 1660 ma·

227 1693 296 1727 tre
316 1685 551 1727 Alexandri
569 1684 716 1738 fuisse,
730 1698 810 1725 nec
833 1686 969 1737 ipsum
984 1684 1116 1725 Alex·

228 1749 408 1791 andrum
442 1751 635 1802 ignarum
667 1755 862 1802 paternae
893 1749 1023 1789 caedis
1042 1761 1117 1788 ex-

224 1813 392 1864 titisse}
420 1813 582 1867 quippe
610 1825 696 1853 non
727 1814 867 1853 minus
890 1813 1114 1866 Olympia-

227 1878 326 1918 dem
338 1877 583 1930 repudium,
598 1883 644 1917 et
657 1878 881 1929 praelatam
895 1877 975 1917 sibi
988 1877 1114 1918 Cleo-

225 1949 411 1996 patram,
446 1955 574 1997 quam
621 1950 817 1995 stuprum
858 1938 1114 1982 Pausaniam

226 2006 429 2048 doluisse.
485 2005 783 2047 Alexandrum
804 2020 973 2061 quoque
989 2007 1114 2060 regni

225 2072 427 2112 aemulum
460 2070 639 2112 fratrem
661 2084 715 2111 ex
734 2084 920 2112 noverca
941 2084 1114 2124 suscep·

223 2142 315 2176 tum
330 2136 541 2188 timuisse,
554 2148 690 2188 eoque
709 2142 870 2187 actum,
885 2142 933 2177 ut
955 2137 996 2176 in
1011 2149 1113 2177 con·

225 2199 340 2239 vivio
360 2204 489 2240 antea
509 2200 692 2252 primum
709 2212 805 2240 cum
826 2201 996 2252 Attalo,
1013 2214 1113 2241 mox

225 2277 326 2306 cum
363 2263 458 2317 ipso
501 2268 625 2316 patre
661 2264 880 2316 jurgaret,
919 2265 1026 2306 adeo
1063 2271 1112 2306 ut

222 2329 352 2370 etiam
382 2329 535 2369 stricto
571 2329 712 2380 gladio
751 2342 847 2369 enm
881 2330 1111 2382 Philippus

223 2399 499 2435 consectatus
526 2393 599 2443 sit,
617 2404 815 2446 aegreque
837 2407 860 2434 a
880 2393 956 2434 filii
985 2394 1109 2435 caede

223 2458 460 2498 amicorum
479 2457 679 2510 precibus
699 2463 919 2500 exoratus.
950 2459 1111 2501 Quam-

222 2521 374 2562 obrem
406 2520 658 2562 Alexander
690 2521 744 2562 ad
778 2523 1032 2562 avunculum
1063 2535 1109 2563 se

217 2585 263 2625 in
283 2585 464 2638 Epirum
485 2597 583 2626 cum
597 2590 754 2636 matre,
771 2586 871 2626 inde
886 2585 940 2626 ad
962 2598 1108 2639 regem

220 2648 469 2702 Illyriorum
502 2650 760 2702 contulerat,
795 2650 952 2704 vixque
984 2663 1107 2693 revo-

218 2712 339 2754 canti
374 2713 598 2765 mitigatus
641 2714 772 2766 patri,
819 2715 1107 2769 precibusque

219 2782 500 2830 cognatorum
521 2790 635 2831 aegre
669 2778 813 2818 redire
843 2780 1104 2832 compulsus.

220 2841 445 2894 Olympias
476 2854 647 2896 quoque
679 2841 858 2883 fratrem
895 2857 1016 2884 suum
1045 2845 1105 2884 A-

217 2906 488 2954 lexandrum,
522 2908 641 2960 Epiri
674 2919 836 2960 regem,
869 2908 909 2949 in
945 2909 1104 2950 bellum

218 2969 495 3023 subornabat,
525 2973 885 3026 pervicissetque‚
925 2975 969 3014 ni
1003 2974 1104 3017 filiae

216 3035 378 3088 nuptiis
417 3041 545 3088 pater
581 3049 787 3089 generum
831 3047 1103 3093 occupasset.

217 3099 300 3140 His
329 3100 514 3142 stimulis
547 3101 704 3142 irarum
737 3103 909 3156 utrique
942 3105 1105 3146 Pausa-

213 3164 330 3204 niam
365 3164 420 3204 de
452 3164 710 3217 impunitate
739 3169 878 3220 stupri
905 3169 970 3208 sui
1003 3183 1104 3223 que-

218 3235 385 3270 rentem
406 3230 460 3270 ad
490 3236 656 3272 tantum
685 3231 855 3275 facinus
885 3234 1104 3287 impulisse

218 3291 470 3334 creduntur.
529 3295 642 3336 Nam
677 3297 837 3349 legitur
871 3299 984 3351 apud
1017 3300 1104 3340 He-

219 3355 445 3398 rodotum:
477 3359 691 3401 Querenti
729 3362 952 3404 Pausaniae
988 3365 1104 3416 apud

218 3417 526 3474 Alexandrum,
545 3423 648 3463 nihil
670 3425 785 3465 aliud
816 3427 1104 3479 respondisse,

214 3481 297 3522 nisi
331 3483 502 3525 Medeae
529 3484 757 3529 iambicum
792 3497 978 3532 metrum
1006 3505 1103 3545 pro-

1931 269 2071 322 1317

1184 399 1394 451 accepit;'
1428 400 1614 452 scilicet,
1646 398 1843 440 interfice
1877 404 1924 440 et
1951 413 2071 441 soce-

1184 475 1278 502 rum
1313 468 1358 503 et
1396 476 1617 516 generum.
1673 462 1899 516 Olympias
1936 466 2071 504 etiam

1184 525 1343 566 dicitur
1357 525 1539 579 fugienti
1556 526 1799 579 percussori
1814 539 1947 580 equos
1963 539 2074 579 prae-

1184 595 1359 642 paratos
1392 591 1604 632 habuisse.
1659 591 1764 644 Ipsa
1793 591 1968 643 deinde,
2000 604 2072 631 au-

1184 653 1279 694 dita
1299 655 1410 706 regis
1438 667 1564 707 nece,
1585 668 1680 696 cum
1718 656 1848 696 titulo
1868 654 1997 696 officii
2017 656 2074 696 ad

1184 717 1389 770 exequias
1409 719 1561 759 eadem
1583 725 1710 760 nocte
1729 721 2009 771 cucurrisset,
2029 721 2073 759 in

1183 795 1314 824 cruce
1334 783 1568 835 pendentis
1588 785 1816 824 Pausaniae
1844 784 1979 836 capiti
1999 797 2073 825 co-

1183 859 1330 887 ronam
1377 848 1597 900 imposuit,
1633 849 1750 901 quod
1790 850 1915 888 'nemo
1963 849 2071 888 alius

1181 911 1358 963 audere,
1375 911 1457 951 nisi
1478 912 1585 962 haec,
1607 913 1843 964 superstite
1874 912 2072 964 Philippi

1180 977 1286 1029 filio,
1318 978 1558 1029 potuisset3
1588 989 1748 1029 paucos
1784 977 1942 1017 deinde
1972 982 2074 1029 post

1181 1042 1275 1082 dies
1296 1041 1478 1082 refixnm
1498 1054 1655 1093 corpus
1683 1039 1978 1082 interfectoris
2004 1054 2073 1080 su-

1180 1119 1261 1159 per
1291 1107 1493 1160 reliquias
1528 1106 1752 1156 cremavit,
1786 1110 1831 1145 et
1860 1105 2073 1145 tumulum

1182 1171 1222 1212 ei
1242 1170 1396 1211 eodem
1428 1169 1534 1210 fecit
1563 1169 1607 1210 in
1636 1170 1746 1222 loco,
1765 1170 2073 1222 parentat-ique

1181 1234 1320 1275 eidem
1350 1234 1593 1287 quotannis,
1623 1233 1796 1273 incussa
1826 1234 1986 1286 populo
2007 1246 2074 1273 su-

1182 1299 1455 1351 perstitione,
1486 1299 1668 1339 curavit.
1724 1299 1835 1339 Haec
1854 1298 2071 1339 Justinus.

1182 1361 1382 1415 Apparet
1416 1362 1552 1414 igitur
1585 1362 1845 1402 Pausaniam
1877 1362 1929 1402 ad
1957 1363 2072 1413 regis

1183 1427 1347 1467 caedem
1371 1428 1616 1479 impulsum,
1643 1439 1728 1467 non
1756 1427 2072 1479 consequendae

1181 1492 1342 1544 gloriae,
1365 1498 1412 1531 ut
1431 1493 1630 1532 Valerius
1662 1492 1812 1538 tradit,
1832 1492 1907 1531 sed
1939 1492 2067 1531 ultio-

1180 1555 1245 1595 nis
1267 1555 1484 1595 sumendae
1506 1556 1662 1608 gratia.
1706 1555 1946 1606 Pausanias]
1977 1555 2071 1595 Ma-

1181 1619 1415 1660 cedonicus
1446 1619 1599 1660 nobilis
1631 1619 1899 1667 adolescens,
1919 1621 2073 1659 Ceres-

1180 1683 1237 1723 tis
1257 1682 1385 1734 filius,
1405 1689 1448 1722 et
1464 1683 1517 1724 ab
1534 1683 1693 1724 Oreste
1706 1684 1917 1735 inclytum
1935 1695 2070 1735 genus

1180 1749 1366 1789 trahens.
1436 1749 1536 1789 Fuit
1582 1755 1628 1788 et
1676 1749 1787 1788 alter
1833 1749 2071 1788 Pausanias

1178 1813 1550 1864 Lacedaemonius,
1573 1813 1638 1852 vir
1666 1824 1862 1864 magnus,
1882 1812 1951 1865 qui
1972 1825 2070 1852 cum

1178 1878 1362 1930 patriam
1402 1877 1457 1918 ab
1491 1875 1656 1928 impetu
1690 1877 1924 1916 Persarum
1961 1876 2071 1916 libe·

1178 1947 1332 1993 rasset,
1366 1954 1418 1982 eo
1457 1941 1729 1994 postmodum
1766 1941 1942 1981 insaniae
1970 1953 2069 1993 per-

1178 2005 1312 2057 venit,
1349 2011 1398 2046 ut
1434 2007 1572 2058 ipsam
1610 2005 1797 2058 patriam
1837 2018 1933 2044 cum
1974 2011 2069 2046 tota

1177 2069 1349 2110 Graecia
1368 2070 1562 2110 hostibus
1582 2069 1766 2122 prodere
1788 2069 1990 2109 voluerit.

1235 2135 1335 2174 Cum
1355 2134 1621 2188 Hermoclem]
1647 2134 1720 2174 Ita
1751 2134 1893 2185 vulgo.
1925 2134 2068 2174 Resti—

1177 2198 1262 2239 tuit
1295 2198 1459 2239 dudum
1503 2211 1556 2238 ex
1591 2198 1792 2238 Diodoro
1832 2197 2071 2237 eruditissi-

1175 2274 1269 2302 mus
1291 2262 1515 2303 Gallorum
1544 2262 1768 2311 Brodaeus‚
1787 2275 1874 2302 cum
1893 2262 2066 2302 Hermo-

1175 2331 1337 2368 cratem.
1412 2327 1638 2376 Brodaeus,
1698 2327 1887 2379 inquam,
1939 2327 2063 2378 cujus

1176 2392 1340 2444 scripta
1373 2404 1466 2444 quae
1489 2390 1594 2442 vidi,
1619 2390 1802 2430 dixerim
1837 2395 1939 2430 nata
1967 2403 2063 2430 esse

1174 2456 1228 2497 ad
1258 2456 1574 2510 objurgandam
1605 2456 1891 2496 temeritatem
1922 2456 2064 2508 plero-

1173 2534 1354 2575 rumque
1398 2520 1525 2562 hodie
1573 2521 1924 2573 scriptitantinm.
1991 2520 2065 2560 Ita

1174 2592 1376 2627 accurate
1409 2591 1456 2626 et
1483 2586 1652 2638 signata
1691 2585 1930 2626 eruditione
1963 2591 2065 2625 sunt

1171 2650 1304 2693 facta.
1364 2651 1495 2691 Coler.

1227 2717 1295 2768 §5
1341 2715 1489 2756 Diana·
1535 2712 1738 2765 Ephesioe]
1778 2712 1963 2753 Constat
2009 2724 2063 2753 ea

1171 2784 1302 2820 nocte
1349 2784 1499 2818 natum
1553 2776 1861 2818 Alexandrum.
1928 2776 2060 2818 Unde

1143 2872 1145 2874 r
1169 2844 1325 2884 Cicero
1343 2841 1552 2882 Timaeum
1574 2840 1787 2895 quendam
1808 2839 1959 2893 refert,
1973 2840 2063 2895 qni,

1167 2919 1266 2948 cum
1300 2906 1345 2946 in
1376 2905 1558 2946 historia
1589 2905 1789 2957 dixisset,
1817 2917 1904 2958 qua
1931 2910 2060 2945 nocte

1170 2976 1296 3011 natus
1317 2970 1567 3011 Alexander
1586 2974 1718 3021 esset,
1737 2968 1887 3010 eadem
1918 2969 2060 3021 Ephe-

1170 3037 1246 3075 siae
1282 3034 1442 3075 Dianae
1491 3035 1698 3086 templum
1734 3032 2058 3085 deflagravisse,

1171 3098 1374 3152 adjunxit
1394 3098 1438 3139 id
1471 3099 1643 3139 minime
1678 3111 1771 3139 esse
1797 3097 2054 3147 mirandum,

1169 3163 1286 3217 quod
1315 3164 1471 3216 Diana,
1491 3175 1587 3203 cum
1610 3164 1652 3202 in
1684 3166 1810 3214 partu
1833 3161 2054 3213 Olympia-

1169 3230 1234 3270 dis
1264 3229 1417 3270 adesse
1437 3230 1659 3278 voluisset,
1680 3227 1885 3268 abfuisset
1913 3225 2055 3264 domo.

1167 3295 1328 3335 Strabo
1367 3294 1444 3335 lib.
1479 3305 1573 3334 xiv.
1610 3293 1717 3332 dicit
1750 3291 2053 3331 Herostratum

1168 3359 1301 3399 fuisse
1321 3359 1498 3400 dictum.
1529 3359 1541 3380 ‘
1564 3358 1674 3398 Nam
1694 3352 1877 3405 Dianae,’
1895 3353 2051 3405 inquit,

1165 3429 1178 3449 ⁴
1201 3427 1426 3478 templum,
1446 3424 1607 3476 primus
1633 3420 1921 3470 Chersiphron
1943 3419 2050 3458 mire

1165 3488 1402 3530 fabricatus
1424 3493 1505 3537 est,
1526 3491 1676 3537 postea
1704 3484 1810 3523 alius
1828 3482 2051 3522 fecitma-

216 3547 461 3590 nuntiasse:
489 3550 502 3573 ‘
522 3551 631 3593 Eum
653 3554 726 3609 qui
755 3553 891 3607 dedit,
912 3569 1007 3597 eum
1029 3559 1101 3612 qui
1160 3555 1232 3606 jus
1251 3554 1348 3603 illo;
1368 3550 1443 3591 sed
1460 3561 1556 3590 cum
1577 3548 1861 3588 Herostratus
1877 3544 2049 3600 quidam
