2288 3990
600 322 857 365 VALERH
901 320 1141 359 ΜΑΧιΜι
1186 317 1398 357 1.113.11.
1436 316 1568 356 cAP.
1593 303 1645 355 5.

211 449 409 489 inventus
436 447 507 486 est
538 442 677 484 scriba
711 441 853 482 Gneus
894 438 1082 487 Flavius,

212 513 282 564 qui
328 508 540 550 cornicum
579 506 722 546 oculos
758 503 1002 550 confixerit,
1040 505 1086 539 et

212 573 389 626 singulis
438 569 589 610 diebus
644 567 896 608 ediscendos
950 563 1086 604 fastos

211 637 369 690 populo
433 630 736 686 proposuerit!
801 629 970 670 Plinius
1011 626 1085 666 lib.

210 710 384 741 xxxin.
440 696 752 749 ‘Frequentior
797 698 939 734 autem
985 702 1086 731 usus

209 763 456 803 annulorum
482 773 566 800 non
585 765 686 800 ante
706 760 867 799 Cneum
896 756 1088 797 Flavium

207 825 562 879 deprehenditur.
617 824 705 864 Hic
734 833 914 874 namque
951 817 1090 870 publi-

209 890 317 931 catis
353 889 504 930 diebus
538 887 673 939 fastis,
710 898 813 939 quos
851 885 1034 938 populus
1061 894 1087 922 a

211 954 360 1006 paucis
398 952 639 1005 principum
668 948 861 1002 quotidie
895 947 1088 999 petebat,

211 1022 375 1057 tantam
405 1015 583 1067 gratiam
616 1012 753 1065 plebis
787 1010 968 1062 adeptus
994 1014 1086 1061 est3

211 1080 367 1132 alioqui
383 1079 586 1119 libertino
599 1081 722 1129 patre
735 1075 921 1127 genitus,
931 1079 975 1114 et
990 1074 1085 1125 ipse

207 1144 339 1196 Appii
385 1143 505 1183 Caeci
547 1141 702 1192 scriba,
743 1139 866 1191 cujus
908 1139 1084 1178 hortatu

208 1213 443 1260 exceperat
468 1219 542 1248 eos
564 1206 656 1246 dies
688 1203 968 1246 consultando
985 1202 1087 1242 assi-

211 1273 303 1313 due.
322 1271 463 1324 sagaci
493 1270 681 1322 ingenio,
724 1268 1085 1321 promulgaverat·

211 1347 320 1388 que;
349 1340 397 1375 ut
411 1333 560 1374 AEdilis
575 1331 732 1373 curulis
752 1336 973 1372 crearetur
990 1342 1087 1371 cum

212 1400 269 1440 Q.
301 1397 451 1438 Anitio
493 1395 780 1447 Praenestino,
821 1395 893 1447 qui
938 1393 1088 1446 paucis

213 1466 314 1502 ante
346 1461 497 1501 diebus
528 1460 662 1500 hostis
677 1457 833 1509 fuerat,
855 1457 1089 1510 praeteritis

214 1526 264 1567 C.
279 1526 441 1566 Petilio
451 1531 497 1565 et
517 1524 725 1575 Domitio,
742 1536 921 1576 quorum
945 1528 1090 1574 patres

212 1590 419 1631 Consules
449 1588 635 1629 fuerant.
687 1587 896 1627 Additum
928 1587 1091 1637 Flavio,

212 1659 261 1693 ut
286 1653 410 1693 simul
447 1651 642 1692 tribunus
674 1651 811 1702 plebis
845 1656 974 1699 esset,
1005 1662 1089 1702 quo

209 1715 324 1756 facto
337 1719 461 1755 tanta
473 1715 655 1755 Senatus
667 1713 958 1765 indignatione
970 1725 1091 1752 exar-

208 1779 280 1830 sit,
298 1786 348 1819 ut
366 1780 544 1818 annulos
560 1778 612 1818 ab
637 1789 689 1818 eo
721 1778 911 1828 abjectos
941 1775 1092 1828 fuisse,

210 1844 253 1884 in
269 1842 570 1896 antiquissimis
586 1842 827 1894 reperiatur
839 1839 1091 1881 annalibus?

215 1909 367 1948 Oliver.

266 1969 413 2010 Senam
439 1964 631 2022 curulem]
673 1970 789 2011 Sella
822 1970 981 2011 curulis
1017 1981 1092 2021 ap·

211 2034 399 2085 pellatur
417 2035 485 2074 vel
506 2047 531 2074 a
551 2035 736 2075 Curibus
764 2034 942 2075 civitate
970 2033 1093 2074 Sabi-

210 2107 377 2148 norum,
395 2097 508 2137 unde
522 2098 602 2138 hoc
618 2110 751 2150 genus
771 2103 960 2138 tractum
981 2102 1046 2136 est
1068 2109 1092 2136 a

212 2162 432 2215 Romanis,
451 2163 621 2204 sicutet
639 2169 737 2216 toga
755 2170 995 2216 praetexta3
1025 2165 1093 2204 vel

213 2225 314 2276 quia
333 2227 449 2266 sellae
479 2227 541 2266 illi
570 2233 678 2268 rotae
698 2228 909 2280 subjectae
931 2233 1091 2279 essent,

214 2294 262 2327 ut
293 2287 337 2327 in
366 2301 674 2343 quamcumque
700 2296 868 2341 partem
906 2291 1094 2331 civitatis

214 2351 314 2390 vehi
350 2348 594 2404 et-'impelli
629 2358 789 2404 posset.
845 2353 959 2393 Nam
996 2353 1095 2405 quia

170 2438 173 2439 ν
208 2412 549 2464 jurisdictionem
594 2414 828 2467 habebant,
863 2421 908 2455 et
941 2415 1094 2455 civitas

216 2489 371 2529 magna
387 2483 495 2524 erat,
515 2477 613 2518 ideo
633 2479 776 2519 multis
808 2479 850 2518 in
878 2479 985 2518 locis
996 2479 1096 2531 jura

216 2540 321 2580 dare
341 2540 620 2590 cogebantur.
648 2541 773 2582 Idem.

269 2604 340 2655 §3
374 2602 580 2656 Veneficii]
623 2604 771 2644 Livius
805 2616 977 2658 quoque
1019 2604 1094 2646 lib.

216 2677 321 2708 vul.
362 2666 376 2688 ‘
396 2667 502 2707 Cum
524 2668 761 2720 primores,’
781 2669 938 2721 inquit,
957 2674 968 2692 ‘
989 2669 1094 2709 civi-

216 2730 320 2771 tatis
351 2731 556 2771 similibus
591 2732 750 2772 morbis
780 2733 932 2773 eodem
961 2732 1094 2773 ferme

215 2804 360 2835 omnes
406 2799 564 2834 eventu
610 2802 892 2847 morerentur,
938 2797 1096 2837 ancilla

216 2855 414 2908 qnaedam
435 2856 489 2895 ad
510 2858 566 2899 Q.
580 2857 759 2898 Fabium
773 2858 1011 2899 Maximum
1029 2860 1097 2899 ΙΕ-

157 2968 161 2979 a
212 2919 341 2960 'dilem
360 2922 549 2961 curulem
563 2921 846 2963 indicaturam
861 2935 908 2963 se
928 2936 1096 2964 causam

213 2983 398 3035 -publicae
432 2985 567 3035 pestis
599 2984 794 3037 professa
809 2991 893 3038 est,
909 2986 943 3026 si
962 2987 1015 3026 ab
1044 2998 1096 3027 eo

217 3045 301 3086 sibi
327 3046 437 3086 fides
467 3047 570 3088 data
602 3054 734 3098 esset,
761 3049 873 3089 haud
905 3048 1095 3090 futurum

215 3120 341 3149 noxae
377 3109 594 3151 indicium.
666 3112 824 3151 Fabius
870 3111 1097 3153 confestim

218 3185 308 3214 rem
327 3174 380 3214 ad
400 3175 623 3227 Consules,
656 3176 862 3216 Consules
884 3177 936 3216 ad
963 3177 1095 3216 Sena-

218 3242 310 3277 tum
341 3236 566 3287 referunt;
607 3250 902 3292 consensuque
934 3239 1095 3279 ordinis

217 3299 323 3340 fides
350 3299 484 3340 indici
512 3301 629 3342 data.
684 3303 790 3342 Tum
828 3302 1096 3354 patefactum

219 3368 301 3415 est,
330 3364 528 3404 muliebri
563 3364 715 3405 fraude
760 3365 909 3405 urbem
946 3366 1100 3417 premi,

221 3425 506 3478 mulieresque
525 3439 577 3467 ea
602 3440 769 3468 venena
800 3441 1012 3481 coquere3
1055 3433 1100 3469 et

222 3487 257 3526 si
273 3499 320 3526 se
335 3489 454 3540 sequi
471 3491 689 3542 extemplo
704 3491 852 3543 velint,
870 3491 1099 3531 manifesto

222 3547 484 3600 deprehendi
521 3564 661 3603 posse.
716 3554 866 3594 Secuti
899 3555 1099 3608 indicem,

1886 301 2027 354 1027

1144 440 1188 476 et
1208 440 1442 488 coquentes
1473 433 1676 488 quasdam
1710 432 2028 473 medicamenta

1146 505 1191 539 et
1210 499 1432 539 recondita
1448 499 1528 538 alia
1546 498 1815 537 invenerunt.
1861 495 2026 537 Quibus

1145 561 1187 601 in
1207 560 1348 601 forum
1368 561 1538 612 delatis,
1557 566 1603 601 et
1622 559 1774 612 viginti
1801 558 2027 608 matronis,

1147 625 1261 677 apud
1282 637 1385 677 quas
1403 625 1671 676 deprehensa
1688 627 1826 671 erant,
1844 633 1922 674 per
1942 621 2029 660 via-

1149 694 1285 728 torem
1306 688 1472 739 accitis,
1490 687 1585 728 duae
1605 700 1658 727 ex
1678 687 1740 727 eis
1763 684 1963 726 Cornelia
1978 697 2028 724 ac

1147 752 1330 792 Servilia
1344 751 1535 803 patritiae
1556 757 1738 803 utraque
1757 749 1912 801 gentis,
1930 760 2028 789 cum

1149 828 1202 856 ea
1235 815 1548 856 medicamenta
1584 814 1773 855 salubria
1803 826 1896 853 esse
1927 825 2029 853 con-

1150 878 1393 931 tenderent,
1413 878 1465 919 ab
1482 877 1730 919 confutante
1745 877 1888 917 indice
1908 876 2028 917 bibe-

1149 957 1197 985 re
1219 945 1368 997 jussae,
1400 949 1451 984 ut
1486 956 1529 983 se
1560 942 1714 984 falsum
1745 947 2029 987 commentam

1149 1016 1403 1062 arguerent3
1433 1010 1576 1063 spatio
1609 1009 1662 1049 ad
1692 1010 2027 1062 colloquendum

1150 1083 1337 1126 sumpto,
1366 1087 1495 1128 quum
1540 1078 1750 1115 summoto
1789 1074 1948 1125 populo
1985 1074 2030 1113 in

1148 1144 1386 1190 conspectu
1417 1138 1605 1179 omnium
1634 1150 1724 1177 rem
1755 1137 1808 1176 ad
1851 1142 2032 1176 caeteras

1149 1202 1415 1254 retulissent,
1436 1202 1548 1243 haud
1569 1201 1855 1242 abnuentibus
1875 1205 1922 1241 et
1949 1201 2032 1239 illis

1149 1264 1315 1316 bibere,
1344 1271 1476 1317 epoto
1512 1264 1839 1315 medicamento,
1866 1267 2034 1303 suamet

1149 1330 1251 1381 ipsae
1267 1329 1422 1370 fraude
1437 1343 1585 1371 omnes
1597 1329 1875 1370 interierunt.
1906 1329 2032 1368 Com-

1151 1395 1374 1446 prehensae
1420 1395 1636 1446 extemplo
1679 1398 1803 1433 erant
1838 1392 2034 1440 comites,

1150 1471 1350 1510 magnum
1375 1471 1595 1498 numerum
1616 1463 1906 1498 matronarum
1926 1457 2035 1507 indi-

1153 1526 1334 1561 carunt:
1365 1533 1419 1561 ex
1441 1521 1594 1573 quibus
1613 1521 1666 1560 ad
1696 1526 1868 1560 centum
1886 1527 2033 1572 septu-

1152 1585 1296 1637 aginta
1315 1585 1526 1625 damnatae
1542 1599 1554 1635 ;
1584 1597 1724 1637 neque
1737 1586 1789 1625 de
1802 1583 2038 1625 Veneficiis

1154 1656 1258 1690 ante
1275 1662 1367 1690 eam
1393 1650 1507 1689 diem
1530 1651 1676 1689 Romae
1699 1649 1924 1702 quaesitum
1944 1651 2040 1689 est.'

1157 1715 1308 1755 Oliver.

1209 1779 1312 1817 Pars
1342 1778 1523 1830 capitali]
1565 1779 1751 1818 Centum
1786 1782 1832 1818 et
1865 1781 2036 1829 septua-

1155 1841 1275 1893 ginta
1291 1841 1467 1883 fuerunt
1481 1841 1658 1894 capitali
1679 1841 1891 1893 supplicio
1911 1838 2039 1880 affec-

1154 1911 1212 1946 tae
1246 1911 1426 1958 propter
1465 1905 1691 1945 admissum
1723 1905 1880 1957 scelus,
1899 1909 1944 1944 et
1972 1904 2038 1943 hae

1153 1970 1420 2022 potissimum
1442 1969 1564 2009 fuere
1583 1981 1822 2021 pauperes;
1859 1968 2037 2007 aliarum

1154 2047 1258 2075 vero
1279 2047 1405 2086 poena
1424 2034 1632 2086 permissa
1645 2032 1728 2073 fuit
1745 2045 1889 2073 earum
1911 2032 2040 2071 mari-

1155 2099 1227 2146 tis,
1269 2105 1449 2150 propter
1494 2096 1714 2137 infamiam
1754 2102 1801 2137 et
1837 2095 2042 2136 dedecus.

1158 2162 1310 2201 Oliver.

1213 2226 1381 2265 Centum
1414 2224 1684 2277 septuaginta]
1731 2222 1914 2264 Orosius
1953 2234 2040 2262 am-

1155 2289 1333 2341 pliorem
1377 2301 1596 2329 numerum
1629 2288 1810 2339 colligit,
1841 2286 2039 2326 nimirum

1155 2356 1250 2393 380.
1286 2353 1354 2393 hic
1385 2354 1557 2405 quidem
1592 2352 1724 2403 duplo
1751 2352 1898 2403 major.
1952 2350 2043 2390 Au-

1157 2416 1315 2468 gustiu.
1334 2416 1388 2456 de
1420 2418 1514 2457 Civ.
1535 2417 1617 2455 Dei
1649 2415 1724 2455 lib.
1744 2427 1816 2455 ιιι.
1849 2427 1944 2467 cap.
1975 2418 2044 2455 17.

1157 2490 1287 2530 super
1322 2479 1448 2519 fidem
1491 2480 1650 2519 multas
1695 2477 1828 2519 fuisse
1875 2478 2042 2519 scribit.

1161 2542 1339 2583 Colerus.

1211 2606 1235 2656 ᾧ
1247 2609 1272 2645 4
1292 2606 1512 2646 Tibicinum
1525 2619 1666 2659 quoque
1680 2607 1907 2659 collegium]
1926 2605 2039 2647 Livi-

1158 2680 1228 2708 us:
1245 2669 1257 2690 ‘
1268 2669 1514 2722 Tibicines,'
1527 2671 1684 2723 inquit,
1698 2671 1710 2693 ‘
1722 2671 1824 2723 quia
1837 2670 2042 2723 prohibiti

1158 2744 1184 2771 a
1204 2732 1408 2783 proximis
1441 2733 1692 2774 censoribus
1722 2739 1846 2773 erant
1872 2735 1916 2773 in
1945 2733 2041 2774 aede

1156 2794 1279 2836 Jovis
1299 2797 1432 2846 vesci,
1448 2796 1559 2848 quod
1579 2796 1787 2836 traditum
1806 2796 2042 2849 antiquitus

1157 2864 1267 2910 erat,
1288 2871 1404 2911 aegre
1437 2860 1566 2911 passi,
1594 2860 1742 2911 Tybur
1770 2872 1854 2899 uno
1875 2859 2041 2911 agmine

1157 2922 1373 2972 abierunt,
1389 2923 1497 2963 adeo
1512 2929 1563 2963 ut
1582 2934 1707 2963 nemo
1720 2923 1762 2962 in
1783 2923 1891 2963 urbe
1911 2928 2045 2969 esset,

1157 2986 1228 3038 qui
1261 2986 1482 3027 sacrificiis
1514 2987 1791 3038 praecineret.
1845 2986 1951 3038 Ejus
1977 2986 2042 3026 rei

1157 3049 1307 3100 religio
1321 3050 1460 3089 tenuit
1474 3050 1698 3101 Senatum,
1713 3051 1878 3101 legatos
1891 3050 2044 3102 Tybur

1156 3113 1380 3165 miserunt,
1409 3118 1459 3153 ut
1502 3113 1653 3153 darent
1683 3125 1881 3165 operam,
1914 3119 1963 3152 ut
2000 3112 2043 3150 hi

1155 3179 1348 3218 homines
1368 3179 1572 3218 Romanis
1587 3179 1933 3218 restituerentur.
1960 3177 2045 3228 Ty-

1156 3241 1321 3281 bnrtini
1340 3242 1523 3293 benigne
1557 3241 1740 3293 polliciti
1771 3241 1953 3292 primum
1972 3251 2043 3278 ac-

1158 3305 1267 3344 citos
1287 3317 1361 3345 eos
1381 3305 1424 3344 in
1458 3305 1637 3354 curiam,
1667 3304 1827 3344 hortati
1847 3308 1963 3353 sunt,
1991 3306 2042 3341 ut

1159 3372 1483 3407 reverterentur
1537 3368 1730 3407 Romam.
1803 3365 2042 3416 Postquam

1159 3430 1320 3482 impelli
1339 3430 1589 3483 nequibant,
1616 3428 1792 3469 consilio
1825 3428 1938 3466 haud
1972 3429 2044 3468 ab·

1162 3493 1362 3533 horrente
1399 3494 1453 3532 ab
1491 3492 1671 3544 ingeniis
1713 3490 1929 3530 hominnm
1967 3503 2040 3531 eos

1162 3557 1494 3608 aggrediuntur:
1515 3556 1592 3595 die
1602 3553 1731 3606 festo,
1750 3554 1820 3594 alii
1841 3554 1946 3594 alios
1961 3566 2041 3607 per
