2346 3996
585 341 844 382 VAnEmt
880 341 1133 379 ΜΑΧιΜι
1179 339 1301 380 mn.
1335 342 1442 379 vn.
1482 342 1616 379 CAP.
1645 329 1696 378 4.

222 462 344 515 fides,
366 462 464 506 Dux
486 462 539 503 ad
570 462 768 503 ultimum
797 460 901 502 belli
933 459 1108 512 legitur.

220 526 290 566 Ibi
308 538 404 567 cum
424 526 556 566 inscia
578 524 851 565 multitudine
879 525 982 578 quid
1010 535 1108 576 age-

219 595 357 638 retur,
403 588 554 641 proelia
600 600 734 639 parva
778 588 894 627 inter
931 589 1107 627 Romam

219 651 467 704 Gabiosque
487 650 660 701 fierent,
682 650 835 703 quibus
857 652 1106 703 plerumque

217 725 286 755 res
307 714 478 755 Gabina
511 715 707 766 superior
739 720 870 764 esset,
900 721 989 755 tum
1019 726 1107 755 cer·

217 778 343 819 tatim
376 778 531 818 summi
575 778 795 832 infimique
839 778 1105 820 Gabinorum

216 842 397 884 Sextum
417 842 695 894 Tarquinium
721 842 834 882 dono
865 843 1006 882 Deum
1026 840 1106 881 sibi

217 906 391 946 missum
425 906 635 956 credere3
674 906 786 957 apud
816 906 973 945 milites
1003 917 1106 945 vero

218 968 416 1010 obeundo
443 968 637 1020 pericula
656 973 702 1008 et
730 968 916 1017 labores,
944 967 1107 1020 pariter

218 1031 412 1084 praedam
454 1030 656 1072 munifice
700 1031 940 1083 largiendo,
983 1036 1106 1072 tanta

217 1095 428 1135 charitate
450 1105 560 1144 esse,
578 1099 627 1134 ut
656 1106 738 1134 non
772 1099 898 1146 pater
923 1094 1105 1146 Tarqui·

217 1158 311 1198 nius
358 1156 576 1208 potentior
613 1157 779 1208 Romae,
821 1169 947 1210 quam
994 1156 1107 1196 filius

217 1219 373 1262 Gabiis
418 1225 548 1261 esset.
605 1220 676 1260 Ita
723 1225 952 1273 postquam
1000 1221 1104 1260 satis

218 1284 370 1325 virium
402 1284 631 1325 collectum
665 1283 720 1324 ad
749 1296 896 1324 omnes
926 1290 1103 1324 conatus

220 1348 411 1398 videbat,
436 1354 527 1389 tum
556 1361 611 1388 ex
639 1349 727 1389 suis
762 1361 892 1388 unum
913 1349 1105 1389 sciscita-

218 1420 308 1452 tum
329 1413 507 1452 Romam
527 1412 582 1452 ad
601 1418 771 1465 patrem
802 1412 953 1462 mittit,
983 1412 1104 1465 quid-

215 1487 311 1516 nam
334 1488 379 1515 se
407 1475 555 1516 facere
589 1477 738 1527 vellet,
761 1476 1103 1531 quandoquidem

216 1543 263 1579 nt
282 1531 423 1579 omnia
444 1551 552 1579 unus
579 1539 733 1580 Gabiis
764 1545 929 1591 posset,
964 1541 1003 1580 ei
1031 1540 1104 1580 Dii

215 1601 451 1644 dedissent.
509 1603 623 1644 Huic
642 1603 811 1652 nuntio,
842 1604 942 1654 quia
971 1604 1103 1644 credo

214 1665 357 1706 dubiae
375 1665 478 1707 fidei
497 1666 738 1718 videbatur,
767 1666 871 1704 nibil
900 1678 1006 1706 voce
1035 1679 1103 1706 re-

212 1741 413 1780 sponsum
458 1736 541 1771 est.
598 1731 695 1770 Rex
733 1730 853 1769 velut
887 1729 1102 1770 delibera-

213 1790 382 1831 bundus
426 1792 470 1832 in
500 1792 669 1840 bortum
713 1791 869 1831 aedium
920 1793 1104 1845 transiit,

212 1859 421 1907 sequente
442 1855 591 1895 nuntio
610 1853 714 1894 filii:
746 1855 804 1895 ibi
834 1855 1102 1896 inambulans

214 1917 374 1958 tacitus
386 1931 556 1959 summa
582 1931 850 1970 papaverum
879 1919 1022 1971 capita
1038 1920 1102 1959 di-

212 1981 328 2021 citur
346 1981 501 2023 baculo
517 1981 775 2022 decussisse.
793 1982 1103 2035 interrogando

214 2045 579 2098 expectandoque
622 2057 872 2097 responsum
928 2047 1103 2088 nuntius

210 2105 372 2159 fessus,
401 2114 450 2148 ut
484 2115 529 2148 re
562 2107 835 2160 imperfecta,
870 2109 984 2150 redit
1016 2111 1102 2151 Ga-

212 2170 335 2220 bios;
373 2183 469 2224 quae
499 2171 660 2211 dixerit
689 2172 801 2223 ipse,
826 2185 1009 2226 quaeque
1040 2175 1102 2215 vi·

222 2234 354 2285 derit,
402 2233 567 2274 refert:
611 2246 686 2274 seu
737 2236 816 2285 ira,
864 2247 941 2275 seu
990 2237 1104 2290 odio,

219 2308 296 2336 seu
347 2296 554 2348 superbia
601 2297 729 2337 insita
780 2299 967 2351 ingenio,
1015 2302 1104 2340 nul-

212 2360 297 2400 lam
320 2371 418 2399 eum
434 2372 580 2400 vocem
601 2361 808 2402 emisisse.
866 2364 1013 2415 sexto,
1030 2365 1103 2404 ubi

213 2422 317 2475 quid
341 2423 472 2464 vellet
494 2430 635 2476 pater,
654 2425 812 2478 quidve
831 2427 1105 2480 praeciperet,

212 2486 368 2527 tacitis
406 2486 660 2538 ambagibus
697 2490 853 2542 patuit,
894 2492 1103 2542 primores

214 2549 405 2590 civitatis
435 2549 719 2603 criminando,
745 2553 852 2593 alios
882 2555 995 2606 apud
1029 2568 1103 2607 po-

211 2613 373 2666 pulum,
402 2613 506 2654 alios
542 2627 628 2655 snae
661 2617 795 2669 ipsius
826 2618 999 2659 invidiae
1032 2633 1104 2673 op·

210 2681 420 2728 portunus
460 2677 720 2729 interemit;
773 2682 895 2721 multi
942 2684 1102 2735 palam,

209 2738 403 2792 quidam,
447 2739 493 2779 in
530 2741 686 2793 quibus
731 2742 868 2783 minus
906 2747 1103 2797 speciosa

208 2801 452 2843 criminatio
491 2808 586 2843 erat
618 2801 780 2858 futura,
815 2808 925 2846 clam
966 2808 1101 2849 inter-

208 2866 331 2909 fecti.
370 2868 542 2909 Patuit
572 2869 826 2920 quibusdam
858 2873 1099 2914 volentibus

209 2929 329 2981 fuga,
353 2936 427 2971 aut
446 2930 490 2971 in
511 2932 685 2972 exilium
705 2934 792 2974 acti
811 2941 924 2986 sunt,
952 2936 1101 2977 absen-

208 2994 402 3046 tiumque
422 2993 550 3045 bona,
570 2995 699 3047 juxta
719 3003 848 3049 atque
866 2998 1100 3052 interemp-

208 3063 350 3097 torum
369 3057 507 3097 divisa
524 3056 662 3100 fuere.
720 3060 981 3111 Largitionis
996 3062 1099 3102 inde

208 3118 456 3172 praedaeque
479 3125 525 3160 et
557 3120 786 3162 dulcedine
809 3123 966 3174 privati
987 3137 1100 3165 com·

209 3181 327 3222 modi
372 3194 522 3224 sensus
567 3186 776 3226 malorum
833 3187 1100 3238 publicorum

210 3245 356 3296 adimi,
389 3246 529 3288 donec
568 3249 672 3289 orba
708 3250 886 3290 consilio
921 3253 1101 3293 auxilio·

210 3318 293 3358 qne
310 3307 479 3349 Gabina
498 3322 566 3350 res
587 3312 679 3363 regi
697 3313 888 3355 Romano
905 3305 997 3353 sine
1013 3314 1102 3354 ulla

209 3369 484 3413 dimicatione
506 3373 546 3412 in
568 3387 736 3415 manum
756 3377 960 3418 traditur.
992 3378 1102 3419 Oliv.

270 3433 480 3484 Tarquinii
514 3437 647 3489 filius]
698 3439 925 3492 Polyaenus
975 3447 1102 3481 vocat

214 3495 410 3536 νεώτατον
428 3500 505 3536 τῶν
522 3499 667 3540 παίδων
684 3500 841 3552 Σέξτον.
865 3505 993 3544 Coler.

270 3559 439 3613 Gabios]
465 3562 577 3604 Latii
604 3563 701 3605 hac
734 3567 832 3607 urbs
855 3567 991 3620 Livio,
1013 3569 1100 3609 Pli-

1917 326 2059 380 1267

1175 458 1260 509 nio,
1290 459 1400 499 aliis.
1459 459 1546 500 Ubi
1578 459 1704 500 bodie
1737 458 1980 508 Gallicano,
2010 465 2059 499 ut

1172 527 1328 573 putant
1348 523 1603 574 Marlianrm,
1634 522 1846 573 Leander,
1866 527 1911 562 et
1930 522 2061 562 Blou-

1170 585 1266 625 dns.
1324 586 1531 635 Zagarolo
1553 586 1780 638 Onupbrio
1803 590 1996 637 putatur.

1229 646 1417 698 Verbera]
1467 648 1580 689 Quia
1628 660 1673 687 se
1718 648 1858 699 ipsum
1909 646 2057 686 dedita

1169 722 1302 761 opera
1327 709 1521 761 jusserat
1550 712 1802 762 verberari3
1835 712 1959 764 cujus
1993 713 2058 752 rei

1168 773 1328 812 nnllam
1363 785 1535 824 prorsus
1565 776 1826 815 mentionem
1861 774 1968 816 facit
1994 777 2060 815 Li-

1169 837 1276 877 vius.
1332 836 1532 877 Justinus
1569 850 1672 877 vero
1711 838 1789 877 hac
1829 839 1978 879 eadem
2009 840 2061 878 si-

1169 899 1405 939 mulatione
1463 912 1587 939 usum
1644 899 1776 940 fuisse
1840 903 2059 954 Zopyrum

1169 975 1296 1002 unum
1312 976 1365 1002 ex
1385 962 1742 1003 interfectoribus
1764 977 1997 1016 magorum,
2013 972 2057 1006 et

1169 1024 1223 1064 de
1253 1025 1520 1077 principibus
1539 1026 1659 1065 Darii
1686 1027 1910 1067 Persarum
1946 1029 2058 1078 regis

1169 1089 1290 1140 dicit,
1317 1089 1406 1141 qui,
1439 1095 1486 1129 ut
1513 1090 1793 1142 Babyloniam
1828 1091 2059 1131 Persarum

1168 1152 1346 1205 imperio
1367 1152 1617 1204 subjiceret,
1654 1153 1768 1193 domi
1801 1165 1848 1193 se
1870 1154 2058 1194 verberi-

1170 1220 1245 1259 bus
1275 1221 1455 1260 lacerari
1492 1226 1586 1260 toto
1620 1232 1803 1272 corpore
1838 1221 1986 1272 jussit,
2015 1227 2060 1261 et

1170 1285 1295 1323 titulo
1318 1283 1552 1336 transfugae
1587 1283 1856 1335 Babylonem
1885 1283 2059 1336 profec-

1171 1353 1253 1398 tus,
1283 1347 1362 1386 hac
1384 1347 1535 1387 eadem
1566 1353 1660 1386 arte
1690 1348 1837 1388 urbem
1859 1353 1904 1388 et
1924 1349 2059 1399 impe-

1170 1411 1273 1451 rium
1297 1412 1430 1451 Dario
1450 1412 1655 1464 prodidit.
1679 1414 1785 1453 Oliv.

1224 1475 1315 1514 Non
1328 1476 1474 1515 tinctis
1490 1476 1684 1526 manibus]
1700 1477 1796 1516 Hoc
1810 1477 1898 1517 solo
1913 1478 2060 1529 demp-

1169 1543 1228 1587 to,
1248 1539 1362 1590 quod
1383 1551 1467 1579 non
1486 1545 1611 1579 erant
1632 1541 1691 1579 illi
1713 1553 1863 1581 manus
1884 1542 2057 1582 vin‹·tae.

1167 1603 1342 1643 Badius.

1221 1667 1243 1718 ξ
1264 1669 1288 1705 3
1316 1667 1439 1706 Unico
1457 1669 1759 1718 perseverantiae
1787 1669 2058 1721 irritamento]

1166 1730 1306 1769 Unum
1346 1737 1457 1781 erat,
1494 1732 1646 1784 inquit,
1676 1732 1788 1784 quod
1823 1732 1972 1773 Gallos
2015 1735 2059 1772 in

1167 1793 1417 1833 obsidendis
1461 1795 1664 1834 Romanis
1700 1807 1977 1847 perseverare
1999 1798 2060 1835 in-

1166 1857 1339 1907 citaret,
1360 1858 1474 1910 quod
1501 1871 1573 1898 eos
1593 1858 1709 1898 fame
1731 1859 1901 1898 vincere
1933 1872 2060 1911 posse

1167 1920 1431 1971 sperabant;
1466 1934 1563 1961 nam
1594 1923 1722 1962 armis
1753 1928 1828 1963 aut
1847 1923 1887 1962 vi
1916 1925 2060 1976 aliqua

1167 1984 1264 2035 capi
1294 1996 1420 2035 posse
1452 1984 1712 2037 Capitolium
1747 1987 2056 2038 desperabant,

1167 2045 1282 2097 quod
1303 2047 1421 2086 locus
1437 2054 1589 2087 natura
1605 2049 1911 2090 munitissimus
1925 2057 2059 2091 esset.

1169 2108 1277 2148 oliv.

1221 2173 1417 2212 Misertus
1448 2178 1522 2224 est,
1553 2175 1642 2226 ἐξα]
1678 2176 1930 2216 Lactantius
1964 2177 2052 2215 Fir-

1167 2237 1331 2277 mianus
1354 2238 1504 2278 Divin.
1527 2240 1637 2281 Inst.
1667 2241 1740 2282 lib.
1761 2253 1794 2281 1.
1824 2241 1837 2264 ⁴
1856 2239 2056 2290 Eodem,’

1166 2301 1322 2352 inquit,
1363 2302 1588 2354 ‘tempore
1635 2304 1736 2344 Jovi
1774 2304 1940 2344 Pistori
1983 2316 2056 2343 ara

1166 2364 1309 2414 posita
1337 2370 1420 2414 est,
1450 2366 1566 2417 quod
1587 2379 1658 2406 eos
1680 2367 1722 2406 in
1741 2367 1888 2419 quiete
1910 2379 2057 2406 monu-

1164 2427 1287 2477 isset,
1304 2433 1354 2468 ut
1380 2440 1435 2467 ex
1456 2429 1571 2469 omni
1589 2428 1824 2480 frumento,
1845 2430 1958 2483 quod
1979 2430 2053 2470 ha·

1166 2489 1343 2541 mabam,
1389 2504 1543 2543 panem
1591 2492 1872 2544 conficerent,
1918 2499 1963 2534 et
2011 2494 2053 2533 in

1163 2553 1344 2593 hostium
1367 2556 1758 2607 castrajactarent‚
1778 2570 1914 2610 eoque
1935 2556 2054 2597 facto

1165 2619 1305 2658 soluta
1326 2623 1393 2658 est
1408 2619 1589 2669 obsidio,
1601 2620 1933 2673 desperantibus
1947 2620 2051 2661 Gal-

1164 2681 1216 2720 lis
1265 2681 1410 2734 inopia
1458 2683 1597 2735 subigi
1640 2697 1766 2736 posse
1803 2685 2052 2725 Romanos!

1164 2745 1346 2785 Ovidius
1364 2759 1531 2800 qnoque
1553 2749 1667 2789 Fast.
1688 2760 1753 2789 v1.
1773 2752 1866 2789 393.
1894 2748 2052 2788 ‘Posse

1164 2806 1276 2848 fame
1308 2810 1420 2849 vinci
1454 2823 1553 2862 spes
1583 2812 1760 2853 excidit.
1818 2813 1959 2853 Hoste
1988 2824 2054 2852 re-

1165 2873 1286 2923 pulso
1326 2874 1524 2914 Candida
1559 2875 1718 2924 Pistori
1761 2876 1937 2929 ponitur
1979 2888 2054 2916 ara

1162 2935 1297 2977 Jovi.'
1318 2937 1444 2977 Idem.

1219 3000 1420 3040 Proesiciia
1434 3002 1595 3054 inopioe]
1611 3003 1787 3055 Jupiter
1800 3003 1944 3044 Pistor
1954 3003 2052 3043 binc

1163 3068 1304 3103 natus.
1339 3065 1592 3105 Lactantius
1613 3066 1685 3107 lib.
1706 3079 1735 3107 ῐ.
1755 3080 1849 3118 cap.
1872 3071 1937 3107 30.
1958 3067 2050 3105 Hu-

1156 3127 1231 3178 jus
1256 3128 1432 3168 Festum
1467 3129 1532 3169 v'r.
1561 3130 1628 3171 Id.
1660 3130 1763 3171 Jun.
1802 3130 2050 3170 celebraba-

1165 3195 1250 3241 tur,
1273 3197 1387 3231 teste
1409 3192 1542 3233 Ovid.
1563 3195 1682 3233 Fast.
1702 3206 1767 3234 v1.
1787 3194 1914 3235 Coler.

1219 3256 1242 3306 ᾧ
1260 3258 1287 3294 4
1305 3255 1487 3296 Alterum
1506 3256 1638 3296 Italiae
1657 3257 1778 3308 latus]
1815 3256 2047 3296 Lucaniam

1164 3317 1396 3369 regionem.

1218 3381 1419 3432 Alterum]
1439 3382 1612 3421 Brutios
1633 3382 1676 3420 in
1698 3381 1892 3421 Umbria.

1220 3445 1347 3496 Nero]
1388 3445 1494 3484 Cum
1534 3450 1713 3495 cuperet
1751 3443 2052 3495 Asdrubalem,

1165 3506 1344 3558 ejueqne
1385 3508 1548 3558 copias,
1587 3512 1812 3558 antequam
1848 3505 2050 3546 Annibali

1165 3570 1577 3620 fratrijungeretur,
1611 3568 1772 3620 excidi,
1802 3569 2047 3622 idcircoque
