2320 4004
398 282 540 335 1168

397 420 473 455 aut
491 414 677 454 simulati
698 414 850 454 amoris
870 413 1195 466 interpretatur.

449 480 472 530 ᾧ
503 483 552 518 11
586 479 717 518 Marci
735 479 853 518 etiam
867 478 1047 529 Antonii,
1065 478 1150 530 35⁶]
1179 479 1276 519 Hoc

393 542 577 594 contigit
593 543 705 582 bello
721 542 850 592 civili,
862 542 973 594 quod
986 542 1123 593 >gessit
1137 541 1274 582 Anto-

393 606 488 644 nius
509 610 658 645 contra
677 605 859 644 Brutum
886 609 931 645 et
958 604 1147 643 (lamium
1182 604 1273 644 Cae-

392 669 496 708 saris
541 667 860 718 interfectores,
907 667 983 707 ubi
1033 666 1272 720 profligatis

390 732 499 782 reip.
531 730 740 781 partibus,
759 731 935 781 Brutus,
956 743 1008 771 ne
1030 731 1199 771 veniret
1227 731 1271 770 in

390 799 653 844 potestatem
672 793 862 845 Antonii,
879 793 958 834 sibi
979 794 1058 846 ipsi
1090 800 1270 834 mortem

387 855 613 895 conscivit.
643 855 794 915 Oliver.

441 922 787 974 paludamentum]
814 921 910 963 Quo
921 921 1080 961 Brutus
1095 921 1137 960 in
1156 920 1272 961 bello

384 997 486 1025 usus
502 985 660 1026 fuerat.
968 998 972 1001 *

440 1048 727 1100 Philippicum]
757 1049 854 1090 Qua
890 1048 933 1087 in
971 1047 1135 1099 campis
1168 1047 1269 1088 Phi·

380 1111 555 1162 iippicis
577 1112 760 1151 Brutum
781 1111 884 1150 vicit
902 1110 1132 1151 Antonius.

441 1175 553 1214 Exw.
582 1176 605 1226 ξ
634 1178 655 1213 1
699 1174 989 1225 Macedoniam]
1022 1173 1110 1213 Res
1143 1178 1268 1225 gesta

382 1241 450 1276 est
468 1236 513 1276 in
534 1236 698 1289 campis
713 1236 984 1289 Philippicis,
1012 1237 1086 1289 qui
1106 1237 1263 1277 suntin

383 1299 657 1341 Macedonia.

438 1363 589 1413 Corpus
627 1362 787 1412 frigore
836 1363 1126 1414 complicatum]
1194 1362 1266 1403 Ita

380 1426 564 1479 corrige,
592 1431 642 1464 ut
672 1425 833 1465 habent
866 1431 1036 1465 veteres
1071 1424 1264 1478 plerique

380 1488 496 1527 libri.
544 1489 731 1539 Pighius.
787 1488 955 1538 Frigore
982 1480 1267 1540 complicatum]

378 1549 555 1590 Utinam
575 1563 746 1590 manum
763 1550 1045 1591 abstinuisset
1069 1551 1140 1591 hic
1165 1551 1265 1603 Pig-

375 1612 494 1662 hius;
523 1613 842 1664 elegantissima
874 1617 919 1652 et
943 1613 1184 1653 acutissima
1201 1613 1262 1652 lo-

377 1676 497 1716 cutio
530 1688 614 1716 non
649 1677 864 1728 periisset.
915 1676 1034 1716 Editi
1071 1676 1262 1716 nonnulli

376 1739 508 1790 typis,
542 1747 589 1779 et
620 1740 799 1779 eximius
832 1740 905 1779 ille
937 1739 1133 1780 Danielis
1160 1740 1261 1792 jure

377 1799 610 1840 adserunt:
657 1813 795 1852 corpus
822 1800 984 1852 frigore
1011 1802 1260 1854 duplicatum.

376 1863 544 1915 Corpus
591 1863 753 1915 frigore
800 1863 1068 1916 duplicatum
1104 1865 1257 1905 militis

374 1931 502 1967 vocat
520 1927 641 1967 senio
668 1925 870 1968 confecti.
926 1927 1041 1967 Nam
1059 1933 1258 1968 senectus

372 2002 451 2040 per
467 2002 512 2030 se
527 1989 688 2042 frigida
704 1995 771 2030 est
790 2003 801 2029 ε
829 1989 1076 2041 duplicatur
1088 1989 1259 2042 frigore,

372 2053 612 2094 accedente
648 2058 830 2093 externo
867 2053 940 2092 illo
986 2059 1033 2093 et
1073 2052 1260 2093 hiemali.

375 2117 504 2156 Coler-

424 2181 542 2231 Apud
560 2181 700 2220 Persas
711 2180 876 2231 capitale
890 2177 1108 2229 extitisset]
1125 2177 1255 2231 Apud

370 2242 529 2282 Persas
550 2244 620 2282 lex
640 2248 732 2293 est:
779 2243 824 2283 Si
844 2243 936 2295 quis
955 2242 997 2281 in
1013 2242 1117 2281 solio
1135 2243 1254 2294 regio

368 2305 631 2357 consederit,
659 2305 819 2359 capital
851 2309 959 2345 esto.
1016 2304 1254 2344 Frontinus

369 2369 478 2409 libro
499 2382 563 2411 ιν.

428 2433 625 2474 Violentia
643 2433 786 2485 morbi]
819 2434 926 2473 Cum
942 2433 1118 2474 tandem
1139 2432 1254 2473 victo

366 2496 514 2547 Dario,
533 2497 792 2550 domitisque
812 2497 999 2548 Parthis,
1017 2495 1254 2536 consuluis-

365 2566 432 2599 set
455 2558 690 2611 Aruspices
705 2561 760 2602 de
774 2573 947 2601 suarum
960 2571 1103 2600 rerum
1122 2572 1253 2599 even-

367 2627 433 2671 tu,
470 2623 802 2674 responderunt,
839 2629 888 2663 ut
923 2623 1251 2676 diligentissime

365 2683 631 2736 Babylonem
667 2686 840 2727 vitaret.
911 2686 1010 2737 Ille,
1045 2699 1140 2726 cum
1177 2687 1252 2726 ali-

367 2747 571 2799 quamdiu
589 2760 635 2788 se
653 2749 706 2789 ab
727 2760 779 2789 ea
811 2749 988 2801 regione
1022 2748 1250 2789 abstinuis-

366 2817 449 2861 set,
486 2812 659 2852 tandem
697 2813 968 2864 rapientibus
1013 2812 1115 2854 fatis
1153 2814 1249 2865 ejus

364 2873 481 2914 urbis
496 2876 605 2915 miro
624 2875 838 2916 desiderio
849 2882 1001 2928 captus
1022 2881 1104 2928 est,
1119 2882 1180 2927 et,
1201 2881 1249 2916 ut

365 2941 432 2976 est
451 2948 584 2988 genus
603 2939 833 2978 humanum
846 2939 887 2978 in
902 2938 1039 2979 vetita
1051 2950 1250 2990 pronum,

363 2999 634 3051 Babylonem
670 3001 735 3041 ire
778 3002 927 3052 voluit,
964 3013 1048 3054 quo
1083 3000 1248 3042 factum

364 3067 444 3112 est,
464 3068 513 3103 ut
532 3063 684 3115 paucis
705 3068 803 3116 post
831 3064 984 3104 diebus
1005 3064 1250 3105 Cassander

363 3127 532 3166 venerit
550 3126 702 3167 missus
722 3140 747 3167 a
775 3132 898 3179 patre
934 3126 1180 3179 Antipatro,
1199 3131 1250 3166 ut

364 3184 657 3230 Alexandrum
679 3203 842 3231 veneno
860 3196 1054 3241 necaret,
1085 3197 1130 3231 et
1150 3202 1246 3230 cum

361 3250 596 3303 Antipater
631 3253 676 3292 in
712 3253 973 3293 Macedonia
1018 3253 1246 3304 plurimum

361 3314 640 3367 auctoritate,
670 3319 718 3356 et
751 3315 906 3368 opibus
935 3316 1115 3366 valeret,
1149 3328 1246 3355 eum

362 3375 546 3428 benigne
559 3378 764 3430 suscepit,
772 3378 1108 3430 pincernamqne
1124 3390 1245 3418 suum

362 3438 567 3489 instituit,
607 3438 811 3480 videlicet
861 3440 933 3492 qui
969 3439 1051 3479 sibi
1090 3441 1246 3491 pocula

359 3503 627 3555 propinaret.
682 3503 769 3545 Hic
787 3504 931 3557 igitur,
951 3510 1000 3545 nt
1016 3505 1141 3545 multi
1161 3510 1243 3546 tra-

988 298 1165 337 NOTAE
1206 297 1483 338 VARIORU
1496 301 1537 341 M
1582 302 1646 340 IN

1339 415 1459 468 dunt,
1473 424 1730 459 venenatum
1746 421 1944 472 poculum
1958 421 2077 462 dedit
2093 422 2220 464 Alex-

1340 480 1499 519 andro:
1529 489 1739 521 venenum
1760 487 1904 522 autem
1918 482 2049 523 fuisse
2069 483 2219 526 dicunt

1335 540 1652 593 frigidissimam
1690 558 1844 598 aquam
1881 546 1936 586 de
1970 548 2217 589 Nonacride

1338 605 1510 655 regione
1543 612 1773 658 sumptam,
1791 621 1887 660 quae
1922 610 2125 660 guttatim
2159 610 2217 651 de

1336 673 1461 717 petra
1479 668 1630 718 stillat,
1663 681 1759 722 quae
1790 670 1961 722 quidem
1992 684 2104 724 aqua
2131 663 2224 712 non>

1334 730 1413 768 nisi
1430 730 1472 768 in
1494 732 1663 781 ungulis
1697 731 1854 773 deferri
1873 738 2034 783 potest.
2089 734 2216 775 Hanc

1334 805 1430 832 cum
1452 794 1662 834 hausisset
1690 793 1952 846 Alexander,
1973 795 2114 836 subito
2143 797 2219 837 do·

1332 854 1423 894 lore
1459 854 1659 906 perfusus
1691 861 1775 896 est.
1830 856 1987 908 Itaque
2019 857 2128 898 abiit
2171 859 2215 898 in

1334 917 1594 969 cubiculum,
1615 924 1659 958 et
1690 919 1940 959 universnm
1973 920 2214 961 exereitum

1334 978 1389 1018 ad
1408 991 1453 1019 se
1483 980 1614 1031 jussit
1643 980 1792 1032 acciri,
1824 985 1870 1021 et
1903 980 2082 1033 singulis
2110 981 2214 1022 dex-

1333 1046 1443 1081 tram
1477 1042 1686 1095 porrexit.
1742 1043 1870 1086 Qnod
1889 1055 1974 1084 non
1993 1044 2214 1085 mediocre

1329 1104 1603 1146 humanitatis
1619 1106 1838 1158 specimen
1852 1105 1955 1148 fuit:
1978 1113 2132 1160 postea
2146 1120 2217 1149 ve·

1331 1179 1378 1208 ro
1397 1175 1589 1210 mortuus
1611 1175 1694 1210 est.
1725 1170 1876 1210 Oliver.

1387 1231 1489 1276 Quis
1504 1237 1635 1273 autem
1646 1233 1756 1272 illam
1767 1233 1933 1272 osculari
1944 1245 2022 1273 non
2036 1234 2212 1286 curaret]

1330 1294 1517 1334 Veteres
1534 1295 1652 1346 libri,
1681 1308 1757 1335 noa
1784 1298 1975 1346 curreret,
2008 1295 2123 1348 qnod
2145 1297 2215 1336 ha-

1327 1356 1404 1397 bet
1423 1358 1631 1409 majorem
1653 1358 1905 1410 emphasim.
1936 1358 2058 1408 Pigra.

1382 1419 1560 1475 Spiritu]
1599 1420 1714 1463 Quia
1744 1420 1919 1472 spiritus
1956 1420 2213 1473 perexiguus

1327 1489 1437 1534 erat,
1455 1484 1695 1524 humanitas
1717 1494 1818 1524 vero
1837 1495 2007 1535 magna.

1382 1547 1449 1598 §2
1469 1540 1564 1587 Non
1591 1551 1673 1587 tam
1704 1545 1854 1586 robusti
1869 1545 2046 1597 generis]
2093 1543 2211 1586 Ado-

1325 1609 1490 1650 lescens
1510 1609 1682 1663 quidam
1701 1608 1922 1650 Pisistrati
1940 1607 2039 1654 filiae
2066 1619 2212 1649 amore

1325 1681 1565 1727 correptus,
1601 1687 1694 1714 eam
1725 1674 1770 1714 in
1797 1673 1970 1726 publico
1989 1672 2209 1714 osculatus

1324 1742 1407 1787 est,
1429 1737 1527 1777 dum
1556 1736 1641 1778 iret
1674 1741 1894 1790 aquatum.
1948 1732 2210 1776 Plutarchus

1324 1801 1436 1839 enim
1457 1800 1581 1851 dicit,
1601 1800 1846 1852 principum
1865 1799 1974 1840 filias
2005 1795 2210 1852 aquatum

1321 1865 1387 1905 ire
1408 1865 1570 1906 solitas.
1603 1866 1754 1905 Oliver.

1378 1926 1602 1978 Osculatus]
1649 1925 1946 1967 certissimum
1975 1925 2058 1967 hoc
2087 1925 2209 1966 habi-

1321 1995 1412 2029 tum
1431 1989 1712 2042 impudicitiae
1734 1989 1901 2041 signnm
1929 1987 2043 2041 apud
2064 1987 2209 2029 calidi-

1320 2064 1416 2092 ores
1447 2058 1614 2104 gentes.
1669 2052 1812 2092 Etiam
1841 2062 1898 2091 ex
1924 2050 2072 2091 osculo
2091 2049 2208 2102 apud

1321 2115 1631 2168 Neapolitanos
1661 2113 1864 2154 adulterii
1891 2118 2143 2154 accusatum
2164 2118 2208 2153 et

1319 2177 1565 2218 damnatum
1599 2178 1786 2230 aliquem
1817 2176 1953 2218 tradit
1976 2176 2128 2217 Vivius
2160 2176 2206 2216 in

1318 2240 1469 2282 Decis.
1572 2276 1578 2282 .

1372 2305 1443 2343 Ex
1472 2316 1537 2344 ore
1568 2303 1751 2356 tyranni]
1797 2302 1849 2343 In
1884 2302 2012 2343 simili
2044 2302 2205 2355 injuria

1317 2365 1514 2417 ejusdem
1545 2366 1655 2405 mira
1686 2364 1953 2404 humanitate
1983 2364 2205 2405 conditum

1317 2443 1568 2483 responsum
1600 2431 1700 2482 lege
1733 2428 1850 2482 apud
1883 2428 2092 2470 Senecam
2123 2428 2203 2469 lib.

1317 2504 1392 2534 111.
1411 2493 1466 2533 de
1486 2494 1550 2533 ira
1568 2506 1664 2545 cap.
1681 2495 1722 2532 2.
1767 2492 1869 2532 Non
1899 2492 2012 2532 enim
2031 2491 2204 2532 videtur

1314 2556 1430 2596 idem
1448 2556 1692 2607 exemplum
1712 2555 1766 2594 de
1783 2554 2037 2607 Thrasippo.
2069 2555 2204 2595 Celer.

1367 2617 1476 2662 Male
1493 2621 1652 2672 audire]
1678 2620 1930 2673 Objurgari.

1368 2688 1391 2739 ᾧ
1412 2691 1435 2727 3
1466 2686 1641 2740 Pyrrhi]
1661 2687 1870 2739 Pyrrhus,
1889 2685 2055 2726 accitus
2071 2698 2096 2725 a
2113 2685 2199 2726 Ta·

1312 2750 1492 2791 rentinis
1524 2750 1730 2790 adversus
1763 2750 1992 2801 Romanos,
2037 2760 2133 2789 cum
2155 2749 2198 2789 in

1313 2814 1466 2854 castris
1485 2821 1614 2864 esset,
1628 2815 1709 2854 hoc
1725 2812 1930 2866 'contigit-

1364 2878 1427 2918 Ab
1464 2880 1594 2919 eadem
1626 2877 1855 2929 altitudine]
1898 2877 1970 2916 De
2007 2876 2199 2929 ejusdem

1313 2940 1469 2993 Pyrrhi
1497 2941 1763 2982 humanitate
1795 2940 2001 2994 loquitur,
2034 2941 2124 2992 qui,
2151 2946 2201 2981 nt

1311 3015 1443 3055 supra
1467 3003 1573 3055 dixi,
1604 3015 1700 3043 cum
1734 3004 1878 3043 multis
1905 3002 2094 3043 millibus
2123 3003 2199 3044 ho·-

1310 3066 1467 3106 minum
1486 3067 1529 3106 in
1550 3066 1751 3106 auxilium
1767 3065 2105 3106 Tarentinorum
2125 3077 2197 3105 ve-

1310 3129 1459 3180 nisset,
1488 3135 1535 3170 et
1555 3129 1717 3169 bellum
1743 3134 1916 3169 strenue
1937 3127 2196 3179 fortiterque

1310 3193 1532 3242 gessisset,
1564 3192 1783 3244 ingentem
1814 3190 2083 3243 captivorum
2116 3201 2196 3228 nu-

1309 3265 1470 3294 merum
1488 3255 1633 3294 multis
1647 3253 1838 3295 cladibus
1854 3252 1986 3293 illatis
2001 3257 2196 3304 ceperat,

1309 3317 1363 3357 ad
1397 3329 1503 3370 quos
1540 3317 1813 3357 redimendos
1867 3327 1964 3356 curn
2009 3315 2195 3355 Romani

1306 3379 1472 3431 legatos
1516 3379 1743 3424 misissent,
1786 3378 1868 3418 hac
1923 3377 2192 3417 humanitate

1308 3456 1407 3483 usus
1427 3449 1495 3484 est
1514 3443 1555 3483 in
1575 3442 1810 3495 legatione,
1827 3447 1877 3481 ut
1902 3441 1986 3480 illis
2020 3440 2190 3480 obviam

1305 3506 1558 3546 honoratum
1587 3506 1722 3547 virum
1756 3505 1924 3545 honoris
1951 3503 2094 3557 gratia
2111 3502 2189 3543 mi».
