2332 4036
400 284 507 338 930

400 416 518 455 dicat
534 415 574 454 in
590 413 674 454 fine
688 414 808 466 liujus
824 415 1025 466 exempli,
1038 415 1159 465 cujus
1177 427 1278 456 casu

399 485 541 519 motus
578 479 778 529 Senatus,
813 480 981 530 tegulas
1018 479 1178 518 Locros
1211 491 1275 519 re-

399 541 633 594 portandas
669 541 848 592 curavit,
883 541 1063 579 innuere
1093 541 1276 592 videtur,

398 606 548 646 Locris
567 604 701 644 fuisse
725 605 926 655 templum
947 602 1075 643 istud.
1129 603 1190 643 At
1206 605 1275 644 Li-

400 669 492 708 vius
512 668 711 708 Crotonae
730 665 856 705 fuisse
875 665 1079 716 ostendit,
1107 678 1202 706 cum
1230 667 1273 706 in

399 733 689 784 descriptione
721 731 835 771 illius
868 731 983 771 urbis
1017 731 1160 772 dicat:
1190 731 1273 771 ‘In

398 796 505 835 urbe
525 795 664 835 nobile
684 795 889 846 templum
920 795 1014 846 ipsa
1049 796 1151 835 urbe
1181 801 1274 835 erat

398 857 583 897 nobilius
614 857 801 898 Laciniae
839 858 1038 907 Junonis‚
1080 862 1273 898 sanctum

397 920 592 960 omnibus
620 920 734 960 circa
753 920 949 971 populis!
1004 922 1062 960 Et
1090 921 1271 962 iterum:

395 983 407 1004 ‘
422 981 673 1033 Templum,’
687 983 842 1034 inquit,
861 983 1096 1035 ‘inclytum
1112 984 1274 1023 divitiis

399 1045 543 1096 etiam,
575 1057 659 1084 non
699 1050 865 1085 tantum
899 1046 1161 1086 sanctitate!
1214 1046 1275 1087 At

398 1108 550 1147 Strabo
572 1108 646 1149 lib.
670 1120 733 1147 v1.
755 1113 854 1160 post
873 1108 980 1148 fines
1002 1109 1273 1149 Crotoniatas

395 1182 489 1210 esse
509 1172 616 1210 vult.
643 1172 655 1192 ‘
674 1172 781 1211 Post
799 1172 1098 1223 Scyllaceum,’
1125 1173 1274 1225 inquit,

394 1235 406 1255 ‘
425 1229 769 1272 Cro'toniatarum
801 1233 906 1273 fines
936 1239 1047 1282 sunt,
1081 1240 1126 1273 et
1147 1235 1275 1285 Iapy-

395 1305 492 1346 gum
514 1300 635 1334 terna
669 1297 976 1347 promontoria,
1007 1297 1162 1336 deinde
1194 1298 1274 1336 La-

396 1358 520 1398 ciniae
564 1359 745 1400 Junonis
791 1360 998 1410 templum
1053 1359 1274 1410 superiore

396 1427 527 1461 aetate
545 1422 942 1473 locupletissimum,
961 1421 1166 1473 donisque
1189 1420 1274 1460 fre-

395 1485 680 1536 quentissimis
741 1482 942 1535 plenum!
1022 1484 1273 1523 Theocritus

394 1559 497 1586 vero
525 1547 569 1585 in
586 1547 759 1597 Eclogis
793 1551 917 1597 parte
948 1546 1145 1585 orientali
1175 1558 1273 1597 pro-

392 1610 595 1662 pinquam
631 1609 862 1649 Crotonem
908 1620 1002 1647 esse
1047 1608 1274 1660 significat.

395 1673 573 1712 Constat
605 1678 747 1712 tamen
787 1671 1119 1722 promontorium
1151 1672 1271 1711 Laci-

392 1736 508 1775 nium
524 1737 566 1775 in
584 1735 756 1788 regione
771 1735 975 1775 Locrensi
995 1732 1142 1784 fuisse,
1158 1740 1270 1774 teste

394 1799 510 1839 Plin.
533 1800 635 1839 Nat.
666 1798 782 1838 Hist.
814 1798 888 1838 lib.
909 1810 979 1837 111.
999 1797 1041 1836 in
1062 1799 1269 1851 Descrip-

395 1861 511 1900 tione
530 1863 778 1902 Locrorum.
811 1862 960 1901 Oliver.

979 297 1156 335 NOTAE

448 1926 500 1965 In
520 1927 639 1964 cedem
669 1924 875 1976 Fortunoe]
907 1925 1128 1976 Templum
1157 1926 1267 1965 Deae

393 1988 614 2038 Fortunae,
633 2000 727 2040 quae
749 1987 938 2028 insidens
960 2001 1068 2040 equo
1087 1987 1268 2028 fabrica-

392 2054 438 2088 ta
457 2049 600 2090 fuerat
620 2055 664 2090 et
680 2055 839 2090 erecta.
873 2051 1022 2090 Oli-ver.

450 2116 634 2155 Fortunae
666 2116 889 2168 Equestris]
934 2118 1040 2157 Erat
1077 2121 1122 2157 et
1163 2121 1270 2157 tem-

397 2180 515 2230 plum
536 2181 738 2220 Fortunae
755 2181 959 2220 Plebeiae.

447 2243 497 2281 In
518 2242 697 2295 Illyrico]
728 2243 944 2295 Illyricum
969 2243 1174 2283 latissime
1195 2256 1270 2294 pa·

394 2308 490 2343 tens
512 2306 695 2356 Europae
717 2306 850 2356 regio,
879 2306 952 2344 sed
972 2306 1135 2344 Plinius
1156 2306 1271 2346 inter

391 2365 575 2406 Arsiam.
596 2374 640 2406 et
670 2367 830 2407 Titium
867 2366 1040 2407 flumina
1077 2380 1270 2420 compre-

389 2429 553 2469 hendit.
575 2430 654 2469 Cui
669 2431 899 2482 respondet
914 2430 1040 2470 hodie.
1057 2431 1271 2471 Slavonia.

446 2491 495 2530 In
524 2492 700 2543 Illyrico]
741 2493 794 2532 In
835 2493 964 2542 bello,
993 2493 1101 2543 quod
1141 2494 1273 2543 gessit

393 2565 493 2604 pop.
531 2553 658 2594 Rom.
698 2555 900 2594 adversus
932 2554 1097 2594 Persen
1125 2555 1271 2594 Mace-

392 2617 530 2656 doniae
551 2628 695 2668 regem
717 2624 761 2657 et
781 2618 992 2669 Illyricos.

449 2680 613 2729 Teguzas
640 2680 783 2720 Locros
816 2681 1070 2730 reportandas
1099 2679 1270 2730 curavit]

392 2741 620 2781 Pulmanni
663 2743 808 2782 Codex
840 2742 993 2782 habet:
1025 2743 1103 2781 loco
1138 2755 1271 2794 repor-

392 2806 559 2851 tandas;
586 2803 777 2844 fortassis
806 2805 1061 2856 legendum:
1089 2805 1193 2845 illico
1210 2818 1270 2844 re-

387 2868 614 2916 portandas.
669 2869 823 2919 Neque
854 2868 964 2907 enim
995 2879 1148 2907 nomen
1185 2868 1269 2907 loci

390 2930 536 2969 Livius
557 2930 651 2982 ipse
681 2931 898 2981 exprimit,
922 2942 975 2969 ex
997 2941 1079 2981 quo
1099 2929 1269 2969 videtur

390 2992 587 3031 Valerius
602 2991 886 3044 desumpsisse
899 2993 1005 3031 hanc
1018 2991 1268 3030 Historiam.

395 3054 453 3093 Et
473 3065 573 3093 sane
593 3060 760 3094 constat
782 3054 965 3094 Laciniae
985 3053 1168 3093 Junonis
1198 3065 1267 3093 ce-

391 3116 661 3162 leberrimum
692 3118 795 3156 illud
832 3117 1054 3168 templum,
1086 3128 1169 3154 non
1195 3116 1269 3155 Lo-

391 3179 475 3218 cris
495 3177 643 3229 fuisse,
663 3179 735 3219 sed
755 3179 808 3220 ad
830 3180 1076 3228 Crotonem,
1091 3178 1160 3216 vix
1177 3190 1268 3228 pas-

391 3253 511 3281 suum
544 3242 711 3281 milibus
743 3253 817 3281 sex
854 3241 908 3280 ab
947 3239 1052 3280 urbe
1089 3239 1270 3290 distans,

391 3305 501 3356 quod
549 3305 685 3355 ipsum
735 3303 1017 3355 pulcherrime
1062 3301 1268 3341 describit

390 3365 502 3406 idem
532 3366 676 3406 Livius
706 3365 778 3405 lib.
802 3375 971 3405 xxxiv.
1028 3364 1267 3403 Meminere

391 3430 544 3470 Strabo
575 3429 647 3469 lib.
683 3441 745 3471 vt.
772 3429 974 3482 Virgilius
1009 3427 1175 3469 AEneid.
1198 3439 1267 3469 ιιι.

394 3505 443 3532 ac
473 3494 797 3533 Commentator
826 3491 1013 3542 sex-vius,
1041 3491 1143 3531 item
1174 3491 1264 3531 Ste-

1201 298 1529 339 VARloRtJM
1572 299 1641 339 IN

1339 417 1501 468 phanus
1521 418 1573 458 de
1593 418 1797 469 Urbibus,
1814 424 1859 461 et
1878 420 1962 462 alii.
1991 418 2177 472 Pighius.
2195 418 2205 423 ’

1395 481 1554 531 Locros]
1570 482 1695 522 Locri
1711 483 1810 523 urbs
1828 488 1894 523 est
1912 496 2074 536 magnae
2091 485 2213 526 Grae-

1337 542 1431 582 ciae.
1488 544 1645 594 Populi
1674 551 1815 585 autem
1836 553 2044 586 vocantur
2062 547 2213 598 Epize-

1337 605 1491 656 phyrii,
1505 618 1528 644 a
1543 606 1757 659 Zephyrio
1771 610 2079 658 promontorio.
2093 609 2211 650 Quos

1336 668 1506 707 colonos
1537 666 1668 709 fuisse
1699 670 1931 710 Locrorum
1961 670 2003 709 in
2041 671 2214 711 Graecia

1335 736 1519 770 constat.
1575 731 1710 771 Erant
1729 732 1840 772 enim
1869 733 1912 772 in
1943 732 2116 774 Graecia
2134 734 2214 773 Lo·

1336 794 1411 843 cri,
1431 794 1599 845 Ozolae,
1620 794 1921 846 Epicnemidii,
1949 800 1992 834 et
2013 795 2213 846 Opuntii.

1335 854 1405 895 Ab
1427 856 1628 907 Opuntiis
1654 857 1782 908 juxta
1812 857 2038 908 Virgilium
2058 858 2212 909 Epize-

1335 919 1475 970 phyrii
1514 921 1720 971 originem
1760 925 1947 960 traxere.
2019 920 2214 960 Naricios

1335 981 1447 1021 enim
1468 982 1702 1034 appellavit
1721 982 1795 1022 illo
1825 994 1975 1022 versu:
2007 981 2021 1004 ‘
2037 982 2149 1022 Heic
2167 987 2213 1022 et

1335 1043 1500 1083 Naricii
1558 1050 1794 1096 posuerunt
1847 1044 2004 1084 moenia
2053 1044 2213 1086 Locri)

1336 1106 1378 1145 N
1383 1107 1475 1145 arix
1495 1112 1638 1147 autem
1651 1107 1752 1147 urbs
1772 1107 2076 1159 Opuntiorum.
2095 1107 2214 1159 Tkys.

1391 1170 1634 1221 Decretique
1653 1169 2036 1221 circumspectissima
2046 1170 2213 1210 sanctio-

1334 1232 1401 1283 ne]
1435 1234 1594 1284 Vulgo,
1629 1234 1853 1273 sanctitate.
1884 1233 2112 1284 Campens.
2139 1245 2213 1274 ex-

1335 1297 1462 1347 empl.
1478 1297 1720 1345 sanctissima
1743 1296 2100 1347 circumspectione.-
2131 1308 2213 1337 nec

1336 1359 1507 1409 quidem
1539 1360 1643 1399 satis
1674 1365 1790 1410 apte.
1845 1359 1943 1399 Hoc
1979 1363 2122 1399 tamen
2159 1371 2212 1399 ea

1337 1421 1572 1460 variatione
1608 1421 1838 1473 colligitur,
1874 1422 2060 1473 priorem
2095 1422 2212 1462 illam

1336 1483 1567 1522 lectionem
1589 1483 1801 1535 puriorem
1824 1481 1935 1534 fore,
1951 1484 1986 1523 si
2007 1496 2087 1536 pro
2102 1496 2212 1524 sanc-

1334 1546 1467 1598 titate,
1483 1547 1833 1597 sanctionelegas.
1885 1547 2075 1587 Decreta
2099 1547 2212 1588 enim

1337 1621 1386 1648 ac
1404 1610 1522 1661 leges
1555 1610 1844 1649 sanctionibus
1874 1608 2122 1661 quibusdam
2141 1609 2214 1648 fir-

1335 1674 1442 1711 mari
1463 1685 1513 1712 ac
1533 1672 1686 1711 muniri
1709 1673 1875 1721 solent3
1906 1683 1964 1712 sc.
1985 1673 2052 1711 vel
2071 1684 2209 1722 poenae

1335 1734 1515 1786 alicujus
1545 1734 1803 1786 adjectione,
1835 1735 1904 1774 vel
1937 1734 2211 1775 adversarum

1333 1797 1507 1837 aliarum
1529 1796 1670 1848 legum
1689 1809 1891 1848 expressa
1919 1797 2212 1849 derogatione.

1334 1860 1468 1911 Cujus
1488 1859 1816 1911 pulcherrimum
1833 1860 2071 1910 exemplum
2089 1865 2212 1901 extat

1337 1922 1483 1962 Romae
1515 1922 1558 1961 in
1591 1933 1710 1961 aenea
1741 1921 2043 1961 Lateranensis
2062 1922 2211 1963 Eccle-

1335 1984 1408 2024 siae
1429 1984 1588 2024 tabula.
1608 1984 1793 2034 Pighius.

1388 2047 1600 2099 Retexuit]
1613 2047 1799 2086 Delevit.
1813 2045 2056 2086 Translatio
2067 2058 2209 2098 sump-

1335 2117 1380 2152 ta
1400 2123 1425 2152 a
1446 2111 1685 2151 textoribus
1704 2123 1716 2160 3
1744 2122 1841 2149 nam
1861 2110 1934 2162 qui
1951 2114 2104 2150 texunt
2120 2108 2208 2158 fila,

1334 2174 1377 2213 in
1395 2174 1584 2214 ordinem
1614 2173 1828 2223 redigunt,
1858 2172 2049 2224 quivero
2068 2176 2211 2212 retex-v

1334 2242 1411 2276 unt
1429 2249 1553 2288 opus,
1580 2236 1622 2275 in
1660 2235 1849 2274 ordinem
1881 2234 2101 2275 redactum
2134 2235 2210 2274 de-

1333 2300 1437 2339 lent.
1494 2301 1610 2351 Ergo
1647 2297 1850 2349 retexuit,
1887 2297 2063 2350 delevit,
2093 2301 2139 2338 et
2167 2309 2208 2338 e·-

1332 2363 1566 2403 mendavit.
1598 2362 1704 2404 Oliv.

1388 2427 1410 2477 ξ
1429 2429 1479 2465 21
1509 2424 1698 2464 Pleminii
1716 2422 1857 2474 legati]
1876 2422 2132 2464 Pleminium
2148 2424 2208 2463 le-

1333 2494 1478 2538 gatum
1514 2488 1658 2540 Scipio
1692 2487 1841 2526 Locris
1875 2499 1970 2526 cum
2006 2486 2210 2538 praesidio

1334 2561 1436 2600 pop.
1474 2551 1594 2588 Rom.
1640 2548 1927 2600 praefecerat:
1973 2549 2010 2588 is
2047 2555 2209 2599 praeter

1333 2612 1466 2656 melta
1497 2609 1705 2660 facinora,
1741 2622 1835 2662 quae
1867 2608 1984 2649 foeda
2012 2610 2133 2649 nimis
2162 2616 2209 2650 et

1332 2673 1504 2725 indigna
1526 2674 1568 2712 in
1590 2675 1825 2713 Locrenses
1857 2672 2068 2724 ediderat,
2102 2679 2210 2713 tem-

1334 2737 1447 2787 plum
1485 2747 1651 2788 quoque
1685 2736 1971 2787 Proserpinae,
2006 2737 2119 2788 quod
2148 2737 2208 2777 ibi

1333 2799 1639 2839 nobilissimum
1676 2805 1723 2838 et
1752 2799 2114 2850 opulentissimum
2143 2799 2208 2840 fu-

1333 2869 1442 2913 erat,
1460 2862 1590 2901 nimia
1608 2861 1788 2900 avaritia
1819 2866 1971 2910 tactus,
1999 2861 2206 2914 diripuit;

1331 2939 1427 2966 nam
1459 2927 1518 2966 ibi
1553 2920 1796 2967 thesaurum
1828 2928 2049 2979 ingentem
2082 2939 2206 2978 repo-

1329 2996 1503 3029 suerunt
1539 2990 1793 3041 Locrenses,
1830 3001 1955 3041 quem
1986 3000 2040 3028 ex
2070 2988 2206 3041 ipsius

1331 3052 1605 3105 Proserpinae
1642 3053 1740 3092 luco
1776 3050 2065 3103 confecerant,
2109 3063 2206 3090 cum

1330 3115 1486 3155 ibidem
1505 3115 1646 3166 magni
1665 3120 1711 3154 et
1728 3115 2205 3167 quotidianiproventus

1331 3185 1672 3230 reportarentur.
1730 3179 1872 3220 Quare
1906 3179 2074 3230 legatus
2113 3179 2204 3218 the-

1331 3241 1445 3281 sauri
1481 3241 1716 3292 cupiditate
1764 3246 1932 3292 captus,
1975 3241 2202 3292 pecuniam

1331 3304 1559 3354 surripuit;
1591 3302 1701 3354 quod
1724 3303 1793 3343 ubi
1814 3303 1986 3343 rescivit
2005 3304 2205 3354 Senatus,

1330 3366 1518 3417 legatum
1539 3366 1714 3405 Romam
1737 3367 1923 3405 vinctum
1943 3357 2098 3405 deduci
2112 3365 2204 3416 jus«

1330 3429 1400 3468 sit.
1440 3427 1622 3478 Cognita
1641 3427 1795 3467 deinde
1814 3440 1963 3478 causa,
1973 3427 2045 3467 ubi
2060 3429 2200 3478 culpae

1332 3490 1500 3531 affinem
1529 3502 1621 3530 esse
1657 3491 1885 3542 intellexit,
1913 3490 1956 3530 in
1984 3501 2199 3531 carcerem
