2320 4004
541 316 798 360 vAme
848 317 1091 358 maxim
1141 317 1256 356 mn.
1290 317 1369 356 ιν.
1411 302 1622 355 (uvat,

227 442 415 493 Ejusdem
445 438 612 479 nominis
648 442 687 478 et
717 437 938 489 sanguinis]
966 436 1054 476 Hic

174 503 366 555 Marcus,
393 503 447 543 de
473 514 556 554 quo
583 501 767 541 diximus
798 501 840 539 in
862 499 1054 551 capitulo

172 567 226 607 de
247 566 485 618 Religione‚
523 563 598 605 ubi
630 569 834 604 annotata
863 570 928 603 est
959 563 1053 615 ejus

169 629 364 670 historia.

225 691 421 744 Pupinia]
452 691 566 732 Vide
586 703 731 743 supra.

227 755 340 795 Uxor
375 760 414 795 et
447 755 580 807 liberi]
621 756 801 808 Scripsit
821 755 968 802 etiam,
1004 759 1054 794 ut

126 834 130 836 ’
170 818 320 858 Livius
341 817 491 868 tradit,
523 830 609 857 non
626 817 789 857 habere
810 818 925 858 unde
943 817 1054 857 filias

171 881 214 921 in
235 880 553 921 matrimonium
573 881 823 931 collocaret,
841 892 926 932 qua
944 880 987 919 in
1007 892 1054 920 re

170 956 256 985 non
273 945 411 985 minus
431 944 696 996 deprehendi
715 949 872 996 potest,
893 950 1057 996 quanta

169 1006 303 1047 fuerit
348 1008 392 1047 in
439 1014 696 1059 paupertate
742 1007 1052 1059 deprehensus.

113 1094 130 1104 ..
175 1070 384 1122 Oliverius.

184 1157 187 1159 Δ
225 1134 384 1174 Redime
399 1134 570 1186 publice]
613 1133 664 1174 Id
685 1139 768 1185 est,
789 1134 963 1187 publica
979 1135 1056 1174 im-

175 1208 326 1249 pensa.

225 1262 249 1312 §
279 1264 304 1301 ⁷
332 1261 461 1313 AEque
489 1273 648 1312 magna,
688 1261 775 1313 mn]
820 1261 959 1314 Hujus
980 1262 1057 1301 viri

172 1323 303 1364 vitam
324 1328 370 1364 et
381 1325 603 1365 historiam
624 1325 667 1364 in
689 1337 785 1376 cap.
816 1325 872 1365 de
906 1325 1058 1365 Mode-

171 1388 337 1428 ratione
359 1387 591 1439 attigimus,
629 1387 698 1428 Ad
715 1389 841 1440 hujus
861 1389 1059 1429 lectionis

116 1465 122 1473 ²
172 1450 485 1502 expositionem
517 1451 622 1490 illud
658 1464 742 1491 nou
776 1459 843 1491 est
877 1459 1059 1503 praeter-

172 1514 446 1564 mittendum,
477 1515 700 1555 Caesonem
728 1516 852 1567 hujus
886 1516 1059 1555 Cincin-

172 1577 262 1617 nati
282 1576 416 1616 filium
438 1577 760 1618 adolescentem
795 1579 936 1631 magni
967 1581 1057 1618 ani-

173 1638 388 1690 mifuisse,
405 1646 449 1680 et
461 1641 502 1680 in
519 1654 602 1693 quo
618 1643 875 1694 praeclarum
891 1642 1061 1683 virtutis

174 1703 393 1755 specimen
409 1710 656 1755 appareret,
670 1705 750 1744 nisi
767 1706 926 1745 invidia
944 1707 1061 1758 vulgi

174 1766 215 1806 ei
234 1778 493 1820 magnopere
512 1767 772 1819 obstitisset,
792 1781 817 1808 a
838 1781 923 1821 quo
945 1769 1062 1809 dam-

171 1836 316 1881 natus,
355 1837 540 1882 patrem,
575 1833 646 1884 qui
668 1838 716 1872 ut
737 1829 1060 1873 solvendoeum

172 1894 396 1946 liberaret,
433 1906 500 1933 res
531 1907 628 1934 suas
650 1907 797 1936 omnes
816 1895 951 1936 ferme
973 1897 1061 1936 dis-

174 1963 386 2010 traxerat,
414 1958 466 1998 ad
484 1970 578 1999 eam
599 1958 786 2011 inopiam
810 1960 995 2012 redegit,
1014 1967 1064 2000 ut

175 2023 328 2063 relicta
361 2023 468 2063 urbe
496 2029 615 2062 trans
642 2023 844 2074 Tyberim
878 2024 1063 2064 ruralem

175 2085 310 2125 vitam
328 2098 457 2138 agere
476 2087 760 2138 compulerit:
791 2100 887 2127 nam
909 2101 1064 2141 magna

176 2154 272 2189 erat
289 2149 404 2189 inter
422 2149 691 2190 nobilitatem
706 2151 958 2203 plebemque
979 2151 1062 2191 dis-

177 2212 317 2251 sensio
366 2212 421 2252 ob
466 2213 604 2264 legem
648 2213 897 2264 Agr-ariam,
938 2227 1063 2266 quam

175 2275 304 2314 loetus
321 2275 564 2326 accipiebat
584 2277 782 2328 populuS.
840 2276 938 2316 Hac
966 2278 1063 2328 lege

177 2337 385 2376 sancitum
402 2345 514 2387 erat,
533 2343 582 2377 ut
595 2338 754 2377 viritim
768 2338 1064 2380 dividerentur

178 2399 284 2451 agri,
303 2399 376 2452 qui
395 2399 510 2440 bello
532 2401 649 2451 parti
665 2399 850 2446 fuerant,
869 2415 952 2454 qua
969 2404 1064 2455 lege

176 2469 324 2516 patres
360 2465 416 2505 de
455 2466 723 2517 possessione
777 2467 1064 2518 pellebantur.

178 2526 356 2568 Nobiles
388 2528 486 2569 huic
534 2529 597 2568 rei
631 2541 899 2581 summopere
937 2531 1064 2571 resis-

178 2590 357 2630 tebant:
403 2604 506 2644 ergo
547 2593 670 2632 Caeso
708 2605 803 2634 cum
829 2594 1064 2645 juventute

179 2653 389 2704 Romana,
410 2657 756 2709 quotiescunque
787 2656 984 2697 tribunus
1003 2659 1063 2698 le-

177 2728 273 2769 gem
296 2717 412 2758 ferre
433 2719 621 2770 volebat,
641 2719 917 2770 occurrebat,
933 2727 979 2761 et
1001 2721 1064 2761 illi

178 2779 343 2831 pariter
355 2780 578 2822 obstabat:
600 2783 680 2823 hoc
700 2788 844 2823 autem
858 2783 1064 2836 faciebat,

177 2848 227 2882 ut
257 2855 352 2883 cum
385 2855 534 2885 omnes
563 2845 870 2898 impedimento
904 2846 1067 2899 forent,

178 2906 286 2947 nulli
305 2907 576 2959 potissimum
598 2910 890 2951 ascriberetur
910 2914 1065 2965 culpa3

181 2970 258 3010 sed
293 2983 391 3011 cum
423 2972 623 3016 tribunus
655 2973 797 3025 plebis
819 2974 1066 3026 diligentius

178 3033 546 3075 animadverteret
558 3037 750 3077 Caesonis
760 3049 883 3088 opus,
898 3039 1066 3079 concio-

178 3106 277 3135 nem
306 3095 456 3137 habuit
475 3098 529 3137 ad
549 3100 752 3151 populum
788 3100 842 3140 de
877 3101 1065 3142 Caesonis

179 3160 394 3212 superbia,
426 3161 469 3201 iu
497 3174 621 3214 quem
652 3164 844 3214 graviter
873 3164 1067 3206 inv'ectus

179 3231 265 3261 non
286 3222 404 3274 prius
425 3223 596 3265 destitit
616 3238 741 3278 quam
778 3226 980 3279 obtinuit,
1020 3234 1068 3269 ut

181 3282 252 3323 die
278 3285 410 3327 dicta
439 3288 756 3345 damnaretur-a
774 3292 952 3343 populo,
986 3304 1065 3343 pro

183 3356 267 3396 qno
285 3347 507 3390 liberando
528 3358 656 3403 pater
675 3353 958 3392 Cincinnatus
981 3354 1064 3393 dis-

185 3409 334 3448 tractis
368 3411 493 3452 rebus
523 3415 610 3454 suis
644 3415 839 3455 omuibus
871 3416 924 3455 ad
955 3429 1064 3456 sum-

183 3482 296 3510 mam
332 3473 516 3525 inopiam
548 3478 751 3519 redactus
771 3481 867 3520 est.
913 3481 1062 3521 Oliver.

188 3533 379 3586 Contigit
398 3537 451 3577 Α.
471 3540 525 3580 U.
548 3551 721 3583 ccxcu.
918 3552 921 3555 “

238 3595 488 3652 Latifumia]
507 3603 650 3644 Livius
670 3604 775 3645 dicit
787 3606 880 3647 haec
901 3606 1064 3654 latifun-

1860 300 2004 354 1149

1119 437 1187 475 dia
1228 436 1407 476 Quintia
1442 440 1567 487 prata
1600 432 1730 473 fuisse
1771 432 2006 484 appellata,

1118 498 1192 538 ubi
1213 497 1373 538 deinde
1394 490 1559 538 navalia
1577 495 1695 537 facta
1715 500 1829 535 sunt.
1884 494 2009 534 Dicit

1119 559 1263 599 enim:
1295 560 1508 601 ‘Quintus
1536 566 1653 600 trans
1682 547 1903 611 Tylierim,
1936 557 2008 597 ubi

1118 635 1232 662 nune
1251 624 1423 663 navalia
1456 629 1572 675 sunt,
1602 627 1787 677 quatuor
1805 622 2009 674 jugerum

1118 687 1290 726 colebat
1330 698 1500 738 agrum,
1537 699 1632 739 quae
1666 691 1794 738 prata
1830 685 2012 728 Quintia

1118 749 1305 790 vocant!
1336 749 1505 789 Plinius
1534 750 1607 790 lib.
1640 761 1779 790 xvnl.
1825 749 2010 789 ‘Aranti

1119 819 1304 865 quatuor
1323 825 1398 852 sua
1411 813 1566 864 jugera
1587 813 1630 852 in
1647 813 1880 863 Vaticano,
1913 825 2010 865 quae

1118 882 1241 928 prata
1256 875 1436 917 Quintia
1450 877 1738 927 appellantur,
1755 876 2013 917 Cincinnato

1119 941 1262 981 viator
1281 940 1427 981 attulit
1446 940 1737 990 Dictaturam,
1756 946 1802 981 et
1822 941 2014 993 quidem,

1119 1009 1168 1043 ut
1198 1003 1331 1044 tradit
1360 1002 1609 1054 Norbanus,
1641 1003 1759 1042 nudo
1793 1003 2012 1055 plenoque

1120 1067 1324 1120 pulveris,
1358 1067 1427 1107 cui
1453 1067 1611 1117 viator,
1631 1067 1743 1105 Vela
1759 1078 1932 1117 corpus,
1952 1066 2014 1104 in-

1120 1134 1302 1184 quit,-ut
1322 1129 1539 1182 proferam
1562 1129 1748 1170 Senatus
1781 1129 2014 1181 populique

1125 1195 1310 1236 Romani
1325 1193 1559 1235 mandata?
1592 1194 1743 1233 Oliver.

1175 1259 1244 1298 Ex
1276 1258 1410 1309 hisque
1439 1257 1540 1308 ma]
1572 1256 1692 1296 Hinc
1712 1255 1884 1296 Plinius
1905 1254 2015 1295 libro

1125 1333 1265 1362 xvm.
1294 1326 1306 1344 ⁴
1324 1320 1484 1361 Aranti
1503 1325 1693 1372 quatuor
1714 1319 1957 1370 suajugera
1973 1319 2017 1357 in

1124 1385 1358 1434 Vaticano,
1395 1396 1488 1435 quae
1521 1388 1645 1434 prata
1671 1381 1857 1425 Quintia
1871 1382 2018 1432 appel-

1123 1447 1297 1487 lantur!
1327 1447 1481 1487 Festus
1501 1460 1510 1484 :
1531 1447 1544 1468 ‘
1561 1445 1740 1487 Quintia
1757 1450 1879 1497 prata
1898 1452 2018 1484 trans

1122 1510 1308 1550 Tiberim
1331 1523 1355 1549 a
1376 1510 1558 1551 Quintio
1591 1508 1866 1560 Cincinnato,
1893 1509 2017 1560 eujus

1124 1574 1313 1623 fuerant,
1364 1574 1484 1613 dicta
1543 1574 1671 1611 sunt.’
1726 1570 2016 1623 Augustinum

1125 1649 1296 1690 quoque
1330 1636 1402 1676 adi
1437 1636 1493 1676 de
1525 1636 1715 1676 Civitate
1745 1635 1830 1674 Dei
1864 1635 1937 1674 lib.
1975 1647 2016 1675 v.

1126 1711 1225 1752 cap.
1255 1703 1322 1740 18.
1354 1701 1531 1739 Colerus.

1179 1764 1260 1804 Sed
1279 1765 1415 1817 etiam,
1434 1765 1523 1816 Sym]
1556 1763 1752 1816 Contigit
1770 1776 1881 1804 anno
1900 1764 2017 1804 urbis

1125 1839 1285 1869 CCXCV.

1181 1893 1203 1943 ς
1233 1895 1258 1931 S
1288 1892 1416 1943 AElia,
1461 1892 1550 1944 Sym]
1617 1891 1813 1942 Contigit
1859 1889 1914 1930 A.
1961 1890 2018 1930 U.

1128 1966 1333 1995 DXXXIV.
1786 1964 1791 1967 ’

1184 2018 1376 2058 Mariana
1393 2017 1647 2069 monimenta]
1677 2017 1764 2059 Ubi
1778 2022 1875 2059 erat
1887 2019 2024 2058 sacel-

1127 2083 1216 2121 lum
1255 2082 1516 2128 Marianum,
1554 2084 1597 2122 in
1635 2095 1720 2135 quo
1754 2082 2021 2122 monimenta

1127 2147 1218 2198 ejus
1238 2147 1525 2198 sepulchralia
1557 2146 1907 2197 continebantur,
1937 2146 2018 2185 sibi

1126 2209 1594 2260 magnificentissimum
1610 2209 1716 2249 illud
1729 2211 2019 2248 Senatuscon-

1128 2273 1289 2311 sultum
1308 2273 1360 2312 de
1376 2272 1518 2312 reditu
1535 2273 1756 2313 Ciceronis
1773 2272 1815 2311 in
1833 2272 2020 2324 patriam

1128 2335 1292 2376 factum
1314 2337 1413 2388 fuit,
1450 2337 1668 2377 referente
1689 2337 1851 2389 optimo
1870 2341 1915 2375 et
1935 2337 2018 2375 cla-

1129 2400 1294 2439 rissimo
1315 2401 1406 2440 viro
1430 2401 1613 2440 Lentulo
1634 2400 1835 2440 Consule.
1868 2399 2021 2439 Oliver.

1185 2465 1310 2514 Inque
1330 2464 1513 2502 Max-imo
1533 2467 1572 2503 et
1592 2463 1792 2503 flaminio
1806 2464 2021 2514 spectaculi

1130 2528 1253 2578 locus]
1282 2527 1354 2567 Ita
1387 2521 1484 2579 lege
1519 2539 1574 2566 ex
1597 2533 1792 2567 veterum
1812 2522 2019 2566 librorum

1130 2591 1359 2631 consensu.
1389 2591 1556 2642 Vulgo:
1592 2591 1714 2642 Inque
1731 2590 1901 2629 maximo
1916 2591 2020 2629 circo

1130 2660 1167 2694 et
1187 2655 1403 2694 Flaminio.
1462 2654 1529 2693 De
1546 2658 1729 2706 utroque
1750 2653 1863 2692 enim
1884 2653 2017 2703 circo,

1131 2718 1205 2770 qui
1225 2718 1310 2757 duo
1330 2724 1432 2757 tunc
1466 2718 1616 2757 Romae
1643 2722 1783 2769 erant,
1812 2717 2021 2768 loquitur.

1131 2781 1319 2831 Pighius.
1376 2780 1592 2832 Flaminio]
1649 2780 1737 2821 Ubi
1792 2779 2020 2820 Circenses

1130 2846 1387 2887 edebantur.

1185 2913 1209 2963 ξ
1236 2916 1262 2951 9
1292 2911 1547 2964 Ser-apulum]
1574 2910 1724 2967 Voluit
1742 2923 1797 2950 ex
1816 2910 2021 2962 ponderis

1130 2974 1350 3025 paucitate
1368 2975 1474 3014 nihil
1488 2975 1655 3026 argenti
1671 2973 1883 3014 habuisse.
1940 2973 2021 3012 Est

1131 3043 1275 3077 autem
1309 3038 1551 3089 scrupulus,
1579 3037 1649 3090 qui
1671 3036 1829 3076 Latine
1850 3035 2019 3087 siliqua,

1129 3100 1350 3140 minimum
1384 3101 1569 3152 pondus.
1626 3100 1714 3140 Alii
1729 3100 1879 3139 dicunt
1900 3110 2017 3138 scru-

1130 3164 1276 3215 pulum
1295 3164 1509 3204 contineri
1525 3162 1821 3204 tantummodo
1833 3165 2019 3213 quatuor

1130 3226 1287 3279 siliquis
1302 3241 1312 3266 ε
1346 3228 1541 3280 siliquam
1555 3239 1657 3267 vero
1671 3230 1853 3278 quatuor
1867 3222 2017 3262 hordei

1130 3302 1266 3341 grana
1283 3294 1524 3342 continere,
1562 3297 1607 3331 et
1627 3290 1839 3331 calculum
1859 3292 1905 3326 et
1930 3292 2017 3326 ter-

1130 3356 1232 3394 tiam
1270 3361 1436 3407 partem
1467 3356 1574 3407 ejus,
1603 3353 1814 3394 calculum
1849 3361 2015 3402 quoque

1130 3419 1310 3470 geminis
1373 3419 1502 3459 lentis
1558 3417 1697 3469 granis
1750 3413 2016 3466 appendere.

1130 3483 1274 3522 Variae
1307 3482 1442 3534 igitur
1472 3481 1526 3520 de
1559 3480 1622 3518 his
1640 3475 1898 3530 ponderibus
1919 3486 2014 3514 sen-

1129 3546 1306 3585 tentiae:
1345 3545 1418 3597 qui
1456 3542 1701 3593 scrupulum
1740 3540 1888 3597 dicunt
1939 3551 2014 3579 sex

1129 3608 1296 3660 siliquis
1318 3604 1639 3659 comprehendi,
1661 3604 1804 3643 volunt
1819 3601 2012 3654 siliquam
