2288 3990
404 240 511 293 952
578 317 580 319 q

405 377 580 412 suerunt
596 375 749 413 castra.
776 374 895 424 Sylla
909 374 1038 426 igitur
1052 387 1149 415 cum
1161 377 1280 417 Deos

405 435 459 474 de
493 447 632 486 pugna
661 438 920 487 consuleret,
952 438 1102 488 anguis
1140 433 1283 479 subito

406 497 621 548 apparuit.
663 498 937 550 Interrogato
953 498 1160 552 Aruspice
1180 502 1282 554 quid

407 560 556 610 anguis
594 559 665 599 ille
703 562 1001 614 portenderet,
1031 575 1284 614 responsum

407 626 492 671 est,
517 627 566 662 ut
584 635 737 674 magno
764 624 906 678 animo
932 624 1174 677 invaderet,
1201 639 1284 679 quo

406 682 540 730 facto,
561 685 740 724 victoria
757 685 919 736 potitus
937 692 1019 728 est.
1052 688 1203 729 Oliver.

460 745 607 785 Sociale·
626 747 740 798 bello]
771 749 895 789 Quod
916 756 1082 800 gestum
1101 756 1167 790 est
1186 764 1285 791 con-

406 813 474 847 tra
494 820 582 860 eos,
599 809 669 860 qui
689 822 712 848 a
732 811 941 850 societate
958 824 1060 863 pop.
1077 813 1201 854 Rom.
1215 814 1287 853 de-

407 870 620 920 fecerunt,
650 871 764 923 quod
802 873 882 912 alio
919 874 1090 914 nomine
1126 875 1285 915 bellum

407 933 607 973 Latinum
626 939 821 986 vocatur.

463 995 636 1046 Nolano]
665 998 778 1037 Nola
790 997 1111 1038 Picentinorum
1128 1000 1227 1039 urbs
1242 1001 1284 1040 in

407 1059 536 1099 Italia
565 1061 818 1114 Ptolemaeo,
858 1063 1065 1114 Diodoro,
1099 1069 1144 1103 et
1173 1065 1286 1104 Stra-

407 1121 535 1161 bone.
566 1122 617 1161 In
633 1123 804 1164 Samnio
820 1125 941 1176 ponit
955 1126 1155 1177 Epitome
1176 1127 1287 1167 Livii

406 1184 483 1223 lib.
502 1190 695 1224 Lxxxxx.
738 1187 848 1226 Vide
869 1188 1039 1227 Cluver.
1057 1189 1110 1228 de
1130 1189 1232 1228 Ital.

465 1247 722 1298 Proetorium]
763 1250 1003 1289 Dicebatur
1033 1250 1290 1290 tabernacu-

408 1310 512 1360 lum,
532 1311 647 1362 quod
667 1312 796 1350 duces
817 1312 1100 1362 exercituum,
1119 1314 1187 1351 vel
1206 1313 1289 1352 Im-

410 1376 651 1423 peratores,
671 1375 758 1412 sive
781 1374 999 1424 Consules,
1029 1375 1119 1414 sive
1138 1374 1288 1414 Dicta-

409 1439 541 1485 tores,
560 1435 648 1474 sive
669 1435 904 1486 Praetores,
920 1437 1008 1475 sive
1022 1437 1198 1476 Tribuni
1218 1437 1291 1476 mi-

411 1496 533 1535 litum
568 1497 780 1537 consulari
815 1505 1036 1550 potestate
1068 1500 1098 1540 ii
1135 1507 1291 1552 essent,

411 1559 696 1610 occupabant.
750 1562 917 1602 Nomen
938 1568 1082 1603 autem
1102 1564 1200 1603 inde
1219 1565 1292 1603 ha-

413 1620 507 1670 bet,
546 1622 658 1673 quod
691 1623 814 1663 initio
847 1625 1069 1678 Consules,
1101 1627 1172 1679 qui
1204 1628 1293 1679 ple-

415 1694 594 1735 rumque
626 1684 739 1724 bella
772 1686 1143 1739 administrabant,
1172 1690 1293 1729 Prae-

417 1751 532 1786 tores
571 1747 832 1790 dicerentur.
883 1750 952 1790 Ita
991 1752 1296 1805 Quaestorium,

418 1815 514 1849 erat
535 1810 858 1851 tabernaculum
874 1813 1164 1854 Qua-storum.
1194 1815 1295 1854 For·

417 1885 486 1913 ma
518 1875 707 1924 praetorii
735 1873 868 1915 fuisse
896 1876 1067 1917 videtur
1096 1878 1295 1929 rotunda,

419 1937 682 1987 testudinea,
715 1938 759 1977 id
790 1944 872 1990 est,
899 1945 1079 1980 curvata
1098 1940 1139 1979 in
1161 1953 1296 1981 came·

420 2012 510 2039 ram
555 2000 862 2043 rotundiorem.
917 2002 1016 2042 Hac
1049 2015 1174 2043 causa
1208 2002 1295 2043 for-

418 2069 534 2102 tasse
566 2064 780 2115 ,Iosephus
814 2077 909 2104 cum
941 2066 1102 2117 templo
1125 2078 1297 2118 compo-

418 2126 501 2175 nit,
521 2125 634 2178 quod
662 2128 825 2178 templa
844 2128 1046 2179 pleraque
1063 2129 1194 2168 talia:
1225 2135 1300 2168 aut

420 2188 549 2228 etiam
580 2187 692 2240 quod
728 2189 943 2229 eminebat
969 2189 1012 2228 in
1038 2189 1190 2229 mediis
1209 2202 1300 2230 cas-

420 2250 516 2302 tris,
534 2257 582 2290 ut
601 2251 644 2289 in
665 2251 770 2291 urbe
791 2252 934 2303 aliqua
954 2252 1174 2303 templum.
1229 2251 1300 2292 An

422 2319 467 2353 et
486 2314 586 2366 quia
605 2314 752 2366 religio
772 2314 832 2354 ibi
860 2320 904 2355 et
933 2327 1032 2367 pars
1048 2326 1268 2355 sacrorum
1285 2316 1300 2354 ?

423 2377 554 2416 Certe
575 2376 616 2415 in
637 2389 689 2416 eo
708 2376 924 2428 Augurale
955 2376 1052 2428 fuit,
1081 2376 1153 2416 ubi
1173 2377 1302 2416 sacri-

421 2437 554 2477 ficare
567 2443 611 2477 et
626 2438 836 2489 auspicari
853 2439 1097 2490 Imperator
1107 2439 1276 2478 solebat
1290 2451 1302 2488 ;

423 2510 521 2537 nam
542 2505 642 2537 ante
661 2499 767 2538 illud
787 2512 863 2539 ara
880 2499 979 2551 fuit,
999 2501 1041 2539 in
1061 2512 1146 2552 qua
1166 2501 1304 2540 solen-

424 2561 538 2600 niter
557 2561 790 2600 libamenta
822 2562 964 2614 aliqua
990 2562 1112 2602 illata
1143 2567 1189 2602 et
1218 2573 1306 2602 cre-

426 2627 558 2671 mata,
575 2623 834 2674 quotidianae
848 2624 1062 2674 religionis
1074 2636 1201 2675 ergo:
1222 2623 1308 2664 Au-

429 2685 695 2735 guratorium
716 2691 841 2726 vocat
862 2685 1080 2738 Hyginus,
1100 2687 1171 2739 qui
1190 2691 1234 2726 et
1252 2688 1305 2727 si-

429 2753 518 2786 tum
536 2747 628 2798 ejus
645 2753 771 2798 parte
786 2748 943 2788 dextra
956 2749 1149 2801 praetorii
1167 2749 1311 2800 docet,

428 2818 479 2850 ut
509 2809 698 2850 tribunal
726 2812 852 2852 laeva.
906 2813 1018 2852 Tota
1044 2813 1176 2863 igitur
1209 2823 1311 2852 area

432 2873 522 2911 sive
554 2873 766 2924 pedatura
797 2874 990 2925 praetorii
1017 2880 1110 2914 erat
1139 2878 1310 2925 quater-

433 2946 532 2974 num
563 2935 781 2986 jugerum,
814 2948 890 2975 seu
921 2937 1066 2987 potius
1095 2948 1310 2976 versuum.

430 2997 611 3037 Versum
649 3004 792 3038 autem
813 2999 963 3039 dicunt
982 3005 1156 3040 centum
1177 2999 1312 3051 pedes

435 3072 603 3112 quoquo
619 3073 766 3112 versus
790 3062 1060 3114 quadratum.
1094 3062 1315 3102 Pedatura

436 3134 540 3162 vero
562 3123 724 3162 Latinis
752 3129 820 3164 est
853 3124 966 3176 quod
997 3124 1162 3165 Graecis
1181 3127 1314 3164 ποδισ-

437 3184 520 3235 μὺς,
541 3185 625 3225 etsi
641 3185 825 3236 podismi
838 3186 926 3237 ipsa
943 3186 1196 3227 Graecanica
1210 3199 1315 3227 voce

437 3249 592 3288 crebro
614 3249 657 3287 in
676 3249 756 3288 hac
774 3261 821 3289 re
851 3249 1059 3300 Vegetius
1089 3262 1215 3290 usus:
1245 3264 1315 3289 πο-

438 3309 572 3358 δισμὸς
591 3316 734 3350 autem
755 3310 974 3356 dimensio,
993 3315 1066 3351 aut
1092 3317 1137 3350 et
1156 3311 1319 3350 dimen-

439 3382 532 3409 sum
548 3371 686 3421 ipsum
701 3382 779 3422 per
791 3370 1058 3423 pedes,sicut
1073 3371 1320 3424 σταδιασμὸς,

441 3444 519 3486 per
543 3435 697 3475 stadia.
734 3434 805 3475 Ad
826 3435 999 3477 verbnm
1019 3441 1085 3478 est
1109 3438 1316 3488 pedatura.

989 258 1163 298 NOTAE
1206 258 1537 300 VAR10RUM
1582 262 1647 300 IN

1343 378 1400 417 Et
1431 379 1648 430 accipiunt
1679 391 1763 419 non
1794 392 1871 432 pro
1906 381 1999 432 ipsa
2030 393 2222 424 mensura

1343 445 1526 492 tantum,
1541 442 1615 482 sed
1630 455 1707 494 pro
1717 444 1871 494 spatio,
1883 456 2070 497 areaque
2084 446 2222 497 cnjus-

1346 517 1470 556 quam
1492 505 1554 545 sic
1575 505 1778 545 demensi.
1826 507 1942 546 Situs
1964 509 2157 558 praetorii
2176 508 2220 547 in

1345 568 1486 607 medio
1523 579 1606 606 non
1639 568 1812 619 quidem
1856 574 2110 620 castrorum,
2145 570 2220 611 sed

1348 630 1522 668 aliorum
1542 630 1710 671 ducum.
1766 631 1878 670 Nam
1899 643 2069 683 semper
2087 634 2223 672 veteri

1348 697 1394 731 et
1413 704 1522 731 novo
1542 703 1677 742 more,
1699 692 1741 730 in
1763 693 1902 732 medio
1920 693 2222 744 Tribunorum,

1349 754 1613 805 aliorumque
1641 755 1825 804 Ducum,
1859 755 2065 795 Praetoris
2093 756 2226 797 locus.

1347 815 1570 866 Profecto,
1587 821 1634 855 ut
1652 816 1694 854 in
1716 817 1809 856 acie
1828 817 1999 856 Praetor
2017 828 2094 857 seu
2112 819 2224 858 Con-

1348 878 1411 916 sul
1430 876 1745 929 (confundimus
1768 878 1835 918 hic
1863 879 1969 929 ista)
1988 885 2084 931 post
2113 880 2226 920 Has-

1350 943 1460 978 tatos
1481 946 1526 979 et
1546 941 1770 991 Principes
1803 947 1904 980 ante
1935 941 2120 981 Triarius
2138 947 2225 982 sta-

1348 1000 1438 1052 bat,
1456 1001 1596 1041 media
1615 1002 1704 1041 fere
1721 1003 1830 1053 acie,
1849 1008 1892 1042 et
1908 1002 1962 1042 ad
1982 1004 2118 1043 latera
2132 1004 2229 1044 Tri·

1350 1061 1478 1113 buni;
1508 1064 1570 1102 ita
1589 1064 1674 1114 hic,
1695 1064 1776 1103 nisi
1803 1063 1915 1116 quod
1935 1076 2014 1115 pro
2031 1064 2226 1115 Triariis,

1349 1123 1537 1173 Abiecti,
1551 1133 1596 1166 et
1609 1125 1967 1178 Extraordinarii,
1987 1130 2032 1166 et
2050 1126 2229 1166 Evocati

1351 1186 1592 1228 substituti.
1646 1190 1704 1228 Et
1719 1188 1787 1229 hic
1807 1189 1913 1228 situs
1933 1201 2100 1240 magnae
2128 1190 2230 1229 rati-

1352 1249 1444 1288 onis
1480 1248 1580 1290 fuit.
1644 1252 1834 1290 Primum
1881 1263 1965 1291 non
2002 1254 2131 1303 longe
2174 1251 2231 1292 ab

1351 1311 1489 1362 hoste,
1515 1318 1559 1351 et
1578 1313 1632 1352 ad
1653 1314 1906 1354 Praetoriam
1926 1320 2108 1367 portam,
2132 1326 2228 1367 quae

1351 1373 1470 1412 illum
1499 1373 1592 1413 fere
1621 1388 1791 1428 semper
1819 1377 2072 1428 spectabat:
2109 1377 2232 1416 nimi-

1354 1447 1445 1475 rum
1468 1442 1515 1476 ut
1533 1437 1750 1487 observet,
1766 1439 1800 1478 si
1820 1438 1919 1491 quid
1940 1439 2011 1480 ille
2033 1439 2234 1479 moliatur

1355 1503 1429 1537 aut
1445 1506 1630 1551 moveat,
1647 1506 1692 1540 et
1707 1502 1883 1541 nuncios
1906 1514 2074 1554 quoque
2095 1507 2140 1542 et
2158 1514 2231 1542 ex.-

1355 1561 1594 1612 ploratores
1614 1564 1756 1603 statim
1773 1563 1997 1603 admittat:
2027 1575 2156 1605 causa
2174 1565 2230 1603 al-

1356 1630 1466 1676 tera,
1484 1630 1532 1664 ut
1559 1625 1690 1666 duces
1721 1639 1868 1667 omnes
1901 1628 2061 1667 circum
2093 1640 2139 1668 se
2158 1629 2231 1667 ha·-

1355 1686 1474 1739 beat,
1489 1700 1666 1740 quorum
1686 1690 1878 1741 consilio,
1895 1701 1990 1730 cum
2011 1702 2135 1742 opus,
2147 1697 2235 1730 sta-

1357 1749 1434 1789 tim
1469 1756 1630 1803 utatur,
1664 1751 1767 1791 item
1791 1752 1946 1802 jubeat
1973 1753 2132 1804 aliquid
2158 1758 2235 1793 aut

1357 1813 1554 1855 mandet:
1591 1815 1734 1863 tertia,
1767 1819 1815 1854 ut
1846 1815 1889 1854 in
1909 1820 2142 1867 conspectu
2162 1815 2236 1855 ba·-⁴

1358 1875 1461 1916 beat
1480 1877 1680 1928 subjecta
1707 1882 1866 1929 castra,
1893 1883 1938 1918 et
1967 1877 2148 1918 militem
2171 1883 2234 1919 to-

1359 1942 1466 1988 tum,
1489 1939 1731 1992 videatque,
1759 1939 1792 1980 si
1822 1940 1923 1992 quid
1942 1947 2144 1991 peccent,
2163 1946 2238 1980 aut

1359 2001 1548 2041 turbent.
1577 2001 1680 2052 Ipse
1699 2002 1769 2041 ille
1789 2007 1988 2052 aspectus
2008 2000 2241 2042 coercebat

1360 2063 1530 2113 milites,
1548 2064 1618 2115 qui
1639 2063 1846 2115 sciebant,
1862 2075 2030 2114 semper
2042 2064 2122 2103 sub
2138 2075 2237 2103 ocu-

1361 2125 1412 2164 lis
1432 2125 1496 2164 sui
1517 2126 1653 2165 Ducis
1674 2138 1719 2165 se
1741 2126 1918 2176 versari,
1934 2137 2068 2178 eoque
2087 2125 2130 2165 in
2151 2137 2238 2165 om·-

1361 2186 1488 2226 nibus
1518 2188 1653 2239 magis
1686 2188 1922 2239 composite
1940 2200 1984 2227 se
2004 2187 2238 2240 gerebant:

1363 2261 1443 2289 nec
1462 2250 1596 2290 Ducis
1613 2255 1798 2300 tantum,
1814 2249 1889 2290 sed
1911 2251 2107 2299 Ducum;
2137 2261 2240 2302 quo-

1363 2312 1476 2351 niam
1492 2314 1710 2364 Quaestor,
1724 2313 1892 2363 Legati,
1903 2311 2081 2352 Tribuni
2093 2323 2243 2352 omnes

1364 2373 1459 2414 fere
1477 2375 1559 2415 huc
1580 2375 1851 2427 spectabant.
1895 2375 2095 2427 Denique
2114 2386 2242 2415 causa

1366 2437 1496 2476 etiam
1534 2437 1602 2477 hic
1640 2438 1772 2477 honor
1806 2442 1852 2477 et
1886 2437 2090 2488 dignitas,
2129 2437 2242 2489 quod

1365 2499 1508 2538 media
1527 2499 1668 2538 omnia
1697 2498 1957 2550 honestiora,
1989 2498 2073 2538 imo
2103 2504 2150 2538 et
2178 2505 2243 2538 tu-

1367 2562 1494 2600 tiora.
1522 2561 1696 2612 Lipsius.
1972 2587 1974 2590 v

1422 2623 1486 2663 Ab
1501 2623 1581 2662 ima
1596 2626 1710 2673 parte
1722 2622 1824 2674 aroe]
1865 2622 1939 2662 Ita
1954 2621 2151 2663 Pulman.
2172 2622 2244 2663 lib.

1370 2688 1416 2725 et
1435 2684 1775 2731 Gemblacensis,
1791 2684 1934 2736 vulgo,
1951 2683 2000 2723 ab
2018 2697 2094 2724 una
2109 2689 2223 2736 parte
2235 2698 2248 2724 :

1370 2747 1490 2798 prius
1518 2748 1677 2798 placet.
1736 2747 1891 2787 Cicero
1920 2747 2032 2786 enim
2053 2747 2106 2787 de
2126 2747 2248 2787 Divi-

1371 2813 1459 2851 nat.
1481 2810 1554 2850 lib.
1575 2821 1606 2850 1.
1638 2822 1692 2849 ex
1723 2821 1807 2861 quo
1836 2807 1979 2848 forsan
2004 2809 2085 2849 hoc
2103 2820 2248 2849 exem-

1373 2873 1491 2923 plum
1530 2871 1731 2911 Valerius
1769 2870 2022 2923 desumpsit,
2067 2872 2128 2919 sic
2159 2871 2247 2912 ait:

1373 2935 1385 2956 ‘
1406 2934 1475 2974 Ab
1510 2933 1657 2974 infima
1684 2946 1759 2973 ara
1795 2945 1890 2974 cum
1923 2933 2066 2973 subito
2100 2934 2249 2985 anguis

1375 2996 1643 3048 emergeret!
1685 2995 1945 3050 Plutarchus
1974 3007 2069 3035 cum
2099 2995 2249 3035 adver·

1376 3072 1447 3099 sus
1465 3059 1613 3099 urbem
1644 3057 1696 3099 ab
1724 3058 1836 3098 Nola
1854 3058 2094 3098 exercitum
2119 3056 2250 3098 duce·

1375 3127 1459 3172 ret,
1494 3121 1623 3173 Syllae
1662 3120 1902 3171 prodigium
1941 3119 2024 3159 hoc
2058 3119 2252 3160 evenisse

1376 3183 1539 3224 scribit.
1569 3183 1756 3233 Pighius.

1430 3247 1661 3297 prolapsam
1687 3242 1872 3295 anguem]
1899 3242 2159 3296 Serpentum
2191 3245 2251 3284 al-

1377 3311 1523 3360 lapsus
1555 3306 1699 3347 multis
1730 3307 1893 3357 magnis
1922 3305 2024 3344 viris
2055 3306 2252 3346 salutaris

1379 3371 1464 3411 fuit
1483 3368 1649 3410 ominis.
1689 3366 1924 3406 Aureliano
1955 3366 2117 3417 Imper.
2138 3368 2252 3418 apud

1378 3433 1643 3485 Vopiscum3
1671 3428 1924 3480 Maximino,
1948 3427 2062 3480 apud
2089 3427 2253 3471 Julium
