2320 4004
586 292 845 331 VALERu
890 291 1130 330 MAX1M1
1172 293 1291 332 [ΑΒ.
1324 295 1404 333 ιν.
1445 295 1576 333 οΑΡ.
1602 282 1653 335 3.

214 415 287 454 Cn.
301 413 516 454 Numerius
532 412 689 475 Pictor,
701 412 753 458 Q.
772 411 977 463 Ugolinus.
1034 410 1086 451 In

207 476 487 517 Atrebatensi
506 476 690 529 denique
710 481 755 516 et
773 475 1089 526 Gemblacensi,

210 541 428 580 Numerius
445 540 597 589 Pictor,
616 541 667 586 Q.
691 539 883 590 Ogolm'us
896 539 1088 590 subscrip·

204 607 355 644 mne.
410 604 477 642 Ex
494 603 559 643 his
579 603 772 643 omnibus
801 602 970 643 restitui
993 613 1088 653 pos-

206 672 308 707 sunt
337 668 416 707 hoc
454 667 580 708 modo
613 667 812 717 nomiua3
849 668 902 713 Q.
941 666 1089 708 Fabius

209 729 383 783 Gurges,
407 732 453 771 C.
475 733 530 772 N.
554 731 667 771 Fabii
682 731 873 781 Pictore-3,
894 731 945 776 Q.
965 731 1086 781 Ugol-

202 793 292 833 nius
317 795 640 847 subscripserunt.
695 796 841 848 Atque
870 795 934 835 ita
956 794 1087 835 etiam

203 856 390 910 antiquis
407 859 690 899 Romanorum
707 859 911 900 fastorum
932 858 1086 898 tabulis

204 921 537 973 respondebunt.
594 924 639 964 C.
672 923 783 962 enim
814 923 970 963 Fabius
990 924 1086 964 Pic-

203 987 273 1024 tor
300 995 397 1024 cum
426 987 482 1028 Q.
501 986 686 1038 Ogolnio
705 987 850 1026 consul
875 985 974 1033 fuit,
995 987 1085 1027 Nu-

202 1049 364 1088 merius
382 1054 531 1101 postea
550 1060 645 1090 cum
664 1050 718 1089 D.
739 1049 885 1091 Junio.
930 1049 1084 1090 Memi-

201 1110 266 1151 nit
294 1112 419 1165 hujus
446 1113 718 1153 abstinentiae
753 1111 984 1153 Annalium
1017 1124 1084 1154 se-

199 1173 340 1215 cundo
373 1175 581 1226 Zonaras,
614 1176 690 1216 sed
721 1176 885 1228 legatos
907 1188 989 1216 non
1009 1189 1082 1217 no·

199 1238 350 1280 minat.
404 1239 516 1280 Vide
547 1239 736 1281 Annales
771 1246 954 1282 nostros.
989 1242 1083 1293 Pig-

197 1300 303 1343 hius.

254 1363 597 1422 Subwipserunt]
640 1363 765 1410 More
801 1371 967 1412 nomina
1003 1383 1082 1414 sua

200 1428 560 1472 subscribentium
576 1434 796 1486 astipulati
816 1441 932 1487 sunt,
953 1443 999 1478 et
1018 1451 1081 1478 as-

197 1504 367 1534 sensum
395 1495 691 1547 praebuerunt.

252 1557 276 1608 §
298 1560 349 1597 10
381 1558 658 1612 Calpurnium]
680 1560 842 1613 Hic,ut
856 1561 896 1601 in
912 1575 1008 1614 cap.
1027 1561 1081 1603 de

196 1628 438 1681 Disciplina
456 1631 638 1673 Militari
659 1633 857 1685 diximus,
875 1647 970 1675 cum
991 1637 1080 1676 bel-

195 1691 238 1731 lo
269 1689 544 1744 fugitivorum
584 1696 845 1748 provinciam
891 1698 1079 1740 Siciliam

193 1753 426 1808 obtineret,
456 1769 583 1811 quam
611 1760 835 1810 sexaginta
861 1773 1078 1803 servorum

192 1817 328 1859 millia
341 1828 678 1874 occupaverant,
697 1835 744 1863 re
758 1823 866 1863 bene
886 1833 1008 1875 gesta
1027 1837 1077 1866 ac

191 1881 378 1923 liberata
390 1883 627 1937 provincia,
646 1886 806 1927 milites
819 1900 982 1941 omnes,
1003 1890 1076 1943 qui

193 1958 369 2001 operam
405 1960 522 1989 suam
559 1950 603 1990 iu
642 1962 693 1991 eo
737 1950 851 1992 bello
891 1953 1074 2006 reipubl.

190 2016 364 2052 strenue
392 2018 636 2064 navassent‚
672 2015 925 2057 militaribus
951 2017 1074 2059 donis

190 2072 469 2126 imperatorio
483 2089 599 2117 more
619 2077 813 2120 donavit.
844 2081 951 2122 Oliv.

245 2139 338 2190 §11
369 2139 457 2189 Age
485 2139 523 2179 si
554 2141 643 2192 quis
675 2142 745 2181 hoc
777 2143 934 2196 soeculo]
964 2145 1074 2186 Cato

190 2202 386 2252 superior
413 2202 654 2244 Celtiberos
687 2205 911 2258 Hispaniae
941 2221 1076 2261 popu·

189 2263 253 2303 los
273 2264 402 2305 robur
427 2266 659 2318 provinciae
688 2268 854 2322 aliquot
880 2269 1075 2311 secundis

190 2328 352 2379 proeliis
368 2327 514 2382 fregit,
541 2335 586 2371 et
606 2342 701 2370 cum
734 2337 869 2373 totam
902 2334 1072 2385 provin-

187 2390 298 2431 ciam
330 2391 668 2445 administraret,
687 2394 868 2446 pellibus
897 2396 1075 2438 haedinis

189 2466 269 2507 pro
301 2455 459 2507 tapetis
482 2469 583 2498 usus
613 2463 694 2508 est,
721 2463 766 2499 et
783 2460 912 2500 trium
932 2472 1074 2503 servo·

187 2529 282 2559 rum
301 2520 547 2560 comitatum
566 2521 729 2572 habuit,
762 2534 942 2577 cumque
971 2526 1072 2567 His-

187 2582 356 2634 paniam
394 2585 643 2626 ulteriorem
679 2591 868 2638 peteret,
912 2588 1071 2631 viatico

185 2647 514 2700 quingentorum
533 2650 687 2690 assium
707 2658 952 2705 contentus,
972 2654 1070 2696 vino

183 2711 382 2765 ciboque,
402 2725 486 2766 quo
505 2719 662 2766 nautae,
691 2716 756 2755 uti
782 2727 866 2756 non
900 2717 1069 2760 dubita-

184 2773 263 2826 vit,
285 2775 360 2815 sed
381 2787 507 2828 quam
527 2775 651 2817 facile
671 2778 886 2831 toleravit,
907 2780 1007 2833 quia
1026 2783 1068 2823 in

181 2838 260 2879 tali
305 2839 574 2880 continentia
619 2840 752 2882 vitam
797 2851 1069 2899 exercuerat,

179 2911 296 2953 nam,
324 2906 373 2942 ut
392 2902 531 2955 inquit
550 2904 829 2957 Plutarchus,
848 2917 945 2947 cum
965 2907 1066 2948 ado-

180 2963 348 3004 lescens
380 2965 596 3017 stipendia
625 2965 808 3018 faceret,
840 2968 882 3008 in
914 2971 1066 3012 castris

180 3028 301 3081 quasi
313 3040 482 3080 semper
495 3029 698 3070 utebatur
713 3043 847 3083 aqua3
878 3033 953 3072 sed
969 3046 1066 3075 cum

180 3087 379 3142 fortasse,
400 3091 467 3130 vel
487 3096 610 3144 aestn,
627 3094 694 3132 vel
713 3094 786 3134 siti
805 3095 935 3136 nimia
950 3095 1065 3138 labo-

177 3158 328 3205 rasset,
363 3154 418 3194 ad
453 3166 547 3194 eam
575 3155 807 3196 sedandam
837 3159 948 3198 aceti
977 3159 1063 3200 fre-

179 3215 325 3269 quenti
343 3216 498 3256 haustu
517 3217 733 3270 utebatur,
753 3219 818 3259 vel
836 3219 868 3259 si
895 3222 1064 3274 quando

179 3278 290 3318 vires
301 3279 504 3331 pristinas
513 3280 818 3335 desiderasset,
834 3285 1064 3336 vegetandi

179 3344 370 3395 corporis
401 3354 530 3384 causa
554 3344 774 3386 leviusculi
793 3348 980 3388 nonnihil
1003 3349 1062 3389 vi—

180 3404 226 3444 ni
254 3404 442 3447 delibare
476 3415 774 3450 consueverat.
829 3411 938 3451 Cum
977 3412 1062 3453 iter

179 3465 358 3518 faceret,
393 3482 469 3509 sua
505 3471 596 3523 ipse
632 3484 750 3513 arma
788 3485 870 3515 uno
916 3476 1061 3516 subse-

181 3535 341 3582 quente
366 3531 557 3574 ministro
586 3532 768 3589 ferebat,
797 3537 868 3590 qui
900 3550 1061 3590 secum,

1890 285 1911 335 l
1928 284 2031 337 143

1152 423 1245 464 quae
1267 413 1367 454 vitae
1394 414 1635 455 necessaria
1665 412 1822 466 forent,
1839 425 2032 467 compor-

1151 479 1292 515 taret:
1339 476 1454 516 domi
1491 488 1591 517 vero
1628 482 1751 517 tanta
1787 475 2033 528 frugalitate

1150 534 1280 577 fuisse
1302 539 1490 591 tradunt,
1508 544 1556 581 ut
1572 540 1724 593 hyeme
1753 540 1845 580 sola
1872 540 2035 591 tunica,

1149 600 1336 654 demptis
1375 603 1564 656 manicis,
1593 604 1768 646 indutus
1800 608 1944 653 esset3
1981 617 2035 644 ae-

1149 670 1263 704 state
1295 675 1398 705 vero
1435 678 1547 718 pene
1582 667 1737 719 nudus,
1763 667 1908 708 labore
1935 677 2031 707 cum

1149 727 1283 768 servis
1302 734 1509 781 certaret,
1526 730 1775 782 quibuscum
1794 730 1945 771 sedere
1965 742 2037 770 so-

1148 790 1266 841 litus,
1304 792 1452 832 eodem
1491 806 1616 844 pane,
1651 795 1890 848 eodemque
1936 794 2034 835 vino

1149 853 1423 894 vescebatur.
1477 855 1606 896 Hanc
1647 856 1941 909 frugalitatem
1986 862 2034 897 et

1148 918 1460 959 continentiam
1481 931 1535 959 ex
1557 920 1620 960 M.
1643 921 1762 961 Curii
1781 922 1882 962 vitae
1915 932 2032 961 com·

1147 984 1452 1023 memoratione
1487 988 1534 1024 et
1567 982 1682 1025 fama
1712 985 1834 1037 quasi
1862 984 2036 1024 aemula·

1147 1046 1265 1086 tione
1297 1047 1481 1099 quadam
1517 1048 1705 1088 induisse
1741 1047 1903 1099 ferunt,
1933 1058 2031 1088 cum

1142 1111 1269 1163 juxta
1302 1111 1415 1152 illius
1443 1112 1586 1152 villam
1606 1113 1697 1164 ipse
1715 1111 1895 1153 haberet
1915 1112 2028 1163 agel-

1145 1175 1244 1215 lum.
1275 1176 1531 1217 Frontinus:
1577 1174 1838 1227 ‘Marcum‚'
1874 1175 2031 1228 inquit,

1146 1240 1159 1262 ‘
1175 1240 1379 1280 Catonem
1410 1240 1507 1281 vino
1532 1239 1698 1290 eodem,
1715 1251 1798 1292 quo
1827 1239 2031 1290 remiges,

1144 1310 1397 1344 contentum
1434 1303 1570 1345 fuisse
1600 1303 1808 1345 tradunt!
1863 1303 2032 1344 Seneca

1142 1368 1196 1408 ad
1220 1369 1428 1408 Lucilium
1444 1368 1625 1420 Epistol.
1642 1377 1874 1408 Lxxxvm.
1894 1367 1906 1388 ‘
1920 1367 2030 1408 Cato

1143 1432 1401 1472 Censorinus
1437 1439 1597 1484 quanto
1627 1430 1736 1482 reip.
1762 1429 1909 1470 utilior
1938 1429 2033 1470 Sci-

1143 1495 1271 1547 pione
1292 1494 1440 1544 fuerit,
1474 1495 1611 1535 nosti:
1645 1495 1756 1534 alter
1782 1494 1898 1534 enim
1930 1506 2028 1534 cum

1143 1561 1335 1601 hostibus
1372 1560 1531 1601 nostris
1568 1560 1740 1611 bellum,
1775 1560 1885 1599 alter
1927 1570 2027 1599 cum

1142 1626 1331 1666 moribus
1342 1626 1497 1678 gessit:
1517 1624 1717 1672 canterio,
1727 1625 1965 1665 vehebatur
1981 1629 2028 1665 et

1141 1691 1395 1743 hippoperis
1422 1690 1648 1743 impositis,
1668 1695 1717 1730 ut
1735 1701 1881 1730 secum
1900 1689 2028 1730 utilia

1141 1760 1352 1807 portaret.
1406 1755 1624 1796 Quantum
1656 1757 1753 1793 erat
1785 1751 2026 1792 saeculide-

1139 1830 1232 1869 cus,
1245 1817 1574 1870 Imperatorem,
1593 1816 1907 1868 triumphalem,
1926 1828 2027 1856 cen·

1139 1884 1312 1936 sorium,
1330 1888 1375 1923 et
1391 1881 1506 1935 quod
1520 1893 1649 1934 supra
1665 1881 1825 1933 omnia,
1840 1882 1922 1922 hoc
1941 1886 2025 1932 est,

1138 1950 1364 2000 Catonem,
1399 1959 1485 1988 uno
1518 1946 1685 1987 caballo
1721 1957 1815 1986 esse
1847 1950 2026 1986 conten-

1137 2019 1242 2063 tum,
1278 2018 1324 2053 et
1360 2024 1441 2052 nec
1481 2016 1574 2051 toto
1608 2009 1807 2063 quidem:
1856 2015 2024 2062 partem

1136 2076 1251 2116 enim
1286 2075 1467 2115 sarcinae
1497 2076 1551 2115 ab
1579 2082 1762 2127 utroque
1788 2075 1926 2114 latere
1951 2073 2025 2113 de·

1137 2140 1376 2193 pendentes
1397 2137 1694 2191 occupabant!
1723 2138 1872 2179 Oliver.
1915 2138 2025 2178 Con-

1137 2203 1238 2255 tigit
1256 2202 1311 2244 A.
1333 2203 1387 2244 U.
1403 2213 1553 2243 Dnvn.

1192 2267 1414 2319 Stragulis]
1439 2267 1638 2318 Stragula
1674 2265 1806 2307 vestis
1840 2265 2021 2307 versico-

1136 2332 1217 2372 lor.

1191 2395 1408 2447 Tribusque
1434 2395 1558 2435 servis
1587 2395 1812 2448 comitatus]
1845 2395 2020 2436 Plutar-

1137 2459 1238 2500 chus
1273 2460 1315 2499 in
1346 2446 1436 2500 vita
1471 2459 1562 2511 ejus
1596 2461 1608 2483 ‘
1627 2459 1814 2512 quinque
1845 2459 2020 2500 servos’

1136 2522 1300 2564 scribit.
1332 2523 1543 2564 Corradus.

1188 2587 1336 2627 Eodem
1347 2587 1455 2640 vino]
1482 2586 1631 2627 Innuit
1650 2587 1861 2627 Catonem
1875 2586 2017 2638 Majo—

1135 2662 1238 2692 rem.
1293 2651 1461 2691 Plinius
1481 2651 1591 2691 libro
1607 2661 1709 2691 x1v.
1738 2651 1752 2673 ‘
1767 2650 1892 2691 Idem
1905 2650 2016 2692 Cato

1133 2727 1229 2755 cum
1268 2714 1310 2754 in
1350 2714 1607 2766 Hispaniam
1637 2713 1876 2767 naviga-ret,
1901 2713 2017 2755 unde

1131 2789 1227 2818 cum
1262 2776 1475 2829 triumpho
1502 2777 1644 2829 rediit,
1673 2778 1773 2818 Non
1804 2777 1934 2830 aliud,
1953 2778 2017 2818 in-

1130 2842 1236 2894 quit,
1249 2842 1390 2882 vinum
1402 2840 1504 2892 bibi,
1519 2853 1645 2894 quam
1659 2840 1870 2893 remiges!
1888 2842 2014 2894 Spar-

1130 2906 1272 2946 tianus
1309 2905 1363 2945 de
1399 2904 1648 2956 Hadriano:
1701 2905 1850 2946 ‘Cibis
1882 2906 2014 2945 etiam

1128 2969 1419 3010 castrensibus
1456 2969 1498 3009 in
1547 2970 1776 3023 propatulo
1823 2969 2014 3010 libenter

1127 3038 1268 3084 utens,
1282 3033 1364 3073 hoc
1380 3038 1461 3084 est,
1477 3032 1631 3086 larido,
1644 3043 1785 3085 caseo,
1804 3038 1850 3074 et
1868 3045 2013 3086 posca,

1127 3097 1324 3148 exemplo
1343 3097 1557 3138 AEmiliani
1575 3103 1621 3138 et
1639 3097 1828 3150 Metelli,
1846 3102 1892 3138 et
1911 3108 2010 3136 auc-

1126 3160 1229 3199 toris
1246 3157 1454 3213 Trajani.'
1485 3162 1657 3202 Colerus.

1179 3223 1441 3276 Consuetudo]
1472 3225 1582 3266 cato
1596 3225 1689 3276 ipse
1708 3228 1856 3264 contra
1873 3222 2007 3263 Ther-

1123 3296 1266 3328 mum:
1292 3287 1410 3340 ‘Ego
1419 3288 1511 3341 jam
1531 3302 1557 3328 a
1576 3288 1785 3340 principio
1802 3288 1845 3327 in
1864 3288 2003 3339 parci-

1123 3350 1264 3390 monia
1292 3355 1420 3403 atque
1451 3352 1492 3391 in
1520 3351 1680 3391 duritia
1711 3362 1877 3390 omnem
1898 3350 2003 3390 adu-

1121 3412 1375 3454 lescentiam
1406 3426 1544 3454 meam
1578 3413 1779 3462 abstinui,
1804 3425 1907 3465 agro
1931 3425 2000 3454 co-

1121 3475 1264 3527 lendo,
1277 3476 1392 3516 saxis
1412 3475 1599 3527 Sabinis,
1613 3474 1803 3515 silicibus
1819 3476 2000 3527 repasti-

1120 3540 1268 3580 nandis
1287 3547 1415 3593 atque
1436 3538 1737 3580 conserendis!
1768 3539 1938 3579 Colerus.
