2288 3990
382 269 491 323 994

385 402 514 450 cisus,
543 400 612 451 qui
648 398 898 451 quadrigam
919 398 1165 452 impressam
1185 399 1256 440 lia-

386 465 518 506 bebat
539 464 581 502 in
602 464 769 514 capulo.
808 463 955 503 Oliver.

442 528 685 577 Quadrignm
712 526 844 566 habuit
872 526 1067 578 caelatam]
1095 527 1261 567 Caelata

387 590 559 643 proprie
586 590 788 629 dicuntur
822 602 923 629 vasa
943 603 1071 629 aurea
1090 591 1160 629 vel
1192 603 1258 630 ar-

385 662 556 708 gentea,
575 656 618 694 in
638 655 789 707 quibus
817 655 938 706 signa
957 656 1023 695 vel
1039 656 1178 706 sigilla
1198 656 1259 694 in-

387 726 455 760 tus
465 724 536 759 aut
546 723 667 759 extra
682 719 914 758 eminentia
927 730 1129 770 expressa
1144 725 1259 770 sunt,

387 796 482 836 quae
514 783 604 822 sola
630 782 736 822 caelo
758 781 868 832 fieri,
897 794 982 822 non
1014 788 1137 822 torno
1163 794 1259 833 pos·

387 851 500 887 sunt.
546 844 836 887 Quintilianus
855 846 1116 897 sculpturam
1137 858 1161 884 a
1177 857 1259 885 cae-

385 912 525 951 latura
553 910 738 948 materia
759 914 922 948 tantum
943 908 1167 958 distinguit
1184 907 1258 948 lib.

386 985 461 1014 ιιι.
489 977 585 1024 cap'.
619 975 684 1012 31.
716 972 780 1011 his
809 972 976 1012 verbis:
1010 973 1021 994 ‘
1045 973 1103 1011 Et
1123 971 1260 1011 Caela-

386 1043 498 1087 tura,
518 1029 614 1089 qu‘ae
644 1047 761 1086 auro,
795 1042 990 1087 argento,
1015 1047 1116 1084 aere,
1143 1034 1260 1074 ferro

387 1112 522 1152 opera
550 1097 708 1139 efficit:
740 1110 836 1138 narn
864 1099 899 1137 si
933 1099 1156 1149 sculptura
1182 1099 1261 1150 lig-

385 1174 503 1212 num,
520 1162 642 1213 ebur,
659 1174 858 1212 marmor,
878 1161 1048 1211 vitrum,
1076 1173 1261 1212 gemmas

386 1231 617 1278 praeterea,
631 1238 725 1278 quae
742 1237 872 1276 supra
889 1225 992 1271 dixi,
1009 1226 1137 1264 etiam
1151 1238 1262 1265 com—

386 1289 620 1342 plectitur!
666 1290 776 1329 Sane
814 1290 1008 1340 sculptor
1041 1291 1264 1329 marmoris

385 1353 560 1403 dicitur,
580 1365 663 1392 non
684 1353 878 1402 caelator,
899 1359 946 1393 ut
965 1359 1116 1393 contra
1140 1355 1263 1393 caela-

387 1421 485 1454 tura
504 1414 595 1454 auri
625 1420 671 1454 et
701 1416 883 1465 argenti,
914 1428 998 1455 non
1027 1417 1263 1469 sculptura.

387 1478 447 1517 Et
466 1478 688 1528 sculptura
707 1478 880 1530 quidem
911 1491 1033 1531 aeque
1060 1492 1110 1520 ac
1141 1482 1264 1521 caela-

386 1545 486 1579 tura
521 1538 681 1591 figuras
716 1547 913 1581 extantes
946 1541 1073 1594 facit,
1109 1543 1183 1583 sed
1220 1544 1264 1584 in

386 1605 519 1656 ligno,
558 1616 784 1656 marmore,
819 1607 964 1658 ebore,
1005 1612 1051 1646 et
1087 1609 1263 1659 gemmis

387 1673 606 1719 operatur,
637 1669 842 1708 caelatura
871 1670 914 1709 in
948 1683 1067 1723 auro,
1085 1679 1263 1724 argento

389 1736 434 1771 et
463 1743 559 1771 aere.
600 1731 755 1782 Virgil.
791 1739 931 1772 tamen
966 1735 1126 1786 lignum
1155 1735 1266 1775 dixit

389 1794 586 1833 caelatum
607 1806 686 1846 pro
714 1796 898 1847 sculpto,
922 1798 1167 1849 improprie,
1189 1799 1264 1838 sed

389 1857 586 1898 Politice.
634 1858 720 1898 Alii
741 1866 881 1900 tamen
902 1862 1054 1901 caelata
1073 1868 1193 1902 tecta
1212 1863 1266 1903 de

387 1920 658 1974 laquearibus
694 1923 856 1964 dixere.
912 1923 1113 1964 Gemmas
1144 1927 1266 1967 caela-

389 1991 454 2024 tas
487 1998 569 2024 non
604 1987 785 2038 legimus
812 1987 925 2039 apud
945 1993 1160 2039 auctores,
1190 1990 1267 2029 sed

389 2049 582 2099 sculptas
630 2056 704 2089 aut
742 2052 942 2102 scalptas.
1000 2053 1163 2092 Rursus
1200 2053 1268 2092 hic

389 2111 659 2164 distinguunt
690 2115 951 2165 sculpturam
981 2128 1005 2154 a
1034 2116 1267 2168 scalptura.

390 2175 508 2216 Quas
530 2188 713 2225 gemmas
733 2178 871 2229 sculpi
900 2184 1026 2218 notat
1046 2179 1270 2221 Quintilia-

389 2250 482 2289 nus,
511 2237 666 2290 figuras
700 2241 743 2279 in
772 2241 835 2280 liis
868 2248 1065 2282 extantes
1099 2242 1193 2283 fieri
1226 2249 1270 2284 et

387 2307 566 2353 ectypas
586 2301 805 2355 intelligit,
826 2311 872 2343 ut
892 2306 934 2344 in
969 2306 1110 2357 ebore,
1138 2307 1271 2357 ligno,

389 2370 433 2404 et
459 2377 668 2406 marmore
706 2368 817 2420 quod
847 2370 1093 2420 ‘sculpitur;
1137 2378 1181 2409 at
1215 2371 1267 2410 de

389 2429 471 2480 liis,
509 2443 605 2482 quae
652 2432 705 2471 ad
754 2434 1005 2484 signandum
1045 2443 1268 2486 cavantur,

389 2494 606 2545 scalptura
626 2496 797 2546 proprie
828 2504 874 2535 ut
903 2497 1135 2549 diceretur,
1171 2512 1268 2538 usus

389 2556 592 2609 loquendi
630 2559 844 2608 obtinuit;
884 2560 988 2599 licet
1016 2562 1180 2612 origine
1217 2575 1267 2602 ac

389 2620 701 2671 significatione
734 2622 847 2661 idem
882 2623 938 2662 sit
976 2624 1090 2675 quod
1126 2625 1269 2676 sculp-

391 2690 504 2724 tura.
535 2684 766 2725 Salmasius.

447 2750 468 2799 ξ
502 2751 551 2787 10
582 2748 680 2793 Quae
696 2750 993 2801 tempertinax]
1016 2751 1122 2790 Cum
1138 2751 1269 2791 Alex-

391 2810 525 2850 ander
544 2811 720 2850 Darium
738 2813 926 2862 vicisset,
947 2821 991 2853 et
1005 2814 1268 2866 Babylonem

390 2872 643 2923 subegisset,
663 2873 823 2913 audivit
852 2875 894 2913 in
915 2875 1039 2914 India
1059 2888 1168 2926 esse,
1199 2879 1270 2929 qui

391 2938 534 2981 ludum
583 2936 954 2988 Gymnosopliistae
1002 2947 1270 2981 exercerent.

392 3002 667 3042 Dicebantnr
703 3009 844 3042 auteur
893 3003 1269 3055 Gymnosophistae

391 3065 492 3104 nudi
527 3066 807 3118 Philosophi3
856 3066 950 3105 ideo
988 3072 1130 3107 autem
1167 3068 1270 3106 nudi

393 3129 609 3180 vivebant,
626 3131 722 3181 quia
742 3130 935 3170 dicerent
957 3136 1149 3169 naturam
1184 3143 1268 3170 om-

392 3193 514 3232 nibus
536 3193 662 3233 rebus
681 3194 875 3232 humanis
907 3193 1158 3243 providisse,
1190 3206 1270 3234 nec

391 3258 616 3309 quicquam
631 3256 783 3296 deesse
804 3257 996 3296 voluisse.
1055 3256 1268 3297 Quemad-

392 3321 562 3359 modum
581 3320 711 3372 igitur
727 3327 771 3360 et
791 3326 952 3359 caetera
979 3320 1181 3358 animalia
1208 3320 1269 3358 his

392 3388 599 3422 contenta
646 3387 805 3434 essent,
850 3395 943 3435 quae
993 3383 1072 3421 sibi
1119 3390 1270 3421 natura

393 3446 731 3496 suppeditasset,
795 3446 855 3486 ita
901 3446 1090 3485 homines
1138 3447 1267 3486 vitam

393 3521 510 3548 suam
534 3509 762 3550 informare
785 3510 959 3556 debere,
980 3516 1025 3549 ut
1043 3510 1140 3550 nihil
1164 3523 1269 3562 prar-

943 281 1139 320 *NOTAE
1182 281 1511 323 VARIORUM
1555 285 1620 323 lN

1319 406 1389 441 ter
1405 401 1517 454 quod
1536 402 1620 442 illis
1649 407 1803 442 natura
1828 401 2036 453 dedisset,
2060 403 2206 456 inqui-1

1320 472 1483 505 rei-ent.
1543 466 1602 506 Hi
1650 466 1896 518 Philosophi
1938 471 2078 515 erant,
2124 467 2197 520 qni

1321 540 1526 569 summum
1559 529 1715 568 bonum
1748 529 1787 568 in
1816 529 2035 581 voluptate
2067 540 2196 581 pone-

1321 590 1440 640 bant,
1482 603 1690 630 summum
1744 591 1899 631 malum
1946 591 1988 630 in
2034 591 2198 633 dolore.

1323 653 1414 692 Hos
1436 654 1566 705 igitur
1585 654 1757 693 videndi
1790 666 1945 707 magno
1985 654 2197 696 desiderio

1322 721 1472 766 captus
1496 720 1562 755 est
1594 714 1859 766 Alexander,
1877 722 1921 756 et
1939 716 2054 765 inter
2069 723 2199 757 caete-

1322 791 1389 818 ros
1412 780 1596 819 Calanus
1617 779 1788 832 quidam
1814 785 2023 831 praestare
2055 779 2201 829 andie-

1321 842 1476 892 batur3
1505 855 1600 882 cum
1628 843 1708 884 hoc
1737 843 1965 883 maximam
1984 842 2201 884 familiari-

1319 911 1453 946 tatem
1470 906 1593 947 inivit
1612 906 1872 957 Alexander,
1887 912 1933 947 et
1949 919 2044 947 eum
2058 919 2201 948 secum

1322 969 1514 1009 adduxit.
1568 970 1655 1010 Sed
1675 982 1771 1010 cum
1787 981 1898 1010 anno
1913 970 2010 1010 vitae
2031 982 2120 1012 suae
2132 974 2211 1011 68.-

1322 1032 1375 1072 ad
1396 1044 1469 1072 eos
1489 1034 1655 1073 dolores
1684 1032 1799 1074 forte
1838 1034 2119 1087 pervenisset,
2157 1041 2208 1076 ut

1321 1108 1392 1135 eos
1411 1097 1590 1137 ulterius
1605 1097 1717 1137 ferre
1731 1108 1814 1136 non
1827 1103 1988 1150 posset,
2001 1109 2100 1138 nam
2109 1099 2214 1139 alvo-

1323 1160 1586 1210 vexabatur;
1636 1172 1788 1212 rogum
1827 1159 1909 1201 sibi
1946 1163 2122 1213 struxit,
2159 1166 2217 1202 et.

1323 1235 1454 1263 aurea
1474 1223 1627 1263 lectica
1645 1223 1994 1276 superimposita,
2011 1225 2206 1266 incubuit

1324 1288 1573 1326 stramentis
1612 1291 1806 1338 opertus,
1842 1293 1892 1327 ut.
1929 1299 2004 1328 eos
2039 1287 2212 1329 dolores·

1326 1349 1571 1402 aufugeret,
1587 1350 1631 1389 in
1653 1349 1806 1401 quibus
1825 1361 2032 1391 summum
2050 1353 2205 1392 illalum

1325 1413 1562 1454 statuebat.
1616 1413 1791 1454 Deinde
1807 1414 2068 1454 Macedones
2084 1415 2206 1456 obse-

1325 1476 1480 1528 cravit,
1516 1481 1565 1516 ut
1603 1476 1723 1516 illum
1759 1475 1924 1518 laetitiae
1962 1477 2075 1518 diem
2110 1489 2206 1518 cum

1325 1541 1444 1592 Rege
1463 1541 1587 1580 simul
1603 1545 1803 1592 potantes
1818 1541 2059 1594 exigerent,
2079 1553 2207 1595 quem

1327 1605 1474 1656 paucis
1494 1611 1591 1656 post
1611 1604 1762 1646 diebus
1780 1605 2006 1657 Babylone
2020 1607 2207 1648 visurum

1326 1681 1371 1708 se
1410 1668 1549 1719 dixit3
1597 1675 1726 1722 atque
1765 1669 1829 1710 ita
1863 1670 1985 1711 brevi
2017 1670 2208 1712 futuram

1327 1733 1565 1774 Alexandri
1582 1741 1765 1774 mortem
1788 1734 2010 1788 praedixit,
2028 1736 2101 1788 qui
2123 1736 2213 1776 Ba«

1327 1797 1482 1848 bylone
1497 1799 1625 1849 periit
1637 1811 1648 1847 ;
1687 1799 1799 1838 sicut
1811 1810 1887 1839 suo
1900 1799 1996 1840 loco
2008 1794 2211 1840 dicemus.

1327 1860 1575 1901 Alexander
1594 1873 1709 1912 vero,
1724 1867 1894 1902 mortno
1914 1862 2092 1912 Caleno,
2109 1874 2211 1903 con-

1328 1925 1442 1964 vivia
1458 1925 1669 1964 celebrari
1698 1924 1846 1976 jussit,
1877 1924 1953 1964 sed
1979 1931 2211 1977 antequam

1328 1983 1581 2039 moreretur,
1591 1999 1687 2027 eum
1702 1987 1885 2039 rogavit,
1898 1989 1934 2028 si
1950 1988 2051 2041 quid
2066 1989 2216 2042 vellet,

1329 2058 1378 2091 ut
1394 2051 1582 2102 diceret;
1603 2051 1673 2104 qui
1689 2051 1794 2091 nibil
1811 2051 1926 2091 alind
1941 2053 2211 2104 respondisse

1331 2113 1486 2163 fertur,
1532 2115 1614 2154 nisi
1651 2115 1716 2154 Te
1756 2114 2006 2166 propediem
2039 2115 2211 2158 videbo]

1333 2178 1424 2219 Cic.
1439 2178 1494 2217 de
1514 2178 1662 2217 Divin.
1677 2177 1751 2218 lib.
1770 2189 1805 2219 1.
1849 2178 1862 2200 ‘
1878 2178 2063 2218 Calamis
2078 2178 2211 2220 Indus

1332 2253 1427 2281 cum
1449 2241 1734 2282 descenderet
1747 2242 1791 2281 in
1803 2253 1952 2294 rogum
1974 2241 2219 2293 ardentem,

1335 2304 1374 2345 Ο
1416 2305 1688 2356 praeclarum,
1719 2305 1878 2357 inquit,
1916 2304 2152 2344 discessum
2188 2317 2214 2345 e

1333 2368 1437 2419 vita,
1456 2380 1568 2417 cum,
1589 2374 1635 2407 ut
1657 2368 1836 2408 Herculi
1864 2367 2066 2420 contigit,
2101 2366 2215 2409 mor--¹

1332 2432 1408 2471 tali
1424 2444 1605 2483 corpore
1624 2438 1814 2472 cremato
1830 2432 1874 2472 in
1889 2432 2030 2473 lucem
2049 2433 2214 2473 animus

1332 2496 1581 2535 excesserit.
1640 2496 1832 2547 Cumque
1846 2493 2095 2535 Alexander
2115 2508 2213 2536 eum

1332 2564 1523 2608 rogaret,
1555 2559 1656 2610 quid
1680 2558 1828 2607 vellet,
1843 2563 1892 2598 ut
1912 2557 2094 2607 diceret,
2121 2559 2213 2609 Op-

1335 2622 1453 2666 time,
1491 2621 1646 2672 inquit,
1683 2620 1934 2672 propediem
1960 2620 2115 2661 videbo
2154 2627 2219 2660 te.

1334 2686 1457 2727 Quod
1480 2686 1610 2724 etiam
1633 2685 1846 2737 contigit!
1886 2686 2047 2726 Rursus
2065 2685 2119 2725 de
2134 2685 2213 2725 boc

1334 2749 1494 2789 Calano
1512 2751 1771 2790 mentionem
1790 2748 1895 2789 facit
1905 2751 2033 2790 Tusc.
2051 2749 2218 2792 Qriaest.

1334 2811 1406 2852 lib.
1441 2825 1492 2853 11.
1528 2821 1572 2853 et
1594 2814 1749 2854 Strabo
1770 2815 1814 2854 in
1833 2813 2125 2865 descriptione
2144 2813 2220 2852 In«

1334 2876 1417 2916 diae
1448 2877 1634 2928 plurima
1659 2877 1714 2917 de
1746 2877 1812 2916 his
1841 2876 2215 2929 Gymnosophistis

1333 2947 1462 2993 atque
1482 2942 1658 2982 Calano.
1690 2942 1840 2981 Oliver.
2162 2944 2165 2946 ’

1388 3004 1410 3055 ξ
1444 3009 1491 3044 11
1525 3005 1649 3050 Quem
1676 3005 1717 3045 in
1742 3005 1883 3044 hexere
1904 3003 2112 3057 Tyriorum
2128 3016 2216 3045 sen-

1333 3067 1455 3106 tinam
1471 3068 1730 3119 haurientem]
1748 3069 1904 3120 Vulgo,
1917 3080 2028 3120 quem
2039 3067 2083 3107 in
2090 3068 2219 3119 litore,

1332 3133 1397 3180 ὅτ.
1427 3133 1607 3172 Manent
1635 3132 1771 3172 adhuc
1798 3133 1840 3171 in
1872 3131 2044 3184 scriptis
2077 3131 2216 3172 codd.

1336 3199 1514 3235 vetustae
1545 3196 1739 3236 lectionis
1773 3195 1954 3248 vestigia
2003 3194 2214 3247 quaedam.

1334 3259 1386 3297 In
1419 3260 1645 3310 Campensi
1681 3259 1790 3297 enini
1829 3258 2012 3308 legitur:
2043 3270 2154 3310 quem
2172 3258 2216 3297 in

1333 3323 1472 3362 dextro
1492 3324 1611 3362 lutere
1629 3323 1747 3362 triere
1767 3321 1983 3374 Tyriorum.
2039 3320 2091 3360 In
2112 3321 2216 3360 Pul-

1334 3386 1562 3424 manniano
1594 3390 1753 3435 autem,
1782 3386 1825 3424 in
1845 3389 1978 3424 texere
2000 3382 2219 3432 Timbruml

1334 3447 1395 3487 At
1441 3449 1484 3487 iu
1530 3447 1825 3496 Atrebatensi,
1871 3448 2130 3494 Cauchiano‚
2169 3452 2219 3487 et-

1335 3510 1657 3551 Gemblaceusi:
1698 3523 1807 3562 quem
1825 3511 1868 3550 in
1882 3511 2050 3551 ‹rhea-ere
2074 3511 2214 3563 Tyrin-
