2320 4004
355 292 496 344 1132

355 423 469 463 bere.
525 421 578 461 Id
612 419 767 460 medici
800 430 882 459 non
915 422 1156 469 tacuerunt,
1177 422 1222 458 et

353 486 433 525 hoc
464 484 546 524 fuit
575 485 737 524 initium
768 482 921 522 Dionis
955 487 1002 522 et
1028 481 1222 534 Dionysii

352 549 594 587 simultatis.
649 546 852 585 Simulata
870 550 1011 584 tamen
1031 545 1221 596 aliquan-

353 611 427 651 diu
456 610 640 650 amicitia
667 608 761 648 fuit.
814 607 897 647 Sed
926 619 1019 647 cum
1038 618 1063 645 a
1080 606 1221 646 Dione

352 673 540 725 superari
562 672 744 722 videret,
761 671 945 722 ingenio,
956 671 1221 720 auctoritate,

349 749 492 776 amore
533 735 692 786 populi,
729 745 879 774 navem
922 734 961 773 ei
1007 733 1220 772 triremem

349 800 486 849 dedit,
507 811 589 851 qua
610 803 756 838 vectus
789 803 855 838 est
875 796 1137 847 Corinthum,
1158 809 1221 835 os-

349 863 547 911 tendens,
567 875 611 902 se
626 862 667 901 id
682 862 901 913 utriusque
917 871 1044 900 causa
1059 858 1220 909 facere,

348 939 417 977 ne,
445 939 540 966 cum
561 918 673 966 inter
691 937 735 965 se
764 925 979 974 timerent,
1013 923 1220 962 alteruter

347 990 598 1029 alterutrum
619 993 958 1040 praeoccuparet.
1010 985 1096 1026 Sed
1124 999 1218 1026 cum

345 1054 537 1094 audisset
557 1066 652 1093 eum
670 1054 712 1092 in
733 1053 1030 1103 Peloponneso
1050 1062 1217 1090 manum

347 1129 613 1169 comparare,
649 1116 825 1156 Aretem
862 1113 1014 1154 Dionis
1043 1125 1216 1153 uxorem

346 1180 418 1219 alii
438 1186 615 1232 nuptum
636 1179 772 1228 dedit,
800 1177 1017 1230 filiumque
1047 1177 1139 1228 ejus
1170 1177 1217 1215 li-

346 1242 538 1282 bidinose
568 1241 741 1283 educari
759 1241 901 1292 jussit.
957 1238 1214 1278 Heraclides

346 1305 517 1344 interim
539 1305 591 1344 ab
613 1305 759 1343 eodem
779 1303 996 1354 expulsus,
1015 1301 1084 1354 qui
1107 1313 1213 1352 prae-

345 1366 485 1406 fectus
520 1366 663 1406 fuerat
698 1366 901 1417 equitum,
937 1377 1032 1405 cum
1077 1364 1215 1403 Dione

344 1430 501 1468 bellum
520 1430 633 1468 omni
664 1429 828 1468 ratione
857 1438 1102 1478 comparare
1131 1438 1215 1465 coe-

345 1499 515 1542 perunt,
537 1497 581 1531 et
611 1491 726 1530 Dion
759 1491 929 1542 quidem
963 1488 1098 1529 fretus
1130 1501 1215 1529 non

345 1561 429 1593 tam
463 1555 548 1593 suis
575 1554 709 1605 copiis
741 1565 865 1605 quam
897 1551 994 1591 odio
1031 1552 1215 1605 tyranni,

342 1629 438 1656 cum
460 1617 685 1668 Dionysius
716 1617 892 1656 classem
925 1616 965 1654 in
995 1616 1123 1655 Italia
1141 1628 1214 1666 op-

343 1680 575 1732 periretur,
602 1684 698 1730 post
729 1679 842 1718 diem
878 1679 1069 1727 tertium,
1101 1678 1213 1731 quod

340 1743 526 1783 Siciliam
561 1742 779 1793 attigerat,
811 1742 1045 1794 Syracusas
1072 1742 1216 1782 introi-

342 1808 420 1859 vit,
438 1819 571 1859 eoque
593 1819 680 1847 rem
700 1805 916 1857 perduxit,
936 1812 984 1846 ut
1010 1813 1214 1858 tyrannus

342 1882 492 1922 pacem
512 1870 654 1910 facere
671 1870 798 1910 vellet
818 1870 1084 1923 pactionibus
1103 1872 1216 1923 ejus·

342 1933 484 1973 modi:
532 1934 719 1973 Siciliam
740 1933 855 1973 Dion
875 1933 1108 1983 obtineret,
1128 1935 1215 1974 Ita-

340 1997 438 2036 liam
459 1997 704 2048 Dionysius,
727 1995 958 2049 Syracusas
977 1997 1216 2050 Apollicra-

341 2063 423 2109 tes,
444 2059 512 2099 cui
530 2060 752 2100 maximam
784 2058 912 2099 fidem
944 2061 1015 2100 uni
1034 2060 1218 2101 habebat

343 2123 473 2163 Dion.
529 2123 659 2163 Haud
677 2124 738 2163 ita
751 2126 883 2164 multo
902 2131 997 2176 post
1016 2131 1112 2165 orta
1131 2125 1216 2164 dis-

339 2187 482 2226 sensio
501 2193 568 2227 est
585 2188 697 2227 inter
723 2201 835 2237 eum,
853 2195 898 2228 et
916 2188 1212 2240 Heraclidem;

340 2255 388 2290 et
408 2249 637 2290 factionem
667 2253 950 2303 comparavit,
978 2265 1073 2306 quae
1104 2253 1215 2305 priu-

339 2314 528 2365 cipatum
559 2327 640 2354 non
678 2315 968 2365 concedebat3
1006 2327 1143 2368 neque
1177 2315 1214 2355 is

340 2378 477 2418 minus
506 2378 678 2418 valebat
707 2378 821 2430 apud
850 2379 1216 2431 optimates,quo-

340 2452 433 2480 rum
478 2453 689 2481 consensu
726 2449 910 2493 praeerat
946 2442 1088 2492 classi,
1117 2455 1212 2482 cum

339 2503 451 2542 Dion
489 2505 730 2555 pedestrem
762 2505 997 2545 exercitum
1033 2511 1215 2546 teneret.

340 2567 438 2606 Non
460 2568 558 2607 tulit
575 2568 655 2606 hoc
685 2580 807 2620 aequo
842 2569 981 2608 animo
1009 2569 1142 2619 Dion,
1168 2573 1215 2608 et

340 2642 505 2670 versum
536 2631 653 2669 illum
683 2631 859 2670 Homeri
893 2632 1040 2670 retulit
1073 2643 1129 2670 ex
1149 2638 1213 2670 se-

339 2692 478 2732 cunda
497 2693 745 2743 rhapsodia:
776 2694 858 2732 Οὔκ
875 2693 1019 2743 ἀγαθὸν
1036 2701 1213 2733 πολυκοι·

337 2756 462 2808 ρανίη,
498 2754 552 2796 εἷς
578 2755 748 2808 κοίρανος
775 2754 890 2807 ἔστω,
926 2755 991 2797 Εἲς
1017 2755 1213 2803 βασιλεύς.

341 2821 503 2860 Postea
523 2831 638 2870 vero,
673 2831 767 2858 cum
802 2819 1132 2870 multitudinem,
1151 2821 1212 2859 in-

339 2881 525 2922 terfecto
546 2882 793 2932 Heraclide,
810 2880 1083 2932 offendisset3
1115 2895 1211 2923 nam

338 2945 543 2985 militibus
574 2957 717 2985 eorum
754 2945 880 2995 bona,
910 2959 1013 2998 quos
1050 2947 1212 2987 sciebat

340 3009 563 3049 adversum
592 3009 786 3058 sensisse,
803 3009 1028 3048 lieentibus
1049 3009 1212 3061 disper-

340 3073 462 3112 tivit:
514 3071 737 3123 Callippus
765 3071 933 3123 quidam
955 3073 1059 3112 civis
1082 3071 1211 3112 Athe-

339 3136 515 3184 niensis,
532 3135 603 3187 qui
634 3147 729 3175 cum
763 3147 813 3174 eo
847 3135 970 3174 simul
1000 3147 1053 3174 ex
1086 3135 1212 3175 Pelo-

339 3211 530 3251 ponneso
550 3199 592 3238 in
610 3198 796 3239 Siciliam
817 3205 1008 3249 venerat,
1029 3199 1153 3238 homo
1169 3205 1214 3238 et

338 3263 535 3312 callidus,
555 3267 600 3302 et
631 3261 684 3301 ad
716 3259 905 3302 fraudem
936 3267 1102 3312 acutus,
1121 3263 1212 3301 sine

339 3328 425 3367 ulla
444 3327 649 3378 religione
675 3337 726 3366 ac
755 3325 855 3376 fide,
887 3325 992 3364 adiit
1011 3325 1212 3375 Dionem,

339 3391 400 3446 ait
420 3401 572 3441 magno
591 3399 685 3428 eum
707 3388 749 3429 in
769 3388 963 3440 periculo
978 3398 1067 3427 esse
1084 3399 1212 3439 prop·

339 3459 406 3492 ter
426 3451 699 3495 offensionem
726 3451 874 3504 populi
903 3456 948 3491 et
978 3450 1075 3491 odia
1108 3450 1212 3489 mili-

341 3522 447 3566 tum,
466 3527 580 3568 quos,
596 3513 814 3555 exhaustis
832 3513 1004 3562 civibus,
1024 3524 1100 3566 per
1119 3512 1212 3552 libi·

932 301 1111 340 NOTAE.
1149 299 1223 336 VA
1236 297 1477 337 RIORUM
1518 297 1582 335 IN

1283 417 1423 456 dinem
1446 429 1605 462 eorum,
1624 415 1839 468 expellere
1859 425 1941 454 non
1963 416 2151 465 poterat.

1283 481 1503 519 Consuluit
1534 491 1636 530 ergo
1666 479 1792 518 alicui
1822 489 1990 517 suorum
2025 487 2154 527 nego-

1283 543 1384 582 tium
1419 542 1603 592 mandet,
1631 542 1702 594 qui
1729 553 1775 581 se
1804 540 1974 580 simulet
1992 539 2052 579 illi
2072 537 2151 577 ini-

1282 606 1435 644 micum
1456 620 1466 654 3
1510 617 1632 656 quem
1654 605 1689 644 si
1709 605 1904 644 idoneum
1925 602 2154 653 invenerit,

1280 666 1404 707 facile
1440 669 1622 707 omnium
1665 668 1821 707 animos
1867 667 2151 718 cogniturum.

1280 732 1372 771 Tali
1415 733 1591 772 consilio
1633 732 1828 783 probato,
1860 731 2035 782 excepit
2077 730 2153 769 has

1282 803 1425 847 partes
1461 796 1552 847 ipse
1592 795 1827 845 Callippus,
1860 798 1904 833 et
1934 805 1980 832 se
2014 797 2152 832 armat

1282 859 1567 910 imprudentia
1589 858 1739 898 Dionis
1758 857 1811 895 ad
1832 868 1927 896 eum
1945 853 2154 895 interfici-

1280 922 1449 961 endum.
1506 915 1578 962 Fit
1605 920 1843 972 conjuratio
1881 917 2025 958 multis
2053 929 2154 958 eon-

1280 986 1392 1038 seiis,
1409 984 1602 1025 defertur
1615 985 1669 1024 ad
1687 984 1783 1024 Aris
1791 983 2020 1024 tomacliem
2036 994 2156 1022 soro·-

1279 1061 1367 1088 rem
1422 1048 1590 1098 Dionis,
1647 1058 1906 1099 uxoremque
1970 1044 2150 1085 Areten.

1279 1112 1550 1152 Conveniunt
1583 1111 1779 1152 Dionem.
1834 1109 1982 1160 Negat
2012 1120 2036 1148 a
2056 1108 2151 1148 Cal-

1277 1175 1393 1226 lippo
1422 1173 1514 1213 fieri
1537 1173 1726 1214 insidias.
1783 1172 1989 1212 Mulieres
2022 1171 2152 1211 nihilo

1278 1239 1415 1278 secius
1436 1237 1677 1289 Callippum
1697 1238 1739 1276 in
1767 1235 1859 1276 aede
1878 1235 2151 1287 Proserpinae

1269 1302 1417 1354 jurare
1451 1305 1623 1351 cogunt,
1652 1301 1754 1339 nihil
1786 1300 1839 1340 ab
1868 1300 1940 1340 illo
1971 1299 2152 1351 periculi

1277 1364 1397 1414 ἴοι-ες
1445 1364 1519 1404 sed
1553 1363 1633 1403 hoc
1666 1362 1872 1402 maturius
1891 1361 2078 1414 peregit,
2106 1365 2153 1401 et

1279 1429 1472 1480 proximo
1498 1425 1609 1467 festo
1640 1425 1899 1479 Zacynthios
1933 1436 1957 1464 e
1976 1435 2155 1464 numero

1279 1502 1447 1530 suorum
1482 1489 1775 1529 adolescentes
1820 1487 1970 1540 elegit,
2012 1492 2062 1527 ut
2097 1485 2151 1526 ad

1278 1554 1458 1592 Dionem
1495 1557 1596 1592 eant
1625 1552 1821 1598 inermes,
1859 1551 1931 1603 qui
1971 1557 2152 1602 propter

1277 1617 1471 1656 notitiam
1490 1615 1731 1665 intromissi,
1744 1613 1908 1654 foribus
1927 1613 2156 1663 obseratis,

1277 1679 1319 1719 in
1346 1679 1459 1718 lecto
1492 1678 1718 1718 cubantem
1750 1677 1969 1727 colligant,
1989 1681 2035 1716 et
2052 1675 2152 1728 quia

1276 1741 1458 1781 inermes
1495 1746 1633 1790 erant,
1661 1738 1967 1792 flagitantibus,
2002 1738 2151 1788 Lycen

1277 1804 1446 1857 quidam
1483 1804 1776 1854 Syracusanus
1823 1813 1901 1854 per
1938 1799 2153 1840 fenestras

1277 1867 1463 1919 gladium
1490 1866 1623 1906 dedit.
1680 1863 2020 1917 Callippifrater
2051 1863 2151 1902 Phi-

1276 1932 1476 1971 lostratus
1497 1930 1594 1980 fuit,
1614 1929 1683 1969 cui
1699 1933 1903 1969 armatam
1932 1927 2151 1968 triremem

1277 1994 1457 2035 dederat
1487 1994 1528 2034 in
1547 1998 1715 2045 portum
1737 1991 1996 2045 agitandam,
2013 1996 2060 2031 nt
2078 2001 2153 2042 pa-

1278 2063 1372 2098 rata
1390 2063 1503 2097 esset
1532 2057 1584 2096 ad
1601 2059 1797 2107 salutem,
1816 2056 1850 2095 si
1869 2054 1984 2096 forte
2015 2054 2151 2094 eonsi-

1277 2123 1343 2162 liis
1378 2122 1547 2163 fortuna
1577 2122 1834 2163 obstitisset.
1891 2122 1978 2162 Hic
2006 2121 2154 2173 igitur,

1277 2184 1389 2237 quod
1427 2185 1479 2224 ad
1526 2184 1861 2225 moderationem
1906 2189 2094 2236 spectat,
2126 2195 2154 2222 a

1252 2256 1254 2258 “
1275 2249 1484 2300 Dionysio
1501 2249 1647 2300 pulsus
1656 2261 1750 2289 cum
1770 2249 1993 2300 Megaram
2015 2246 2152 2287 venis·

1274 2318 1354 2363 set,
1367 2318 1412 2352 et
1427 2309 1693 2352 Theodorum
1713 2311 1800 2363 ejus
1814 2311 1894 2352 loci
1914 2310 2152 2363 principem

1275 2377 1501 2416 convenire
1530 2375 1750 2427 voluisset,
1786 2380 1887 2415 ante
1907 2374 2020 2416 illius
2038 2372 2152 2414 fores

1276 2438 1520 2491 aliquandiu
1565 2444 1725 2490 praeter
1763 2439 1855 2491 ejus
1896 2437 2153 2490 dignitatem

1276 2503 1476 2543 detentus
1513 2510 1591 2544 est.
1649 2503 1775 2544 Quod
1823 2503 1926 2542 nihil
1971 2503 2152 2542 moleste

1275 2566 1434 2615 ferens,
1454 2567 1514 2606 ait
1533 2566 1679 2606 comiti
1712 2578 1807 2617 suo,
1837 2565 1880 2605 id
1902 2565 2072 2605 minime
2092 2565 2152 2604 vi-

1275 2630 1366 2669 deri
1383 2642 1529 2681 grave,
1543 2629 1653 2682 quod
1666 2634 1710 2668 et
1730 2629 1822 2680 ipse
1838 2628 2040 2679 fortasse,
2053 2639 2151 2669 eum

1276 2695 1317 2733 in
1339 2693 1518 2744 imperio
1537 2693 1666 2744 foret,
1683 2693 1770 2733 tale
1788 2692 2012 2746 quicquam
2028 2690 2153 2733 fecis·

1275 2763 1356 2795 set.
1391 2757 1601 2796 Oliverius.

1330 2819 1492 2871 Patria]
1520 2811 1752 2870 Syracusis.

1328 2881 1555 2932 Megaram]
1585 2881 1763 2932 Megara
1777 2879 1878 2920 urbs
1896 2885 1961 2920 est
1974 2878 2151 2920 Achaiae

1274 2945 1315 2984 in
1336 2943 1518 2984 confinio
1537 2943 1697 2984 Atticae
1714 2950 1756 2983 et
1778 2942 2080 2994 Peloponnesi.

1330 3008 1567 3047 Theodorum
1601 3005 1835 3058 principem]
1890 3004 2154 3045 Plutarchus

1274 3072 1286 3094 ‘
1306 3071 1564 3110 Pleodorum
1603 3070 1901 3122 Megarensem
1945 3066 2154 3108 divitem'

1276 3141 1415 3186 vocat,
1434 3146 1517 3174 non
1541 3133 1790 3173 Theodorum.
1821 3132 1998 3172 Coi-rad.
2050 3159 2052 3162 >

1329 3198 1395 3248 §4
1425 3195 1686 3249 Thrasybulus
1704 3195 1824 3234 etiam
1860 3195 1931 3234 hoc
1959 3193 2053 3246 loci]
2088 3192 2152 3234 Ut

1274 3260 1316 3299 in
1337 3260 1528 3310 capitulo
1548 3260 1602 3298 de
1619 3258 1817 3307 Somniis,
1835 3263 1878 3296 et
1898 3256 1940 3296 in
1961 3256 2152 3308 capitulo

1275 3322 1330 3362 de
1367 3321 1653 3371 Fortitudine,
1685 3320 1884 3370 diximus,
1917 3318 2152 3371 Lysander,

1276 3385 1361 3424 dux
1394 3383 1826 3432 Lacedaemoniorum,
1860 3381 1986 3422 victis
2023 3381 2154 3422 Athe-

1277 3446 1509 3492 niensibus,
1532 3445 1711 3496 triginta
1738 3445 1953 3484 Praetores
1983 3457 2151 3499 praepo-

1276 3510 1375 3560 suit,
1396 3509 1466 3562 qui
1488 3508 1615 3560 paulo
1649 3513 1743 3559 post
1777 3507 1820 3546 in
1854 3506 2034 3548 totidem
2054 3519 2150 3549 eva-
