2320 4004
385 239 527 295 1204

439 370 657 422 Abdicare]
703 367 882 409 Familia
915 367 1090 420 ejicere,
1126 369 1260 420 patri·

385 435 526 474 monio
549 435 727 485 privare,
755 439 801 472 et
828 445 853 472 a
880 433 1001 472 bonis
1031 433 1259 484 repellere.

386 499 465 538 Est
485 498 594 537 enim
615 497 807 547 abdicare,
824 495 959 535 filium
989 508 1014 535 a
1038 495 1158 535 bonis
1193 506 1260 534 re-

386 562 566 613 pellere,
586 561 684 599 dum
707 560 813 599 vivit
832 564 982 611 pater;
1012 560 1260 600 exhaeredare

385 637 491 665 vero
511 629 609 676 post
628 627 821 663 mortem.
851 624 975 664 Idem.

412 702 414 704 ’
437 691 462 742 ξ
482 693 506 729 3
536 689 616 729 Sed
644 690 771 729 nescio
805 702 857 728 an
897 689 1099 740 Octavius]
1125 689 1261 729 Patet

383 752 560 793 historia
579 764 660 804 per
691 766 750 794 se.
805 753 998 804 Contigit
1017 759 1160 793 autem
1179 753 1258 793 hoc

384 815 584 856 confecto
623 817 737 859 bello
782 817 913 863 civili,
950 817 1062 869 quod
1109 823 1260 857 contra

380 881 565 922 Brutum
587 886 633 921 et
647 881 839 921 Cassium
861 882 1040 922 Caesaris
1059 880 1266 921 interfec·'

381 948 498 984 tores
518 950 685 996 gestum
705 949 788 995 est,
816 956 910 984 cum
936 944 1158 984 debellatis
1179 944 1259 982 rei-

380 1007 561 1061 publicae
583 1007 777 1060 partibus
793 1008 1017 1059 Octavius,
1033 1007 1258 1058 Antonius,

382 1079 429 1110 et
449 1063 639 1122 Lepidus
660 1071 948 1111 Romanorum
969 1072 1081 1111 inter
1111 1082 1157 1110 se
1185 1071 1258 1110 im-

381 1134 548 1186 perium
577 1135 734 1185 sortiti,
754 1147 850 1175 suos
869 1135 1045 1188 quisque
1065 1134 1257 1174 inimicos

385 1199 749 1250 proscripserunt.
783 1198 890 1238 Oliv.

444 1262 702 1313 Proscriptus
737 1275 762 1302 a
799 1259 1039 1311 triumviris]
1085 1260 1258 1300 Scilicet

381 1323 597 1376 Augusto,
622 1324 824 1374 Antonio,
846 1329 890 1364 et
908 1324 1088 1376 Lepido,
1108 1323 1179 1376 qui
1195 1323 1258 1362 in·

381 1394 450 1428 ter
477 1400 522 1427 se
553 1388 777 1440 imperium
810 1388 960 1439 partiti
991 1393 1129 1428 erant.
1187 1387 1258 1426 De

382 1451 536 1503 quibus
554 1450 582 1491 J
587 1450 776 1490 uvenalis
793 1463 803 1490 :
822 1451 834 1473 ‘
850 1450 902 1489 In
923 1449 1112 1490 tabulam
1127 1449 1258 1502 Syllae

383 1516 417 1554 si
434 1515 579 1554 dicant
595 1514 796 1566 discipuli
817 1513 937 1554 tres.'
966 1515 1133 1554 Badius.

440 1580 558 1618 Ex'r.
590 1580 655 1631 §1
686 1578 970 1630 Protinusque]
1015 1577 1260 1618 Secundum

386 1643 684 1692 Plutarchum,
715 1655 796 1683 nec
830 1649 928 1695 post
953 1643 1138 1694 spatium
1172 1644 1261 1694 qui-

380 1707 478 1746 dem
500 1706 627 1747 trium
657 1706 819 1746 dierum
850 1706 893 1745 id
925 1706 1099 1759 aperuit
1129 1706 1260 1758 patri,

379 1770 553 1821 timens,
574 1782 628 1809 ne
649 1770 742 1821 regi
761 1769 929 1810 faceret
947 1769 1162 1823 injuriam.
1195 1770 1260 1809 Ex

379 1845 466 1886 quo
485 1833 646 1874 dicitur
663 1834 742 1873 hac
759 1839 852 1873 arte.
872 1845 989 1883 usuS,
1019 1839 1068 1873 ut
1089 1845 1173 1872 non
1193 1845 1259 1872 re-

379 1898 511 1950 ginen,
537 1897 613 1937 sed
634 1910 722 1937 suae
751 1897 883 1949 ipsius
908 1896 1094 1949 fingeret
1114 1897 1260 1936 uxoris

382 1967 528 2001 amore
562 1966 812 2012 correptum
844 1960 1180 2012 adolescentem,
1213 1965 1262 2000 ut

377 2024 480 2063 inde
497 2023 650 2064 sensim
667 2023 780 2074 regis
794 2023 1043 2075 perciperet
1057 2023 1258 2063 animum.

382 2086 494 2127 Nam
513 2099 608 2127 cum
641 2087 828 2126 dixisset
855 2087 971 2127 illum
1010 2099 1118 2126 novo
1146 2099 1258 2127 mor-

380 2151 438 2191 bo
458 2150 715 2202 implicitum
736 2151 778 2190 vi
801 2151 945 2202 nimia,
963 2150 1053 2191 scil.
1085 2151 1258 2201 amoris,

380 2226 463 2267 quo
478 2214 558 2252 nisi
578 2214 839 2266 expleretur,
854 2215 995 2254 sanari
1009 2227 1092 2254 non
1109 2225 1259 2266 posse;

379 2283 425 2317 et
453 2277 549 2329 ejus
571 2277 742 2329 quidem
775 2278 962 2317 mulieris
991 2290 1134 2318 amore
1164 2290 1258 2318 cor-

378 2347 551 2393 reptum
589 2353 698 2392 esse,
735 2354 862 2395 quam
900 2341 1107 2394 consequi
1142 2341 1257 2381 haud

377 2405 620 2457 potuisset3
659 2405 892 2446 admiratus
921 2406 1127 2446 Seleucus
1163 2406 1256 2445 dix-

378 2470 463 2509 isse
483 2468 650 2510 fertur:
687 2470 843 2510 Nonne
860 2470 1070 2509 universae
1092 2469 1257 2520 impero

377 2532 508 2583 Asiae,
527 2539 572 2573 et
592 2545 671 2584 pro
692 2533 925 2584 superstite
945 2532 1031 2572 filio
1051 2533 1154 2572 dare
1173 2545 1258 2572 om-

374 2595 446 2635 nia
465 2607 635 2647 possum
654 2596 668 2634 ?
698 2596 857 2647 Solum,
877 2609 970 2647 quae
993 2595 1143 2635 mulier
1162 2595 1255 2634 haec

376 2665 506 2709 esset,
520 2656 802 2709 efflagitabat.
858 2658 939 2698 Cui
951 2659 1254 2698 Erasistratus:

374 2722 538 2767 Meam,
558 2721 714 2773 inquit,
731 2733 906 2760 uxorem
925 2720 1110 2772 deperit.
1148 2721 1255 2759 Tum

375 2797 453 2824 rex
467 2784 582 2824 miris
597 2783 980 2835 pollicitationibus
997 2782 1191 2835 rogabat,
1207 2787 1255 2822 ut

374 2848 493 2888 illam
525 2848 567 2886 in
601 2846 847 2898 conjugium
886 2845 974 2887 filio
1005 2846 1148 2904 daret,
1185 2846 1254 2886 cui

380 2916 549 2952 tantum
569 2922 746 2962 regnum
764 2910 1021 2951 debebatur.
1077 2910 1157 2950 Cui
1187 2921 1252 2948 re·

374 2973 591 3028 spondens
604 2974 913 3015 Erasistratus:
935 2973 1003 3014 An
1017 2978 1080 3025 tu,
1095 2973 1251 3025 inquit,

377 3049 631 3094 quamquam
668 3039 758 3090 ejus
797 3050 969 3090 parens,
1007 3038 1043 3076 si
1077 3048 1252 3076 uxorem

378 3109 698 3154 tuam-cuperet
713 3101 970 3153 Antiochus,
1002 3102 1119 3141 illam
1140 3103 1253 3141 ultro

376 3166 558 3206 daturus
579 3165 721 3205 esses?
747 3165 853 3205 Tum
868 3165 1075 3206 Seleucus
1093 3170 1253 3205 testans

376 3233 495 3272 Deos
514 3243 659 3271 omnes
677 3231 766 3271 sine
780 3231 1054 3272 cunctatione
1070 3243 1114 3270 se
1131 3230 1255 3270 datu-

377 3308 472 3335 rum
498 3295 597 3335 laete
615 3295 854 3346 respondit.
911 3294 1036 3336 Quod
1057 3306 1151 3335 cum
1170 3306 1254 3334 non

375 3358 478 3399 ficte
499 3370 644 3410 regem
663 3357 784 3398 effari
797 3358 1080 3398 Erasistratus
1099 3369 1255 3408 cogno-

379 3422 530 3473 visset,
551 3422 789 3474 passionem
809 3421 886 3462 filii
915 3426 961 3462 et
980 3434 1069 3462 rem
1088 3433 1257 3461 omnem

379 3486 497 3536 patri
527 3488 718 3539 aperuit,
750 3492 795 3528 et
826 3486 1183 3541 quemadmodum
1213 3486 1256 3526 id

970 250 1148 290 No'rAE
1190 249 1519 290 VARIORUM
1560 251 1626 290 IN

1327 368 1697 422 deprehendisset,
1716 371 1966 411 declaravit.
1997 369 2200 412 Seleucus

1325 434 1478 485 gaudio
1494 436 1646 487 elatus,
1665 435 1836 475 unicum
1852 447 1958 486 opus
1977 445 2200 486 superesse

1324 499 1404 537 sibi
1424 498 1653 538 arbitratus
1672 503 1749 549 est,
1779 511 1862 552 quo
1881 504 2009 551 pacto
2036 498 2078 537 id
2111 497 2200 538 filio

1324 562 1664 614 persuadendum
1700 570 1830 614 esset,
1873 576 1957 616 quo
1995 568 2121 614 pacto
2153 566 2210 603 et.

1322 627 1478 676 uxori3
1516 627 1690 666 tandem
1732 627 1924 668 exercitu
1960 632 2199 667 convocato

1323 702 1413 729 rem
1428 690 1641 741 aperiens,
1670 690 1944 730 clarissimam
1959 701 2134 730 uxorem
2150 689 2198 728 fi-

1322 755 1381 793 lio
1428 754 1557 793 etiam
1604 752 1739 792 invito
1781 753 2008 805 conjugem
2062 753 2198 794 dedit.

1323 816 1448 858 Quod
1469 815 1737 867 magnificum
1757 821 1803 855 et
1821 818 1966 868 regale
1993 816 2048 856 ab
2067 817 2200 858 omni-

1324 880 1401 920 bus
1419 881 1709 920 existimatum
1729 879 1827 931 fuit,
1845 892 1895 919 ac
1922 879 2200 932 magnificen-

1322 944 1406 984 tius
1419 944 1590 996 quidem
1607 949 1653 983 et
1669 943 1901 994 sapientius
1915 942 2199 982 adolescentis

1324 1021 1482 1060 amore,
1495 1013 1621 1060 atque
1639 1007 1693 1046 ad
1707 1018 1892 1046 amorem
1910 1006 2003 1058 ejus
2022 1006 2198 1058 insignis

1322 1072 1575 1111 moderatio.
1606 1071 1755 1110 Oliver.

1374 1135 1525 1187 Senex]
1570 1135 1656 1178 Qui
1674 1140 1829 1175 natura
1852 1134 2076 1187 zelotypus
2105 1145 2198 1173 esse

1321 1199 1557 1239 consuevit.

1377 1264 1399 1315 ᾧ
1420 1266 1445 1302 2
1473 1260 1530 1301 At
1550 1261 1731 1301 Seleucus
1746 1259 1899 1311 quidem
1917 1261 2056 1313 uxore]
2094 1261 2199 1301 Plu-

1320 1327 1497 1368 tarchus
1530 1327 1575 1366 in
1612 1327 1704 1367 vita
1731 1327 1950 1379 Pompeii:
1980 1328 1993 1350 ⁶
2011 1327 2198 1368 Devicta

1319 1389 1574 1430 Mithridate
1593 1389 1705 1441 apud
1738 1390 2018 1440 Euphratem,
2046 1390 2200 1441 spolia-

1320 1455 1461 1507 tisque
1480 1453 1648 1499 castris,
1677 1453 1922 1504 provincias
1941 1453 2199 1505 composuit,

1324 1529 1504 1557 munera
1519 1515 1759 1565 distribuit3
1779 1527 1874 1556 cum
1887 1516 2011 1556 multi
2030 1515 2084 1557 ad
2102 1528 2199 1558 eum

1322 1580 1542 1632 principes
1563 1584 1609 1619 et
1633 1591 1774 1619 rerum
1800 1580 1958 1620 domini
1987 1592 2198 1633 regesque

1319 1644 1492 1684 barbari
1511 1642 1736 1683 duodecim
1754 1644 1983 1685 venissent.
2001 1643 2200 1685 Ariobar-

1321 1720 1449 1747 zanes
1488 1706 1792 1759 cappadociae,
1830 1707 2088 1748 Nicomedes
2124 1708 2198 1748 Bi-

1321 1771 1479 1823 thyniae
1496 1782 1628 1822 regno
1643 1782 1667 1809 a
1683 1770 1938 1811 Mithridate
1949 1771 2083 1812 Ponti
2095 1783 2198 1824 rege

1322 1835 1436 1887 pulsi
1454 1833 1642 1880 fuerant,
1669 1833 1745 1873 hos
1765 1834 1948 1886 primum
1967 1834 2018 1875 L.
2039 1835 2200 1876 Corne-

1319 1899 1401 1938 lius
1422 1897 1536 1949 Sylla
1554 1897 1596 1936 in
1625 1908 1748 1936 suum
1777 1909 1992 1950 quemque
2019 1910 2197 1950 regnum

1320 1961 1579 2001 reduxerat:
1610 1960 1762 2012 quibus
1780 1960 1935 2000 iterum
1963 1961 2017 2002 ab
2044 1961 2197 2001 eodem

1317 2037 1420 2076 rege
1433 2025 1582 2076 pulsis,
1601 2024 1834 2076 Pompeius
1851 2036 1947 2064 cum
1968 2023 2196 2064 Mithrida-

1318 2095 1406 2130 tem
1427 2088 1533 2128 mori
1553 2087 1725 2133 tandem
1745 2087 1971 2140 coegisset,
1991 2087 2196 2129 Ariobar—

1317 2165 1463 2194 zanem
1506 2152 1754 2192 restitutum
1797 2163 1945 2204 regem
1987 2152 2200 2204 appellari

1311 2218 1460 2270 jussit,
1493 2216 1567 2269 qui
1594 2227 1774 2267 regnum
1801 2213 1890 2255 filio
1920 2215 2052 2255 cessit
2087 2226 2197 2267 prae·
2239 2220 2242 2223 ’

1318 2287 1439 2321 sente
1454 2279 1695 2333 Pompeio!
1727 2279 1873 2321 Oliver.
1930 2278 2125 2330 Contigit
2142 2277 2197 2318 A.

1316 2347 1372 2386 U.
1398 2356 1573 2386 ncxcn.

1372 2411 1423 2450 In
1441 2408 1578 2460 cornu]
1605 2410 1722 2450 Loco
1739 2407 1812 2449 ubi
1827 2414 1923 2448 erat
1941 2407 2098 2448 scriba.

1372 2474 1483 2513 CAP.
1503 2484 1606 2513 vm.
1663 2474 1685 2525 ᾗ
1726 2475 1749 2511 1
1808 2471 1976 2512 Comicae
2005 2469 2198 2523 lenitatis,

1315 2537 1402 2588 ira]
1435 2536 1629 2587 Contigit
1646 2535 1701 2575 A.
1723 2535 1779 2574 U.
1798 2545 1982 2575 ccxmv.

1371 2601 1458 2639 Par
1479 2601 1641 2639 Romulo
1656 2598 1785 2648 gloria
1797 2597 1847 2638 L.
1861 2595 2035 2646 Brutus]
2064 2597 2195 2649 Cujus

1316 2664 1560 2714 exemplum
1594 2664 1774 2715 primum
1795 2667 1864 2702 est
1882 2662 1930 2702 L.
1951 2661 2093 2711 Bruti,
2107 2660 2197 2712 ,qui

1314 2725 1425 2766 filios
1445 2727 1699 2778 duosvirgis
1716 2724 1839 2776 caedi,
1871 2729 1918 2764 et
1936 2723 2079 2764 securi
2100 2734 2198 2775 per-

1315 2791 1403 2831 cuti
1415 2789 1575 2842 jussit3
1604 2789 1702 2841 quia
1721 2796 1818 2828 cum
1847 2787 1929 2828 illis
1957 2790 2196 2836 senserant,

1315 2855 1387 2908 qui
1405 2853 1654 2906 Tarquinios
1683 2863 1807 2904 reges
1837 2851 1892 2892 ab
1922 2850 2016 2903 ipso
2048 2850 2197 2902 paucis

1316 2923 1417 2958 ante
1437 2917 1587 2957 diebus
1607 2921 1781 2956 exactos
1799 2915 1842 2955 in
1870 2926 2047 2966 regnum
2073 2913 2197 2953 resti-

1314 2987 1437 3022 tuere
1458 2980 1685 3032 parabant.
1742 2980 1854 3020 Nam
1874 2978 2004 3031 paulo
2022 2982 2121 3029 post
2145 2977 2196 3015 li-

1314 3044 1531 3085 bertatem
1563 3056 1588 3083 a
1617 3043 1777 3095 populo
1811 3047 1993 3094 partum,
2018 3041 2062 3081 id
2081 3039 2195 3093 quod

1314 3107 1487 3147 minime
1517 3106 1751 3146 timebatur
1770 3117 1848 3158 per
1867 3104 2012 3144 dolum
2033 3108 2080 3142 et
2098 3114 2198 3155 pro-

1315 3171 1521 3210 ditionem
1567 3175 1634 3209 est
1679 3167 1984 3221 propemodum
2029 3166 2196 3206 amissa.

1314 3233 1491 3287 Aliquot
1510 3234 1620 3273 enim
1639 3233 1936 3272 adolescentes
1956 3229 2088 3270 nobili
2120 3242 2194 3282 ge-

1316 3309 1419 3336 nere
1455 3297 1561 3345 nati,
1595 3307 1772 3348 quorum
1811 3295 1855 3334 in
1892 3306 2026 3346 regno
2062 3293 2194 3334 libido

1317 3359 1495 3399 solutior
1529 3357 1690 3408 fuerat,
1731 3356 1889 3397 assueti
1921 3368 2038 3397 more
2073 3355 2194 3407 regio

1317 3423 1472 3472 vivere,
1502 3421 1690 3473 graviter
1705 3419 1895 3461 ferentes
1913 3425 2083 3474 aequato
2094 3420 2194 3472 jure

1317 3486 1503 3527 omnium
1522 3484 1767 3525 libertatem
1794 3485 1971 3525 aliorum
2002 3483 2047 3524 in
2074 3494 2194 3524 suam
