2346 3996
368 303 509 356 1364

420 435 695 485 Bellorumque
723 433 896 473 civilium
924 435 1130 475 domestico
1155 447 1244 475 son·

364 499 484 548 guine
527 501 726 537 manantes
763 497 939 549 furores]
986 499 1056 538 Ita
1100 500 1241 551 vulgo.

366 560 651 600 Wiucheliani
681 559 839 600 codicis
869 572 992 601 unam
1014 562 1242 602 lectionem

365 623 434 663 hic
469 622 779 675 praeferendam
815 628 1002 672 autumo,
1031 637 1126 677 quae
1149 623 1243 664 haec

365 692 432 725 est
450 699 460 725 :
489 686 741 735 bellorumque
753 685 926 725 civilium
941 687 1145 727 domenico
1153 698 1245 726 san-

363 749 482 798 guine
515 750 732 789 madentem
771 750 1031 791 AEmathiam.
1108 751 1245 790 Notat

367 813 478 850 enim
517 818 745 863 utramque
794 811 1007 852 bellorum
1054 812 1244 852 civilium

366 875 619 926 procellam,
644 886 740 927 quae
771 875 814 914 in
843 875 1117 925 Macedonia,
1144 876 1242 915 olim

367 937 578 976 AEmathia
591 938 822 989 appellata,
834 938 1046 987 detonuit3
1062 939 1243 990 primum

365 999 406 1038 in
439 999 699 1039 Pharsalicis
736 1001 910 1053 campis,
946 1007 1119 1042 auctore
1152 1002 1244 1041 Cae-

366 1075 491 1113 sare;
536 1062 692 1103 deinde
731 1064 774 1103 in
822 1065 1089 1117 Philippicis,
1134 1065 1244 1105 duce

366 1124 579 1177 Augusto.
611 1126 730 1176 Pigh.

421 1187 612 1239 Furores]
633 1189 851 1229 Bellorum
868 1190 1071 1239 civilium,
1087 1196 1134 1230 ut
1148 1190 1243 1230 Ma-

365 1251 417 1291 rii
455 1257 500 1291 et
536 1252 681 1304 Syllae,
721 1253 902 1292 Caesaris
943 1259 987 1293 et
1030 1254 1244 1306 Pompeii,

364 1314 549 1365 Augusti
570 1320 615 1354 et
633 1327 930 1366 percussorum
946 1317 1142 1367 Caesaris,
1159 1328 1244 1356 ma-

364 1383 518 1418 nantes
543 1378 748 1430 sanguine
773 1378 1024 1420 domestico.
1056 1381 1162 1420 Bad.

418 1441 581 1492 Sidera]
623 1442 858 1501 Interquae
882 1445 1066 1484 Caesaris
1085 1451 1244 1486 astrum

363 1503 604 1554 fingebatur
624 1506 873 1556 repositum.
903 1508 1028 1548 Idem.

418 1567 563 1607 Sidera
606 1580 718 1608 suum
761 1569 936 1620 vigorem
975 1571 1245 1623 obtinuerunt]

365 1630 439 1669 Ita
475 1631 615 1682 vulgo.
660 1631 710 1670 In
754 1633 1065 1686 Wincheliano,
1102 1635 1246 1676 Sidera

363 1694 481 1733 simul
504 1695 678 1744 vigorem
704 1707 815 1734 suum
846 1696 1109 1738 obtinuerunt.
1169 1698 1245 1738 At-

365 1768 448 1807 que
468 1756 559 1796 haec
579 1756 724 1797 dicere
740 1758 933 1808 videtur;
949 1760 1063 1812 quod
1082 1759 1244 1800 futuro-

366 1832 457 1859 rum
479 1832 713 1872 praesagus,
740 1827 785 1861 et
812 1823 976 1874 peritus
1003 1825 1244 1865 matheseos

363 1882 498 1923 fuerit
515 1883 725 1925 Tiberius.
755 1885 877 1936 Pigh-

418 1947 529 1998 Aroe,
564 1947 802 1998 pulvinaria,
835 1950 997 2002 templa]
1039 1950 1105 1990 Ac
1127 1951 1162 1991 si
1183 1951 1244 1992 di-

366 2019 504 2063 ceret,
524 2018 680 2053 cuncta
700 2015 888 2066 numina,
905 2016 1124 2068 omnisque
1140 2017 1246 2056 divi-

364 2077 492 2123 nitas,
531 2083 634 2117 tunc
670 2090 749 2129 pro
795 2079 1070 2130 imperatoria
1107 2082 1245 2121 salute

363 2141 572 2191 vigilavit,
594 2147 639 2181 et
662 2141 856 2193 inprimis
887 2148 1038 2183 auctor
1055 2143 1245 2195 Jupiter.

368 2203 478 2242 Oliv.

420 2266 478 2304 Et
509 2267 551 2305 in
579 2267 719 2317 primis
746 2272 880 2307 auctor
896 2282 942 2308 ac
960 2271 1083 2309 tutela
1101 2274 1246 2310 nostrae

361 2326 643 2369 incolumitatis
660 2330 842 2382 Jupiter]
884 2331 956 2372 Ita
975 2333 1117 2384 vulgo.
1146 2333 1244 2373 Vox

358 2391 527 2442 uumer-
558 2392 602 2431 in
640 2392 887 2434 melioribus
930 2395 1244 2447 exemplaribus

361 2466 447 2494 non
466 2456 665 2508 habetur,
691 2463 737 2498 et
757 2457 954 2508 profecto
975 2459 1095 2499 scioli
1114 2459 1243 2500 alicu-

356 2518 427 2569 jus
473 2525 759 2560 commentum
797 2528 880 2562 est.
945 2522 1046 2562 Non
1090 2522 1244 2564 Jovem

366 2582 475 2622 enim
495 2583 607 2634 istic,
629 2585 706 2624 sed
731 2584 965 2631 Tiberium,
984 2585 1054 2625 cui
1074 2596 1246 2637 semper

365 2643 579 2696 adulatur,
613 2653 829 2686 auctorem
861 2659 910 2687 ac
934 2648 1114 2687 tutelam
1135 2649 1242 2699 pub-

362 2706 460 2746 licae
480 2708 789 2749 incolumitatis
809 2710 1013 2762 appellat.
1047 2711 1173 2760 Pigh.

422 2773 487 2811 Ne
505 2773 824 2814 excellentissima
842 2774 1004 2825 merita]
1020 2775 1130 2815 Quia
1149 2786 1244 2825 reg-

366 2841 495 2874 nante
525 2834 724 2886 Augusto
753 2848 838 2887 pax
863 2835 946 2876 fuit
974 2837 1017 2876 in
1045 2842 1137 2876 toto
1156 2843 1243 2876 ter-

366 2909 509 2936 rarum
529 2898 650 2949 orbe,
681 2899 725 2937 in
745 2911 830 2951 quo
850 2904 964 2939 statu
987 2906 1032 2940 et
1049 2900 1243 2940 Tiberius

366 2968 596 3011 acceperat
615 2961 854 3013 imperium.
885 2963 990 3003 Oliv.

425 3023 504 3068 Qui
521 3028 665 3074 autem,
682 3023 771 3075 35⁶2]
789 3025 914 3065 Dicit
931 3025 1130 3078 Sejanum
1147 3039 1243 3067 cum

366 3087 562 3128 universa
581 3088 718 3141 stirpe
737 3100 831 3128 esse
853 3090 1056 3131 deletum.

424 3151 543 3191 Omni
572 3163 658 3191 cum
691 3153 814 3204 stirpe
844 3165 914 3192 sua
945 3165 1035 3205 pop.
1077 3154 1244 3194 Romani

365 3213 515 3254 viribus
532 3215 713 3267 obrutus]
758 3214 830 3255 Ita
853 3217 1001 3269 vulgo.
1049 3211 1100 3256 In
1122 3217 1243 3256 Cam-

368 3277 507 3328 pensi,
524 3277 739 3330 Lapidilms
755 3278 936 3319 obtritus.
970 3279 1084 3319 Puto
1100 3280 1244 3331 legen-

367 3340 466 3380 dum
500 3353 608 3393 esse,
637 3342 795 3393 pedibus
812 3343 988 3383 obtritus.
1042 3344 1242 3382 Diximus

368 3404 481 3444 enim
501 3405 641 3445 triduo
662 3406 853 3457 jacuisse
890 3406 931 3445 in
965 3405 1140 3457 publico
1167 3406 1243 3446 Se·

360 3467 452 3515 jani
471 3466 741 3521 filiorumque
774 3469 1011 3510 occisorum
1034 3469 1244 3508 cadavera

368 3528 553 3571 ludibrio
571 3532 686 3583 vulgi
706 3533 913 3584 exposita.
970 3533 1028 3571 Et
1048 3532 1244 3583 pulcher·

947 315 1125 355 NOTAE
1169 316 1499 356 VARIORUM
1543 317 1607 356 ΙΝ

1304 435 1409 474 rime
1445 434 1510 473 his
1556 433 1720 474 Valerii
1766 432 1908 473 verbis
1945 439 2182 475 consonant

1304 498 1333 538 J
1338 497 1529 537 uvenalis
1546 497 1697 536 Poe’tae
1718 508 1860 536 versus
1874 496 2030 547 Satyra
2045 507 2091 536 x.
2107 497 2181 537 ubi

1303 563 1440 602 multa
1464 562 1519 601 de
1547 563 1625 602 hac
1653 563 1798 614 Sejani
1827 562 2098 603 damnatione
2119 568 2183 603 at-

1304 636 1386 676 que
1423 623 1659 664 infortunio
1707 626 1862 665 canit:
1909 626 1920 648 ‘
1953 626 2184 680 Curi-amus

1306 687 1569 739 praecipites,
1604 693 1662 738 et,
1688 689 1804 728 Dum
1834 689 1957 739 jacet
1992 689 2035 727 in
2073 688 2183 739 ripa,

1307 751 1522 790 calcemus
1543 750 1727 790 Caesaris
1741 751 1924 791 hostem.
1956 750 2043 791 Sed
2064 750 2183 790 vide·

1306 818 1379 852 ant
1399 813 1525 863 servi,
1545 825 1599 852 ne
1627 813 1720 864 quis
1749 819 1894 865 neget,
1916 819 1962 853 et
1980 813 2181 865 pavidum

1306 875 1349 914 in
1376 878 1448 929 jus
1467 876 1647 916 Cervice
1669 876 1847 915 astricta
1863 876 2075 915 dominnm
2098 883 2183 914 tra-

1304 939 1390 979 hat.
1449 938 1509 978 Hi
1541 950 1756 978 sermones
1785 938 1905 978 Tunc
1934 938 1988 978 de
2012 939 2185 990 sejano,

1307 1005 1476 1041 secreta
1517 1001 1611 1040 haec
1648 1013 1863 1041 murmura
1900 1000 2042 1053 vulgi!
2097 1001 2183 1040 Sed

1306 1063 1404 1103 vide
1436 1075 1530 1115 quae
1560 1075 1636 1103 nos
1675 1065 1718 1102 in
1753 1063 1989 1103 Annalibus
2021 1063 2062 1102 in
2095 1063 2185 1114 ejus

1306 1127 1530 1167 consulatu
1551 1127 1752 1176 diximus,
1768 1129 1910 1167 locum
1939 1127 2054 1166 enim
2073 1127 2185 1166 hunc

1305 1201 1389 1229 non
1409 1201 1557 1241 parum
1578 1190 1867 1230 illustrabunt.
1901 1189 2021 1240 Pigh.

1361 1252 1459 1295 Illuc
1475 1258 1653 1303 receptus
1673 1253 1751 1304 est]
1787 1252 1856 1293 Ad
1876 1253 1999 1293 sedes
2018 1252 2184 1293 quero-

1306 1328 1411 1356 rum.
1442 1317 1488 1356 Si
1506 1323 1634 1356 tamen
1655 1318 1746 1357 illuc
1763 1317 1956 1369 receptus]
1985 1318 2187 1358 Formula

1306 1380 1398 1420 haec
1434 1380 1489 1419 de
1526 1379 1869 1432 flagitiosissimis
1916 1386 1962 1420 et
1999 1380 2185 1420 maxime

1307 1442 1447 1494 impiis
1480 1443 1577 1482 olim
1625 1449 1854 1495 usurpata:
1905 1448 1915 1466 ‘
1943 1443 1989 1482 Si
2023 1453 2183 1483 TAMEN

1308 1517 1367 1545 ΑΒ
1396 1506 1528 1546 Onco
1559 1517 1784 1546 RECEPTVS
1814 1505 1924 1546 ΕΜ]
1957 1507 2139 1546 Plautus
2172 1511 2183 1547 ⁴:

1306 1570 1318 1592 ‘
1342 1570 1478 1611 Quem
1498 1576 1731 1622 propterca
1752 1568 1894 1610 Orcus
1917 1569 1970 1610 ad
2001 1581 2047 1609 se
2081 1570 2186 1610 reci-

1308 1646 1411 1687 pere
1430 1634 1593 1675 noluit.'
1624 1635 1752 1674 Coler.

1362 1689 1482 1738 ΟΑΡᾸ
1499 1709 1588 1738 xn.
1618 1698 1746 1737 Prout
1755 1697 1941 1746 fortuna,
1959 1698 2048 1750 lfa]
2086 1697 2185 1752 Non

1306 1762 1395 1802 sine
1416 1761 1581 1800 ratione
1594 1761 1895 1810 gubernaculum
1909 1760 2042 1800 dixit:
2074 1772 2188 1812 nam,

1307 1830 1356 1865 ut
1393 1825 1531 1877 inquit
1566 1824 1813 1864 Lactantius
1849 1824 2085 1864 Firmianus
2131 1824 2186 1864 de

1306 1887 1414 1927 falsa
1444 1888 1666 1939 religione,
1701 1886 1885 1927 fortunoe
1915 1888 2186 1928 simulacrum

1308 1962 1403 1990 cum
1425 1950 1550 2001 copia
1569 1955 1614 1990 et
1627 1949 1916 2002 gubernaculo
1926 1948 2188 2001 fingebatur,

1309 2019 1510 2066 tanquam
1531 2025 1580 2052 ea
1615 2018 1857 2065 esset,quae
1887 2024 1993 2064 opus
2024 2012 2186 2052 tribue-

1309 2081 1392 2126 ret,
1427 2081 1473 2115 et
1508 2076 1785 2115 humanarum
1822 2087 1962 2115 rerum
1994 2074 2185 2125 regimen

1308 2140 1535 2180 obtineret.
1567 2140 1714 2179 Oliver.

1364 2202 1443 2255 Spe
1461 2215 1609 2254 semper
1628 2202 1773 2254 minor]
1800 2202 1912 2244 Quia
1930 2202 2119 2242 homines
2139 2203 2187 2243 se

1307 2265 1468 2305 diutius
1482 2277 1575 2304 esse
1586 2265 1775 2304 victuros
1788 2269 1982 2316 sperant,
1990 2264 2063 2305 sed
2086 2265 2186 2305 vitae

1308 2339 1456 2367 cursus
1475 2339 1552 2378 spe
1572 2338 1742 2379 semper
1751 2327 1922 2367 brevior
1940 2339 2032 2367 esse
2051 2328 2160 2367 solet
2178 2342 2192 2378 ;

1307 2390 1470 2442 duplici
1517 2391 1630 2429 enim
1667 2390 1834 2430 ratione
1870 2390 1920 2430 fit
1958 2390 2114 2440 brevis,
2143 2396 2189 2430 et
2232 2430 2234 2433 .

1307 2453 1421 2506 quod
1441 2453 1523 2493 sibi
1543 2454 1779 2504 longiorem
1801 2452 1931 2493 vitam
1966 2453 2188 2504 unusquis·

1307 2529 1390 2570 que
1409 2518 1646 2568 praesnmit‚
1675 2523 1720 2557 et
1753 2516 1868 2569 quod
1899 2517 1991 2556 sine
2021 2516 2187 2557 ratione

1309 2581 1564 2632 transigitur
1584 2592 1608 2619 a
1627 2580 1788 2620 multis.
1822 2580 1972 2620 Olirer.

1360 2649 1382 2698 ᾧ
1406 2651 1428 2687 1
1463 2647 1600 2686 Tullus
1621 2646 1821 2686 Hostilius
1847 2658 1920 2685 rex
1939 2644 2110 2694 fulmine
2130 2645 2186 2684 ic-

1305 2710 1387 2762 tus]
1413 2710 1523 2748 Post
1539 2709 1674 2748 multa
1702 2709 1817 2747 bella
1848 2706 2064 2758 confecta,
2089 2715 2186 2747 cum

1304 2772 1495 2812 homines
1530 2773 1657 2823 vulgo
1697 2783 1791 2811 eum
1832 2766 1991 2809 statum
2027 2781 2189 2820 rerum,

1307 2834 1379 2887 qui
1399 2834 1477 2874 sub
1498 2847 1600 2886 rege
1636 2834 1777 2874 Numa
1809 2831 1969 2884 fuerat,
1999 2832 2186 2884 require-

1306 2906 1420 2949 rent,
1438 2911 1562 2939 unam
1596 2899 1766 2939 scilicet
1796 2910 1921 2951 opem
1952 2897 2079 2950 aegris
2099 2908 2191 2937 cor-

1306 2964 1479 3015 poribus
1517 2964 1714 3003 relictam
1748 2973 1844 3003 esse
1876 2961 2120 3011 credentes,
2151 2961 2187 3000 si

1304 3035 1390 3079 pax
1409 3026 1619 3078 veniaque
1639 3038 1663 3066 a
1681 3025 1780 3066 Diis
1798 3024 2050 3065 mortalibus
2069 3029 2187 3063 esset

1307 3091 1555 3142 impetrata,
1574 3089 1721 3128 Tullus
1752 3088 1864 3140 regis
1894 3084 2050 3126 Numae
2070 3097 2184 3125 com-

1306 3154 1539 3193 mentarios
1585 3152 1735 3192 adivit.
1794 3151 1923 3191 Hunc
1959 3148 2113 3200 igitur,
2134 3159 2185 3187 ea

1307 3218 1613 3258 commentaria
1673 3216 1929 3261 volventem,
1988 3212 2182 3264 tradunt,

1307 3293 1402 3322 cum
1420 3279 1478 3320 ibi
1511 3279 1707 3332 quaedam
1737 3278 1911 3319 occulta
1931 3275 2120 3316 solennia
2139 3282 2185 3316 et

1306 3342 1515 3383 sacrificia
1532 3342 1630 3383 Jovi
1648 3340 1783 3380 Elicio
1802 3338 1920 3380 facta
1938 3337 2185 3386 invenisset,

1306 3412 1527 3458 operatum
1546 3405 1612 3443 his
1632 3404 1765 3443 sacris
1785 3414 1831 3442 se
1850 3401 2062 3442 abdidisse
2079 3415 2090 3450 3
2109 3402 2184 3440 sed

1307 3481 1391 3508 non
1413 3470 1495 3508 rite
1513 3469 1662 3507 initum
1677 3473 1722 3507 et
1740 3473 1931 3507 curatum
1952 3464 1994 3504 id
2016 3474 2181 3504 sacrum

1307 3544 1417 3583 esse,
1452 3543 1531 3571 nec
1566 3531 1699 3570 solum
1731 3530 1771 3570 ei
1802 3529 1960 3569 nullam
1995 3521 2181 3569 oblatam
