2288 3990
534 315 792 357 vALERn
837 314 1081 353 MAxnui
1127 314 1247 354 ms.
1276 315 1373 354 ιιι.
1413 301 1626 353 υΛΡ.2.

172 452 338 481 morum
375 436 614 491 pertinacia
646 440 859 476 certatum
894 437 979 484 est,
1012 437 1061 473 ut

173 504 321 545 caeteri
350 514 495 544 omnes
519 498 815 550 occubuerint,
834 510 942 539 unus
969 503 1060 538 tan-

178 575 265 608 tum
287 565 537 617 Othryades
560 575 716 617 pugnae
744 567 966 615 superstes
987 573 1061 602 ex·

175 629 337 680 titerit3
367 629 455 681 qui,
474 640 526 668 ne
558 629 672 668 solus
703 627 745 667 in
775 632 915 667 castra
950 625 1061 665 redi-

173 702 260 744 ret,
288 694 477 747 seipsum
503 693 619 733 inter
645 691 819 732 hostilia
848 690 1062 730 cadavera

173 756 318 809 gladio
339 755 568 805 transfixit,
587 760 631 796 et
662 753 866 805 sanguine
886 753 1060 806 proprio

173 826 298 862 scuto
332 833 409 861 suo
444 820 594 861 literas
633 818 871 870 inscripsit,
899 819 911 840 ‘
933 815 1063 857 Vici!

174 876 343 926 Deinde
362 897 459 926 cum
477 897 502 925 e
521 883 674 925 castris
692 883 895 935 utrinque
913 893 1060 922 omues

173 949 364 990 exissent
391 948 445 989 ad
476 946 721 998 colligenda
752 946 981 996 cadavera,
1013 950 1061 985 ut

175 1014 412 1066 sepulturae
447 1012 767 1062 mandarentur,
802 1022 886 1051 nec
919 1010 1062 1063 aliqua

173 1076 343 1117 ratione
361 1075 527 1116 secerni
557 1079 720 1127 posset,
742 1074 831 1115 utri
851 1073 958 1114 victi
979 1073 1062 1112 vic·

175 1150 346 1183 toresve
381 1140 587 1191 fuissent,
627 1140 868 1193 Othryadae
902 1151 1062 1191 corpus

173 1207 290 1246 inter
317 1204 532 1247 cadavera
562 1204 887 1246 Atheniensium
916 1215 1062 1255 reper-

174 1276 267 1310 tum
299 1274 382 1321 est,
400 1281 497 1309 cum
528 1276 651 1310 scuto
683 1269 726 1308 in
758 1280 842 1321 quo
868 1266 1061 1308 victoriae

175 1333 329 1375 titulus
346 1339 442 1374 erat
456 1333 716 1385 inscriptus:
747 1344 802 1372 ex
818 1344 902 1384 qno
919 1331 1064 1383 cogni-

175 1402 267 1436 tum
286 1401 370 1447 est,
389 1396 526 1448 ipsum
549 1396 758 1436 victorem
785 1394 1064 1447 superstitem

174 1459 321 1512 fuisse,
345 1466 390 1501 et
419 1460 483 1501 ita
508 1472 720 1501 consensu
737 1459 1062 1500 Atheniensium

175 1523 493 1564 Lacedaemonii
505 1524 788 1578 Thyreatium
802 1535 953 1576 agrum
968 1535 1065 1575 spa-

177 1586 240 1626 tio
267 1586 440 1641 quidem
480 1593 725 1639 angustum,
758 1586 833 1627 sed
866 1586 1064 1627 laudibus

177 1650 379 1702 amplum,
396 1650 614 1702 principes
641 1650 944 1702 possederunt.
978 1649 1065 1689 Oli·

173 1724 260 1753 τεν.
315 1712 555 1766 Othryudoe]
598 1714 867 1764 Herodotus,
894 1714 1067 1754 Plutar-

175 1775 278 1816 chus
294 1776 338 1816 in
354 1775 597 1830 parallelis,
609 1777 782 1828 Strabo,
797 1776 948 1817 Suidas
965 1790 1064 1817 auc-

177 1845 309 1879 tores.
364 1840 600 1881 Pausanias
619 1841 792 1894 quidem
811 1840 939 1892 hujus
958 1840 1067 1889 πλὴν

179 1901 266 1943 ἑνὸς
298 1901 540 1957 Σπαρτιάδου
573 1904 783 1944 meminit.
851 1903 980 1944 Addo
1021 1910 1067 1945 et

177 1967 356 2008 Senecae
372 1968 609 2022 locum,qui
621 1974 745 2010 extat
764 1968 805 2008 in
824 1968 1034 2010 Suasoriis
1053 1982 1062 2007 :

175 2031 188 2052 ‘
208 2031 458 2084 Othryades
491 2043 603 2084 pene
623 2045 649 2072 a
677 2033 906 2085 sepulchro
928 2032 1065 2072 victor

176 2094 323 2146 digitis
337 2095 515 2135 vulnera
534 2095 684 2147 gessit,
703 2100 753 2135 ut
773 2095 968 2147 trophaea
986 2096 1065 2135 La-

179 2170 336 2199 conum
355 2151 626 2211 inscriberet,
643 2165 690 2200 et
708 2159 885 2210 dignum
907 2160 1003 2198 Deo
1024 2158 1066 2198 in

177 2207 395 2274 Spartano
412 2228 680 2263 sacramento
699 2222 853 2273 virum,
872 2222 996 2274 cujus
1014 2234 1068 2262 ne

176 2285 318 2326 literae
352 2286 526 2338 quidem
555 2284 678 2326 fuere
706 2286 796 2326 sine
830 2284 1069 2337 sanguine.'

181 2348 324 2389 Locus
350 2349 461 2389 male
492 2349 724 2389 distinctus
756 2354 802 2388 et
833 2355 1069 2389 correctus.

180 2411 254 2451 Sic
272 2411 386 2464 lege,
404 2412 418 2434 ‘
432 2423 486 2452 en
505 2411 678 2463 dignum
699 2410 829 2462 Deo‚'
847 2414 930 2452 ὅτε.
969 2412 1068 2452 Non

185 2473 339 2515 omitto
370 2474 476 2514 illud
508 2475 754 2526 Crinagorae
789 2474 1067 2515 adscribere:

179 2536 393 2591 Ὀθρυάδην
416 2535 597 2591 Σπάρτης
620 2538 668 2578 τὸ
692 2535 798 2590 μέγα
824 2536 954 2579 κλέος.
994 2539 1069 2578 C'o-

182 2603 242 2644 ler

239 2667 394 2720 Morte]
440 2666 529 2708 Alii
560 2679 645 2708 non
675 2671 816 2720 morte,
844 2667 920 2708 sed
953 2679 1072 2718 mors,

185 2731 349 2784 legunt,
371 2733 526 2786 quibus
541 2733 746 2774 libentius
765 2732 927 2773 accedo
941 2744 1070 2785 prop-

183 2798 253 2834 ter
271 2797 542 2848 particulam,
561 2809 737 2848 quoque,·
773 2802 823 2837 nt
852 2796 909 2836 sit
936 2795 1070 2836 ordo:

187 2858 334 2909 Pugna
350 2871 496 2912 quoque
520 2860 674 2912 pariter
700 2873 746 2900 ac
771 2872 874 2900 mors
893 2860 1071 2911 Othrya-

185 2921 248 2959 ‹1oe
264 2922 435 2972 speciosa
451 2927 523 2962 est.
552 2922 732 2963 Badius.

241 2983 400 3037 Spotio]
428 2985 541 3027 Quia
572 2998 706 3036 parvo
733 2986 873 3038 spatio
892 2986 1071 3027 circum-

188 3047 376 3100 scriptus
394 3056 489 3088 erat
506 3049 628 3089 locus
642 3048 729 3090 ille.
784 3050 907 3090 Ordo
927 3054 1071 3090 autem

186 3111 327 3152 literae
356 3117 438 3163 est,
470 3112 604 3152 solum
636 3113 910 3165 Thyreatium
941 3114 1071 3154 latius

189 3174 315 3216 laude
333 3187 462 3229 quam
482 3175 621 3228 spatio
646 3176 853 3228 cernitur,
872 3177 1073 3229 speciosa

189 3249 335 3292 pugna
367 3238 549 3292 pariter,
572 3251 626 3279 ac
653 3246 793 3281 morte
812 3237 1071 3291 Othryadae.

196 3302 304 3343 Olio.

249 3365 416 3406 Tantum
434 3379 526 3417 non,
543 3367 629 3419 ξα]
659 3367 714 3406 Id
734 3372 816 3418 est,
842 3365 995 3418 ferme,
1026 3372 1074 3408 et

192 3427 315 3477 quasi
334 3435 432 3480 post
445 3435 627 3470 mortem
642 3442 784 3471 suam:
805 3443 902 3471 nam
921 3443 1072 3483 parum

194 3488 345 3530 aberat
380 3503 405 3530 a
431 3498 588 3544 morte,
621 3505 717 3534 cum
752 3495 958 3547 sanguine
996 3507 1072 3535 suo

194 3548 388 3592 victoriae
425 3553 593 3596 titulum
622 3564 744 3598 scuto
762 3558 1071 3613 superinscrip-

1864 299 2005 353 1087

1123 434 1194 485 sit,
1220 446 1269 474 ac
1298 434 1334 474 si
1353 434 1538 485 diceret,
1556 434 1598 473 in
1619 433 1713 485 ipso
1731 432 1884 473 mortis
1905 434 2008 473 arti-

1122 497 1235 537 culo.
1293 499 1350 538 Et
1369 503 1437 538 est
1464 497 1613 538 modus
1644 495 1818 536 dicendi
1853 500 2009 536 tantum

1121 572 1212 606 non,
1244 572 1320 611 pro
1350 562 1362 583 ‘
1379 560 1543 612 ferme,’
1575 560 1751 600 Valerio
1783 571 2010 612 propemo-

1122 623 1222 664 dum
1245 625 1492 676 peculiaris.
1532 625 1683 665 Oliver.

1176 688 1276 727 Post
1298 687 1394 737 fota
1424 702 1494 729 sua
1524 690 1568 728 in
1593 689 1725 728 sinum
1739 687 1899 740 patriae,
1918 686 2011 738 &cd

1121 750 1176 792 Id
1213 757 1296 799 est,
1335 757 1433 804 post
1471 759 1654 792 mortem
1693 751 2010 792 voluntariam:

1121 817 1258 857 noluit
1288 816 1402 856 enim
1432 817 1710 868 supervivere
1735 815 1905 855 caeteris
1926 827 2010 854 cae-

1123 879 1194 931 sis,
1211 886 1260 920 ut
1286 881 1359 933 qui
1404 880 1496 932 ejus
1530 880 1693 932 scripta
1721 880 1923 931 legerunt
1950 879 2013 918 in·

1123 943 1356 996 terpretati
1389 950 1504 985 sunt.
1561 944 1714 984 Potuit
1741 949 1884 984 tamen
1901 942 2014 994 fieri,

1122 1013 1187 1061 ut,
1205 1014 1391 1060 accepto
1406 1008 1530 1049 letali
1547 1009 1741 1059 vulnere,
1759 1007 1837 1047 sed
1856 1007 2013 1059 spiritu

1123 1072 1311 1113 nondum
1341 1072 1500 1125 sopito,
1529 1085 1582 1112 ea
1614 1070 1853 1122 scripserit,
1879 1077 1925 1110 et
1959 1082 2013 1110 eo

1125 1137 1262 1176 solum
1301 1136 1473 1188 vicerit,
1518 1136 1634 1189 quod
1671 1134 1823 1176 caeteri
1861 1134 2014 1175 similia

1123 1199 1315 1240 scribere
1348 1206 1423 1240 aut
1460 1212 1546 1240 non
1582 1199 1817 1251 potuerint,
1858 1203 2014 1250 utpote

1119 1263 1213 1316 jam
1249 1262 1465 1316 defuncti,
1512 1268 1588 1303 aut
1626 1274 1711 1302 non
1750 1262 2013 1311 curaverint,

1126 1327 1266 1366 minus
1296 1339 1374 1380 pro
1405 1327 1556 1380 patriae
1578 1327 1714 1379 gloria
1731 1326 1905 1368 attenti.
1933 1327 2017 1366 Ba-

1125 1393 1228 1433 dius.

1180 1458 1203 1508 ᾗ
1232 1460 1255 1495 5
1287 1455 1668 1506 Excellentissimos,
1704 1454 1790 1507 θα]
1838 1454 2014 1507 Epami-

1129 1520 1292 1560 nondas
1319 1519 1489 1559 bellicae
1522 1519 1626 1559 artis
1648 1518 1782 1571 gloria
1801 1524 2015 1571 praestans

1127 1583 1290 1635 primus
1343 1582 1493 1622 docuit
1546 1582 1897 1633 Lacedaemones,
1942 1582 2017 1635 qui

1128 1646 1312 1686 Graeciae
1342 1657 1519 1698 regnum
1546 1651 1882 1698 occupaverant,
1902 1645 2016 1685 vinci

1127 1722 1271 1762 posse,
1300 1713 1346 1750 et
1373 1721 1520 1749 eorum
1549 1721 1656 1761 opus
1684 1708 1844 1761 frangi.
1901 1710 2016 1750 Nam

1125 1774 1242 1825 apud
1294 1774 1485 1813 Leuctra
1535 1773 1676 1825 primo
1721 1771 1836 1812 fudit
1884 1777 2017 1824 atque

1126 1835 1296 1889 fugavit
1328 1837 1498 1877 illorum
1532 1836 1771 1876 exercitum
1802 1847 1898 1875 cum
1919 1835 2016 1875 Cle-

1128 1900 1326 1941 ombroto
1364 1900 1492 1950 duce,
1531 1901 1604 1953 qui
1642 1905 1765 1940 tanta
1800 1912 1897 1939 cum
1937 1910 2016 1951 spe

1129 1965 1271 2006 fuerat
1285 1979 1309 2005 a
1323 1964 1661 2005 Lacedaemoniis
1678 1964 1884 2004 adversus
1903 1963 2018 2003 The·

1129 2030 1263 2071 banos
1282 2031 1449 2080 missus,
1467 2037 1516 2069 ut
1536 2029 1642 2069 nihil
1658 2041 1834 2081 prorsus
1855 2028 1910 2068 de
1932 2028 2018 2068 vic-

1129 2096 1241 2137 toria
1270 2095 1544 2136 dubitarent:
1577 2095 1647 2147 qui
1674 2107 1770 2135 cum
1800 2094 1852 2134 ad
1881 2094 2018 2133 Leuc-

1131 2163 1201 2199 tra
1237 2161 1442 2210 venisset,
1480 2171 1530 2199 ac
1566 2159 1802 2211 diligenter
1831 2159 2017 2198 hostium

1131 2223 1245 2263 vires
1266 2229 1312 2264 et
1331 2224 1510 2264 consilia
1525 2223 1814 2276 cognovisset,
1842 2222 2019 2262 tandem

1133 2285 1351 2325 intellexit
1382 2286 1477 2326 illos
1518 2285 1714 2325 omnibus
1757 2285 1885 2325 rebus
1925 2295 2020 2325 esse

1133 2349 1397 2399 superiores,
1433 2348 1509 2388 sed
1543 2348 1743 2401 quoniam
1777 2353 1900 2388 tanta
1924 2359 2021 2388 cum

1133 2410 1335 2463 opinione
1367 2411 1525 2452 civium
1561 2417 1740 2452 venerat
1775 2411 2021 2452 Cleombro-

1135 2479 1220 2524 tus,
1254 2480 1303 2514 ut
1334 2475 1477 2515 redire
1506 2487 1590 2515 non
1619 2481 1783 2527 posset,
1811 2475 1892 2514 nisi
1924 2486 2023 2515 cum

1133 2549 1288 2588 magna
1304 2537 1460 2578 civium
1482 2537 1734 2590 offensione,
1754 2551 1844 2579 rem
1865 2551 2020 2591 pugnae

1133 2600 1364 2651 commisit,
1381 2606 1427 2640 et
1443 2613 1468 2640 a
1484 2601 1710 2652 Thebanis,
1724 2601 2024 2653 Epaminonda

1134 2663 1259 2715 duce,
1278 2668 1728 2718 superatus,magnam
1757 2664 1911 2717 patriae
1933 2675 2021 2705 suae

1134 2729 1302 2769 cladem
1348 2729 1510 2780 intulit,
1554 2729 1663 2770 adeo
1702 2733 1752 2769 ut
1788 2729 1868 2769 nisi
1907 2733 2025 2768 esset

1135 2793 1303 2833 accitus
1323 2804 1378 2832 ex
1401 2793 1592 2845 AEgypto
1614 2792 1858 2845 Agesilaus,
1878 2798 2022 2833 actum

1133 2855 1292 2896 fuisset
1336 2857 1391 2897 de
1428 2866 1532 2909 rep.
1578 2857 2022 2898 Lacedaemoniorum.

1135 2921 1243 2962 Erat
1263 2921 1375 2961 enim
1395 2920 1450 2960 ad
1480 2932 1575 2961 eam
1601 2920 1904 2971 necessitatem
1922 2931 2023 2971 per-

1134 2991 1328 3036 ventum,
1364 2990 1413 3024 ut
1456 2985 1658 3025 mulieres
1697 2997 1815 3024 arma
1854 2994 2022 3023 sumere

1136 3054 1300 3088 coactae
1328 3046 1507 3099 fuerint,
1537 3048 1592 3088 ad
1619 3048 1737 3088 urbis
1767 3046 1924 3086 moenia
1953 3045 2025 3084 de-

1135 3109 1372 3150 fendenda.
1430 3111 1593 3150 Rursus
1608 3111 1723 3162 apud
1738 3108 2022 3158 Mantineam,

1136 3186 1235 3214 cum
1249 3174 1448 3227 utrinque
1469 3175 1689 3214 exercitus
1709 3172 2023 3221 constitissent,

1136 3239 1298 3279 veritus
1318 3239 1542 3279 Thebanos
1560 3239 1604 3278 in
1626 3238 1717 3278 acie
1731 3236 1902 3287 segnius
1916 3247 2023 3286 pug-

1137 3309 1329 3357 naturos,
1349 3305 1417 3344 his
1437 3304 1579 3344 verbis
1600 3309 1646 3343 et
1665 3301 1856 3341 oratione
1876 3300 2023 3339 horta-

1138 3375 1208 3408 tus
1226 3373 1311 3420 est,
1340 3373 1389 3408 nt
1418 3368 1600 3418 diceret,
1629 3365 1928 3417 captivitatem
1947 3375 2025 3402 ux·

1136 3443 1272 3482 orum,
1318 3430 1566 3480 liberorum,
1607 3428 1760 3480 patriae
1798 3426 1880 3465 sibi
1922 3431 2023 3466 ante

1137 3496 1284 3534 oculos
1322 3498 1631 3546 proponerent,
1677 3490 1812 3542 ipsius
1854 3502 2023 3542 quoque

1137 3558 1257 3598 urbis
1292 3557 1448 3599 moenia
1477 3557 1567 3596 solo
1614 3555 1744 3610 paulo
1782 3558 1879 3606 post
1915 3553 2026 3595 adae·
