2346 3996
325 313 352 362 1
361 307 467 364 272

323 441 616 482 servabantur.
664 442 781 483 Cellis
798 442 1018 495 servilibus]
1041 443 1110 484 Ita
1127 445 1202 485 Se-

322 517 428 544 neca
455 506 466 528 ‘
484 505 683 557 pauperis
714 506 899 545 cellam.'
951 506 1122 546 Servius
1148 507 1203 546 de

321 580 368 607 re
388 569 506 619 ipsa:
536 569 548 591 ‘
565 569 719 608 Servos
741 581 843 607 sane
862 581 1076 622 nunquam
1096 569 1203 608 mili-

322 636 437 672 tasse
459 637 640 682 constat,
664 631 747 671 nisi
766 631 973 673 servitute
992 633 1202 685 deposita,

322 699 506 746 excepto
525 694 750 734 Annibalis
770 701 965 747 tempore
983 709 1076 736 cum
1104 702 1203 748 post

321 757 546 797 Cannense
564 759 760 809 proelium
786 757 829 797 in
864 763 985 799 tanta
1015 759 1199 799 necessi-

320 825 411 859 tate
426 819 508 860 fuit
530 820 629 860 urbs
652 822 807 872 Roma,
822 826 938 862 utne
957 822 1199 862 liberando-

321 894 411 921 rum
430 883 603 935 quidem
622 897 840 941 servorum
861 885 1039 926 daretur
1065 885 1198 926 facul-

323 945 418 985 tas!
449 947 578 987 Coler.

373 1010 636 1061 Proetextati]
684 1010 862 1050 Nobiles
898 1011 1083 1062 scilicet,
1125 1012 1198 1063 qui

321 1073 499 1113 necdum
537 1073 750 1113 decimum
790 1074 1018 1126 septimum
1058 1075 1197 1114 aetatis

322 1148 491 1186 annum,
519 1149 603 1188 quo
643 1137 808 1176 virilem
848 1143 992 1188 togam
1031 1138 1198 1189 accipe-

319 1204 431 1248 rent,
452 1199 704 1249 attigerant.
740 1200 841 1239 Βιιιί.

371 1262 698 1311 Αιϋαάὶσαέονηηι
716 1262 852 1312 etiam]
875 1261 945 1300 Ita
966 1263 1107 1313 vulgo.
1148 1262 1199 1301 In

321 1325 428 1364 Mss.
467 1323 585 1362 libris
614 1325 858 1363 addictorum.
887 1325 1058 1376 legitur.
1115 1324 1201 1364 Aa·

318 1387 416 1426 dicti
443 1387 617 1437 proprie
649 1392 789 1426 autem
820 1387 1094 1437 dicebantur,
1127 1388 1200 1439 qui

318 1451 361 1489 in
395 1451 694 1501 temporariam
730 1450 1000 1499 servitutem,
1023 1456 1202 1502 propter

318 1513 465 1553 debita
502 1513 808 1564 creditoribus,
843 1516 1056 1554 sententia
1094 1528 1200 1566 prae-

317 1578 423 1617 toris
456 1577 782 1626 addicebantur,
811 1579 885 1629 qui·
920 1577 1005 1617 alio
1033 1579 1201 1618 nomine

318 1641 418 1680 nexi
455 1641 730 1687 vocabantur,
760 1647 807 1680 ut
827 1642 967 1679 Van-0
1006 1640 1058 1679 de
1100 1641 1200 1680 Lin-

320 1716 404 1754 gua
427 1703 593 1744 Latina.
650 1705 830 1744 Plautus
850 1704 1059 1744 Poenulo:
1086 1706 1098 1726 ‘
1116 1704 1201 1744 Ubi

319 1767 448 1818 injus
467 1768 651 1817 venerit,
681 1767 870 1807 Addicet
901 1774 1060 1820 praetor
1080 1766 1200 1807 fami·

316 1830 418 1870 liam
440 1836 573 1870 totam
597 1829 706 1870 tibi.'
737 1831 862 1881 Pz‘gh.

370 1894 542 1945 Propter
560 1895 719 1934 eandem
746 1896 891 1934 cladem
929 1900 1083 1935 senatus
1103 1896 1202 1935 Ota-

323 1957 428 2006 cilio,
445 1959 534 2010 85c.]
563 1957 707 1998 Livius
728 1958 782 1997 ab
806 1960 861 1998 U.
882 1959 932 1998 C.
964 1960 1036 1999 lib.
1059 1971 1201 2000 xxm.

327 2026 337 2042 ‘
356 2021 445 2060 Per
465 2021 575 2060 idem
596 2019 688 2060 fere
710 2029 877 2073 tempus
896 2022 1032 2062 literae
1053 2034 1077 2061 e
1094 2022 1204 2062 Sici·

321 2083 382 2122 lia
410 2084 689 2136 Sardiniaque
714 2087 889 2125 Romam
917 2087 1083 2126 allatae:
1119 2086 1203 2136 pri-

319 2158 415 2186 ores
434 2159 456 2185 e
475 2147 621 2186 Sicilia
641 2148 818 2187 Otacilii
851 2149 1130 2199 propraetoris
1161 2149 1203 2188 in

319 2210 480 2250 Senatu
518 2210 714 2250 recitatae
763 2218 890 2251 sunt:
942 2213 990 2251 L.
1030 2212 1203 2252 Furium

318 2273 558 2312 Praetorem
579 2286 673 2313 cum
694 2273 831 2313 classe
852 2287 906 2313 ex
923 2273 1072 2314 Africa
1088 2274 1203 2326 Lily·

318 2336 457 2377 baeum
476 2336 660 2386 venisse,
689 2337 826 2388 ipsum
848 2337 1040 2389 graviter
1067 2338 1203 2378 sauci-

318 2413 388 2440 um
422 2401 464 2440 in
499 2401 743 2440 discrimine
773 2413 868 2441 esse
903 2402 1004 2441 vitae
1039 2401 1206 2452 ultimo,

318 2465 444 2505 militi
473 2470 518 2505 ct
548 2464 766 2504 navalibus
801 2465 926 2504 sociis
957 2477 1096 2517 neque
1131 2465 1205 2504 sti-

322 2529 526 2579 pendium
555 2540 695 2581 neque
714 2527 973 2567 frumentum
1006 2528 1060 2568 ad
1091 2528 1202 2568 diem

322 2592 431 2642 dari,
453 2604 592 2644 neque
613 2593 724 2632 unde
746 2592 873 2632 detur
893 2603 1012 2631 esse:
1032 2603 1203 2642 magno-

321 2667 427 2706 pere
460 2655 660 2706 suadere,
704 2661 752 2695 ut
784 2668 908 2708 quam
944 2655 1124 2707 primum
1154 2668 1204 2696 ea

321 2719 561 2769 mittantur,
604 2718 784 2770 sibique,
824 2719 858 2757 si
892 2719 954 2758 ita
991 2719 1204 2770 videatur,

321 2794 374 2821 ex
395 2783 514 2822 novis
536 2782 790 2834 praetoribus
804 2794 1091 2822 successorem
1106 2782 1204 2823 mit-

322 2851 431 2884 tant.
487 2845 736 2897 Eademque
772 2844 905 2884 ferme
943 2845 998 2883 de
1045 2844 1204 2895 stipen-

323 2907 403 2947 diis
423 2907 720 2960 frumentoque
748 2907 802 2946 ab
822 2908 951 2947 Corn.
970 2907 1206 2947 Mammula

325 2978 594 3023 propraetore
615 2982 669 3009 ex
690 2969 888 3010 Sardinia
919 2969 1106 3021 scripta:
1138 2983 1205 3011 re-

323 3047 519 3087 sponsum
541 3034 736 3086 utrisque
758 3045 842 3073 non
858 3046 966 3083 esse,
981 3034 1096 3073 unde
1113 3034 1207 3074 mit-

325 3104 507 3144 teretur,
526 3096 720 3148 jnssique
740 3096 822 3147 ipsi
842 3095 1048 3136 classibus
1069 3103 1114 3136 et
1133 3109 1206 3137 ex-

326 3162 528 3203 ercitibus
549 3162 634 3201 suis
651 3161 937 3200 consulerent.
994 3161 1209 3201 Otacilius

327 3226 380 3265 ad
402 3226 571 3265 unicum
601 3222 831 3264 subsidium
865 3225 1010 3276 populi
1032 3226 1209 3265 Romani

328 3290 563 3330 Hieronem
601 3288 767 3340 legatos
806 3300 900 3327 cum
935 3287 1136 3339 misisset,
1167 3290 1208 3328 in

328 3353 588 3406 stipendium
637 3358 841 3405 quantum
889 3354 1056 3404 argenti
1104 3366 1210 3404 opus

327 3418 426 3467 fuit,
455 3425 498 3456 et
520 3429 593 3456 sex
616 3416 822 3455 mensium
848 3414 1105 3456 frumentum
1139 3429 1211 3456 ac-

330 3481 473 3532 cepit;
505 3479 704 3520 Cornelio
724 3480 765 3518 in
786 3478 982 3518 Sardinia
1011 3479 1211 3519 civitates

331 3545 460 3584 sociae
488 3544 670 3594 benigne
699 3543 989 3583 contulerunt.
1047 3544 1104 3583 Et
1126 3545 1208 3584 Ro-

898 323 1076 363 NOTAE
1117 324 1456 364 VARIORUM
1500 326 1563 364 IN

1268 456 1344 484 mae
1360 456 1527 498 quoque
1549 447 1727 496 propter
1743 444 1962 496 penuriam
1975 447 2142 498 argenti

1266 508 1477 548 triumviri
1497 508 1697 547 mensarii
1724 507 1946 558 rogatione
1966 509 2142 549 Minutii

1264 571 1426 611 tribuni
1446 570 1583 622 plebis
1604 569 1710 610 facti
1728 569 1859 610 sunt.’
1892 571 2040 610 Oliver.

1318 634 1426 674 Socii
1455 634 1692 686 proeberent]
1717 633 1930 673 Dissentit
1963 647 1988 673 a
2018 634 2166 675 Liviov

1263 697 1477 738 Valerius.
1532 697 1646 737 Nam
1661 709 1687 736 a
1699 697 1824 736 sociis
1839 696 2141 748 benignissime

1262 766 1484 812 erogatum
1514 759 1773 812 stipendium
1807 765 1853 799 et
1885 759 2141 800 frumentum

1263 822 1368 862 dicit
1404 823 1568 874 Livius,
1608 827 1658 862 ut
1693 834 1823 873 supra
1861 823 2142 872 ostendimus,

1261 897 1341 925 nec
1360 885 1549 925 amisisse
1569 890 1670 925 tunc
1691 884 1947 937 provincias,
1973 886 2048 926 sed
2069 886 2142 926 ob-

1260 947 1454 988 tinuisse.
1486 948 1634 988 Oliver.

1314 1011 1558 1062 Longinquis
1573 1008 1770 1062 expensis]
1799 1010 1906 1050 Cum
1927 1010 2008 1062 ipsi
2026 1010 2141 1050 domi

1260 1075 1517 1127 indigerent.

1316 1140 1521 1191 Nutrices]
1559 1139 1766 1179 Nutrices
1807 1138 1953 1177 Romae
1997 1137 2143 1178 Sicilia

1261 1207 1307 1242 et
1323 1204 1534 1243 Sardinia.
1590 1203 1656 1242 De
1669 1202 1820 1242 Sicilia
1836 1203 1969 1242 multa
1988 1202 2142 1241 Cicero

1262 1267 1303 1305 in
1325 1267 1539 1306 Verrinis.
1593 1266 1703 1305 Cato
1723 1266 1852 1304 etiam
1883 1266 2034 1304 cellam
2069 1275 2142 1316 pe-

1262 1329 1423 1367 nariam
1446 1326 1734 1378 Reipublicae,
1763 1326 1972 1366 nutricem
2006 1327 2142 1377 plebis

1263 1392 1465 1430 Romanae
1505 1390 1817 1442 appellaverat.
1873 1388 2031 1430 Strabo
2068 1389 2143 1438 lib.

1266 1466 1328 1495 vt.
1363 1455 1519 1503 ταμεῖον
1553 1454 1627 1501 τῆς
1659 1450 1805 1502 Ῥώμης
1849 1463 1904 1491 ex
1946 1451 2143 1502 Polybio.

1264 1515 1385 1555 Idem
1422 1516 1640 1555 frumenta
1686 1527 1775 1567 prae
1822 1514 2008 1565 caeteris,
2055 1521 2144 1553 tum

1264 1580 1406 1629 melle,
1426 1591 1554 1620 croco
1573 1578 1812 1619 abundasse
1832 1577 1997 1617 scribit.
2054 1577 2144 1618 Pli-

1263 1644 1357 1682 nius
1378 1643 1508 1683 etiam
1534 1643 1595 1682 sal
1615 1643 1768 1697 addit..
1807 1641 2005 1682 Sardinia
2025 1652 2145 1692 vero,

1263 1707 1367 1746 licet
1385 1718 1539 1758 aspera
1558 1719 1612 1745 ex
1633 1711 1756 1756 parte
1776 1705 1850 1756 sit,
1869 1710 2010 1744 tamen
2027 1704 2147 1744 Stra-

1265 1769 1363 1809 boni
1383 1769 1570 1825 ejusdem
1592 1770 1725 1821 major
1745 1780 1844 1820 pars
1864 1765 2048 1816 εὐδαίμων
2061 1768 2146 1807 τοῖς

1263 1833 1372 1874 πᾶσι.
1447 1832 1651 1872 Horatius
1697 1831 1807 1871 libro
1858 1830 2009 1882 primo,
2055 1830 2145 1870 Od.

1266 1908 1402 1937 xxxi.
1420 1897 1432 1920 ‘
1449 1898 1547 1938 Non
1566 1898 1729 1949 opimas
1750 1895 1957 1935 Sardiniae
1975 1901 2146 1946 segetes

1265 1959 1450 2001 feracis!
1505 1961 1722 2000 Salvianus
1742 1960 1889 2000 lib.vr.
1907 1959 2144 1999 Sardiniam

1267 2029 1312 2062 et
1345 2024 1535 2064 Siciliam
1572 2022 1765 2063 ‘fiscalia
1799 2022 1976 2061 horrea’
2004 2025 2145 2060 vocat.

1270 2088 1398 2129 Coler.

1319 2150 1613 2201 Stabilimenta]
1665 2147 1969 2189 Sustentacula
2015 2146 2148 2187 bello·

1266 2226 1376 2265 rum,
1405 2227 1430 2254 a
1449 2215 1603 2267 quibus
1622 2212 1804 2253 Romani
1824 2212 1877 2251 ad
1903 2215 2146 2251 sustentan-

1266 2277 1322 2317 da
1341 2289 1474 2318 onera
1495 2277 1597 2317 belli
1613 2276 1885 2328 juvabantur.

1321 2341 1516 2392 Dimisit]
1563 2341 1721 2393 Neque
1765 2345 1910 2378 tamen
1970 2337 2147 2378 amissas

1266 2407 1358 2446 vult
1392 2405 1588 2444 Valerius
1627 2409 1729 2444 tunc
1767 2413 1840 2442 eas
1878 2400 2148 2453 provincias3

1266 2470 1342 2510 sed
1383 2469 1524 2509 amitti
1571 2468 1780 2520 potuisse,
1819 2464 1920 2517 quia
1959 2463 2146 2503 dimissae

1267 2533 1409 2572 auxilii
1431 2538 1477 2572 et
1497 2530 1662 2572 consilii
1683 2534 1898 2580 expertes.
1929 2527 2051 2567 Idem.
2119 2520 2124 2525 ¹

1319 2597 1343 2648 ᾧ
1370 2599 1396 2635 2
1426 2596 1578 2635 Eadem
1615 2591 1871 2642 Casilinates]
1916 2590 2146 2631 Casilinum

1265 2669 1317 2697 eo
1339 2663 1535 2708 tempore
1556 2654 1781 2707 quingenti
1801 2652 2056 2692 Praenestini
2077 2652 2150 2692 ha·

1266 2720 1428 2760 bebant
1458 2732 1555 2760 cum
1587 2718 1735 2770 paucis
1767 2716 1967 2757 Romanis
1989 2715 2152 2755 Latini-

1265 2796 1348 2835 que
1366 2783 1564 2833 nominis,
1593 2793 1701 2834 quos
1718 2794 1743 2820 a
1763 2779 1903 2832 patria
1923 2779 2090 2819 Cannas
2108 2779 2149 2817 in

1266 2851 1411 2886 castra
1431 2846 1749 2898 proficiscentes
1769 2842 1942 2882 nuntius
1955 2848 2151 2892 accept-ee

1267 2909 1402 2949 cladis
1419 2909 1650 2949 Casilinum
1670 2906 1905 2957 convertit,
1931 2906 2002 2958 qui
2023 2907 2151 2956 paulo

1267 2977 1382 3024 post,
1411 2973 1533 3012 caesis
1569 2971 1816 3023 oppidanis,
1845 2970 1995 3009 urbem
2029 2981 2153 3009 occu·

1269 3042 1442 3089 parunt.
1499 3035 1703 3086 Additur,
1750 3041 1798 3075 et
1835 3034 2047 3074 Perusina
2084 3045 2154 3073 co·

1267 3102 1367 3140 hors
1397 3101 1548 3140 eodem
1579 3100 1730 3139 nuntio
1767 3098 2003 3138 Casilinum
2043 3109 2154 3136 com·

1270 3166 1408 3216 pulsa,
1425 3165 1604 3216 penuria
1618 3163 1822 3202 frumenti
1835 3161 2006 3200 nimium
2023 3161 2152 3199 etiam

1270 3229 1486 3269 bominum
1521 3228 1658 3267 videri
1688 3225 1893 3266 faciebat.
1950 3224 2017 3263 Ad
2044 3225 2152 3263 hauc

1273 3293 1434 3342 urbem,
1464 3292 1530 3332 vel
1553 3292 1587 3331 si
1610 3290 1700 3330 fieri
1735 3294 1897 3342 posset,
1925 3289 1967 3326 in
1998 3288 2156 3328 dediti·

1271 3368 1392 3395 onem
1430 3354 1740 3406 accipiendam,
1783 3353 1848 3391 vel
1889 3351 2047 3391 viribus
2080 3364 2153 3390 ex-

1273 3418 1559 3470 pugnandam,
1588 3415 1771 3456 Annibal
1793 3419 1958 3466 partem
1991 3415 2153 3453 exerei-

1271 3485 1340 3520 tus
1377 3480 1510 3528 misit,
1539 3478 1612 3531 qui
1644 3489 1807 3526 omnes,
1839 3476 1892 3517 ab
1930 3475 2153 3527 oppidanis

1271 3543 1500 3596 eruptione
1518 3541 1646 3594 facta,
1673 3540 1858 3594 turpiter
1887 3538 1972 3581 fusi
1999 3537 2155 3591 fugati·
