2320 4004
473 275 618 330 1214

473 405 640 460 datum,
657 420 738 450 nec
756 409 806 452 C.
827 408 987 461 Plotio,
1006 409 1082 451 sed
1100 412 1152 452 L.
1170 412 1361 466 Papyrio

471 470 724 513 foeneratori
746 471 877 513 fuisse
896 473 1016 513 dicit.
1046 473 1186 527 quue
1200 474 1360 518 factum

468 548 562 577 -esse
583 545 681 577 ante
700 537 961 577 deditionem
981 538 1226 580 Caudinam.
1265 541 1361 580 Mu:

470 605 608 640 tatum
643 601 755 641 enim
789 600 893 640 dicit
925 612 1022 641 esse
1049 602 1121 653 jus
1153 604 1206 643 ob
1235 604 1358 644 unius

469 662 739 705 foeneratoris
752 664 987 715 libidinem,
999 671 1044 707 et
1058 667 1357 708 crudelitatem

469 727 695 779 insignem.
753 729 800 769 L.
836 730 1050 781 Papyrius
1084 732 1119 772 is
1150 731 1252 785 fuit,
1285 735 1355 775 cui

469 804 566 832 cum
600 793 985 835 Senatusconsulto
1017 796 1195 837 Publius
1223 798 1278 838 ob
1298 811 1356 838 aes

469 859 653 899 alienum
671 864 900 912 paternum
920 873 1056 902 nexus
1077 863 1205 904 datus
1225 869 1355 915 esset,

467 935 562 974 quae
600 923 735 965 forma
781 931 972 979 aetasque
1019 928 1354 969 misericordiam

468 985 626 1027 elicere
647 993 864 1040 poteraut,
881 990 935 1030 ad
954 990 1175 1031 libidinem
1192 996 1236 1032 et
1254 1003 1354 1032 con-

468 1051 687 1091 tumeliam
731 1053 916 1093 animum
961 1055 1263 1106 accenderent,
1303 1059 1354 1094 ut

458 1109 615 1153 ,florem
648 1115 791 1155 aetatis
817 1116 907 1167 ejus
941 1116 1129 1157 fructum
1157 1117 1354 1158 adventi-

467 1175 572 1215 tium
609 1178 812 1218 crederet
841 1179 999 1219 datum.
1055 1181 1203 1220 Primo
1231 1181 1353 1232 pelli-

465 1252 566 1281 cere
603 1242 922 1283 adolescentem
956 1257 1151 1285 sermone
1185 1245 1352 1286 incesto

464 1308 531 1343 est
559 1310 752 1355 conatus,
780 1305 936 1346 deinde
965 1314 1188 1360 postquam
1209 1321 1354 1360 asper-

463 1366 678 1407 nabantur
708 1367 919 1421 flagitium
953 1382 1095 1421 aures,
1125 1371 1248 1410 minis
1270 1376 1353 1411 ter·

463 1430 613 1484 ritate,
656 1436 787 1484 atque
840 1432 1077 1473 identidem
1122 1434 1351 1474 admonere

461 1490 650 1534 fortunas
667 1507 755 1534 suae
776 1507 788 1544 ;
820 1501 1037 1547 postremo
1050 1510 1144 1537 cum
1161 1498 1353 1549 ingenui-

463 1556 567 1596 tatis
585 1558 735 1608 magis‚
752 1570 878 1610 quam
899 1561 1126 1611 praesentis
1141 1560 1350 1600 conditio-

461 1620 526 1660 nis
559 1633 786 1661 memorem
820 1622 1010 1674 videret,
1039 1623 1351 1677 nudarijubet,

460 1683 730 1737 verberaque
750 1683 908 1726 afferri.
949 1686 1114 1728 Quibus
1134 1687 1350 1728 laceratus

454 1746 626 1798 juvenis
640 1759 735 1787 cum
757 1761 803 1788 se
818 1749 861 1788 in
881 1749 1100 1801 publicum
1116 1751 1351 1802 proripuis-

461 1818 544 1863 set,
580 1811 800 1852 libidinem
830 1814 1221 1867 crudelitatemque
1250 1829 1350 1856 con-

461 1887 644 1928 querens
659 1875 942 1928 foeneratoris,
961 1877 1113 1929 ingens
1135 1878 1197 1918 vis
1219 1879 1351 1918 homi-

463 1951 564 1979 num
602 1952 699 1980 cum
735 1941 876 1980 aetatis
911 1941 1186 1982 miseratione
1220 1948 1351 1994 atque

461 2002 721 2054 indignitate
754 2004 922 2055 injuriae
946 2016 1127 2045 accensa
1146 2017 1229 2044 suae
1250 2018 1350 2046 con-

461 2066 651 2118 ditionis,
665 2067 933 2120 liberumque
950 2080 1119 2108 suorum
1137 2074 1351 2121 respectu,

458 2130 502 2170 in
535 2130 693 2183 forum,
726 2138 856 2183 atque
889 2131 1008 2183 inde,
1029 2132 1196 2183 agmine
1216 2132 1350 2184 facto,

459 2195 515 2234 ad
536 2195 693 2235 curiam
713 2195 945 2235 concurrit.
1002 2197 1060 2235 Et
1081 2208 1178 2235 cum
1198 2209 1348 2237 consu-

460 2258 523 2297 les
543 2259 730 2297 tumultu
749 2258 973 2309 repentino
987 2260 1127 2300 coacti
1142 2259 1350 2299 Senatum

459 2329 679 2370 vocarent,
700 2321 1016 2362 introeuntibus
1037 2323 1080 2362 in
1096 2324 1259 2363 curiam
1279 2336 1351 2376 pa-

458 2386 598 2426 tribus
631 2386 869 2426 laceratum
891 2386 1022 2438 virgis
1053 2391 1222 2438 tergum
1253 2399 1349 2439 pro-

459 2449 702 2490 cumbentis
719 2451 770 2490 ad
784 2450 1046 2502 singulorum
1063 2451 1194 2502 pedes
1211 2456 1348 2490 osten-

461 2512 640 2553 debant.
696 2513 872 2553 Victum
891 2525 943 2554 eo
972 2513 1042 2553 die
1062 2513 1116 2554 ob
1138 2515 1348 2565 impoten-

458 2582 546 2616 tem
582 2577 779 2629 injuriam
810 2578 935 2618 unius
955 2578 1107 2630 ingens
1132 2580 1347 2619 vinculum

456 2640 575 2692 fidei,
583 2642 776 2694 jussique
796 2644 988 2683 consules
1009 2642 1123 2683 ferre
1140 2643 1194 2683 ad
1211 2655 1348 2696 popu-

456 2707 561 2756 lum,
576 2718 630 2745 ue
650 2707 759 2758 quis,
777 2707 861 2746 nisi
879 2707 951 2760 qui
972 2708 1141 2747 noxiam
1171 2708 1346 2747 meruis-

457 2777 540 2820 set,
560 2769 698 2810 donec
729 2782 898 2821 poenam
927 2772 1081 2822 lueret,
1105 2771 1148 2811 in
1177 2783 1347 2823 compe-

457 2834 584 2874 dibus
605 2841 679 2874 aut
701 2835 741 2874 in
762 2847 893 2874 nervo
916 2841 1154 2877 teneretur.
1208 2836 1348 2875 Pecu·

455 2898 538 2937 niae
557 2897 735 2937 creditae
756 2897 868 2939 bona
896 2898 1121 2950 debitoris,
1138 2911 1222 2938 non
1254 2911 1347 2939 cor-

455 2973 537 3012 pus
574 2961 803 3001 obnoxium
841 2969 970 3002 esset.
1028 2962 1185 3014 Itaque
1233 2974 1348 3002 nexu

456 3024 602 3074 soluti,
648 3030 909 3076 cautumque
958 3025 1236 3077 imposterum
1292 3038 1347 3066 ne

455 3091 754 3127 necterentur.
802 3086 909 3128 Oliv.
966 3087 1158 3140 Contigit
1195 3088 1249 3129 A.
1288 3088 1346 3130 U.

456 3161 691 3191 cDXXXVL

515 3213 576 3251 Ob
613 3212 786 3265 turpiter
820 3213 943 3254 ictum
963 3213 1116 3265 foedus]
1145 3214 1264 3255 Nota
1282 3219 1348 3255 est

454 3276 649 3328 historia,
667 3278 876 3330 quomodo
894 3277 948 3317 ad
964 3279 1171 3318 Furculas
1192 3279 1347 3319 Caudi·

456 3353 533 3381 nas
555 3341 689 3381 clausi
709 3346 754 3382 et
773 3341 937 3382 obsessi
967 3340 1090 3381 fuere
1120 3341 1304 3382 Romani
1323 3354 1349 3382 a

457 3404 733 3457 Samnitibus,
772 3406 822 3446 Τ.
859 3406 1043 3446 Veturio
1081 3405 1277 3457 Calvino,
1304 3410 1349 3446 et

458 3468 614 3519 Spurio
632 3468 883 3509 Posthumio
898 3469 1018 3508 Coss.
1040 3474 1086 3509 et
1105 3468 1182 3508 sub
1195 3468 1348 3520 jugum

458 3531 592 3583 missi,
607 3532 694 3573 icto
714 3531 876 3575 foedere
892 3545 989 3573 cum
1006 3532 1214 3585 hostibus,
1234 3531 1347 3585 quod

1058 290 1234 333 No'rAE
1273 291 1604 337 VARIORUM
1644 295 1711 336 IN

1424 416 1608 467 populus
1630 414 1845 456 Romanus
1876 427 1958 456 non
1985 415 2198 468 probavit,
2220 429 2301 460 uec

1421 479 1606 529 accepit.
1653 478 1739 518 Sed
1759 485 1954 520 auctores
1968 479 2142 520 foederis
2161 481 2301 534 turpis

1421 542 1653 582 deditionis
1672 542 1891 583 dedendos
1909 543 2100 583 hostibus
2117 544 2301 595 censuit,

1419 611 1468 644 ut
1487 606 1668 656 populus
1684 607 1889 657 religione
1903 607 2158 648 solveretur.
2177 607 2302 650 Idem.

1474 667 1652 719 Nexum]
1680 669 1731 708 In
1753 671 1936 720 vincula,
1955 675 2004 710 ut
2022 670 2064 710 in
2085 670 2302 724 compedi-

1419 729 1497 770 bus
1517 743 1623 782 opus
1643 730 1810 772 faceret
1827 733 1908 784 ipsi
1922 733 2139 775 creditori.

1471 792 1493 843 ᾗ
1537 797 1588 834 10
1639 794 1856 846 Trium-ir]
1901 796 2127 837 Triumviri
2161 796 2300 849 primo

1417 855 1535 896 libris
1573 863 1738 897 tantum
1772 858 1986 910 Sibyllinis
2019 858 2301 910 praefuerunt,

1417 926 1568 971 postea
1587 921 1720 961 creati
1749 927 1849 962 sunt
1878 922 1922 962 in
1952 922 2214 964 deducendis
2231 935 2301 964 co·

1414 985 1767 1036 lonis,postremo
1781 986 1825 1025 in
1845 986 2063 1026 sumendis
2081 986 2302 1039 suppliciis

1415 1047 1470 1088 de
1505 1049 1729 1101 damnatis,
1766 1056 1810 1092 et
1843 1055 2011 1091 tantum
2044 1050 2302 1092 dicebantur

1413 1113 1623 1153 triumviri
1646 1125 1787 1153 rerum
1817 1114 2081 1165 capitalium.
2111 1113 2219 1154 Oliv.

1472 1177 1684 1228 Capitalis]
1709 1178 1864 1229 Vulgo,
1880 1178 2137 1228 Capitolinus.
2172 1177 2300 1219 Quod

1416 1244 1559 1278 tamen
1580 1241 1703 1280 multi
1723 1245 1868 1280 textus
1886 1252 1970 1281 non
1985 1241 2157 1281 habent.
2187 1240 2300 1280 Con-

1417 1301 1519 1353 tigit
1539 1300 1594 1342 A.
1611 1301 1666 1340 U.
1685 1312 1916 1342 cnxxxvt.

1469 1364 1695 1416 Primipili]
1725 1366 1896 1405 Primus
1923 1366 2050 1418 pilus,
2075 1366 2170 1418 ipse
2201 1377 2299 1407 cen-

1416 1427 1672 1479 turionatus,
1692 1434 1737 1468 et
1758 1428 1918 1481 primus
1931 1430 2036 1469 ordo
2051 1435 2121 1469 est
2136 1429 2302 1474 triario-

1415 1504 1526 1543 rum,
1547 1491 1599 1532 ad
1616 1504 1739 1544 quem
1756 1492 2076 1545 gubernandum
2097 1493 2301 1534 ascende-

1414 1555 1520 1596 bant
1532 1557 1820 1597 centuriones.
1849 1556 2068 1598 Videlicet
2081 1569 2135 1598 ex
2144 1557 2301 1598 ordine

1415 1619 1584 1659 decimo
1603 1620 1884 1673 hastatorum,
1913 1633 1990 1660 seu
2019 1621 2186 1666 decimo
2204 1621 2299 1663 has-

1415 1688 1525 1736 tato,
1561 1684 1615 1724 ad
1654 1696 1815 1724 nonum·
1838 1685 2078 1735 hastatum3
2124 1697 2168 1724 a⁴
2189 1697 2300 1724 nouo

1415 1748 1469 1788 ad
1499 1754 1724 1788 octavum:
1753 1749 1821 1788 vel
1853 1747 2108 1803 (secundnm
2125 1749 2301 1801 Vegetii

1412 1811 1751 1862 instructionem,
1774 1813 1846 1864 qui
1874 1811 2092 1864 principes
2120 1812 2299 1852 hastatis

1414 1874 1651 1928 praeponit)
1681 1888 1707 1915 a
1735 1876 1872 1928 primo
1903 1875 2114 1928 principe,
2146 1876 2200 1916 ad
2230 1888 2299 1916 se-

1414 1938 1600 1979 cundum
1630 1938 1894 1990 principem,
1923 1944 1969 1978 et
1997 1939 2058 1978 sic
2093 1938 2297 1991 deinceps

1413 2014 1492 2053 per
1511 2002 1696 2054 reliquos
1716 2014 1862 2042 omnes
1881 2001 2052 2042 ordines
2073 2000 2126 2042 ad
2152 2003 2299 2055 primi-

1413 2066 1491 2117 pili
1537 2066 1892 2117 centurionatum,
1935 2064 2010 2117 qui
2053 2065 2214 2117 primus
2253 2070 2299 2105 et

1415 2140 1640 2180 supremus
1679 2135 1774 2169 erat
1811 2128 1856 2168 in
1901 2133 1996 2167 tota
2030 2127 2216 2178 legione.
2251 2128 2297 2167 id

1412 2193 1592 2232 inuuere
1620 2191 1756 2232 voluit
1786 2191 1995 2243 Vegetius
2027 2190 2093 2230 his
2126 2190 2298 2232 verbis:

1410 2257 1423 2278 ⁴
1441 2256 1579 2295 Vetus
1613 2261 1756 2296 autem
1788 2253 2053 2295 consuetudo
2073 2255 2229 2306 tenuit,
2248 2261 2298 2295 nt

1413 2332 1468 2360 ex
1485 2320 1622 2372 primo
1647 2319 1844 2372 principe
1863 2318 2057 2370 legionis,
2075 2329 2297 2370 promove-

1413 2394 1534 2425 retur
1579 2386 1772 2426 centurio
1831 2385 2052 2437 primipili‚
2096 2384 2168 2437 qui
2213 2396 2297 2424 non

1413 2451 1546 2490 solum
1567 2450 1722 2502 aquilae
1741 2449 1959 2502 praeerat,'
1979 2452 2063 2490 &c.
2106 2449 2298 2490 Praedic·

1413 2521 1500 2555 tam
1521 2514 1800 2566 promovendi
1820 2514 2030 2554 rationem
2044 2514 2140 2567 ipse
2158 2515 2297 2566 Vege-

1410 2580 1496 2620 tius
1545 2580 1723 2630 indicat,
1770 2580 1962 2633 quamvis
2022 2579 2298 2628 subobscure,

1409 2643 1523 2682 libro
1570 2655 1622 2683 11.
1661 2643 1807 2695 capite
1839 2647 1908 2683 21.
1965 2643 2108 2683 ‘Nam
2145 2641 2296 2696 quasi,’

1410 2705 1565 2757 inquit,
1591 2706 1664 2745 ‘in
1694 2706 1842 2745 orbem
1871 2705 2097 2758 quemdam
2127 2716 2206 2757 per
2234 2703 2298 2743 di-

1411 2779 1553 2808 versas
1592 2768 1807 2820 cohortes,
1855 2772 1901 2808 et
1942 2768 2133 2808 diversas
2177 2767 2299 2807 scho-

1410 2832 1474 2871 las
1528 2831 1683 2872 milites
1743 2837 2068 2884 promoventur,
2121 2830 2186 2871 ita
2248 2835 2299 2871 ut

1411 2906 1467 2935 ex
1497 2893 1635 2946 prima
1662 2893 1852 2940 cohorte,
1881 2893 1936 2934 ad
1956 2893 2133 2946 gradum
2153 2904 2300 2946 qnem-

1409 2963 1525 3016 piam
1552 2968 1790 3016 promotus,
1828 2961 1960 3002 vadat
1998 2959 2052 3001 ad
2085 2960 2296 3001 decimam

1411 3027 1662 3076 cohortem3
1699 3030 1745 3066 et
1775 3037 1923 3065 rursus
1951 3024 2005 3065 ab
2027 3036 2080 3065 ea
2103 3035 2298 3064 crescen-

1409 3091 1524 3132 tibus
1561 3090 1805 3143 stipendiis,
1835 3102 1930 3130 cum
1964 3088 2123 3140 majore
2145 3087 2297 3140 gradu,

1409 3167 1488 3207 per
1509 3154 1616 3194 alias
1644 3158 1836 3194 recurrat
1872 3151 1927 3191 ad
1955 3151 2152 3204 primum.
2189 3150 2297 3191 Ideo

1411 3217 1537 3269 primi
1587 3217 1663 3269 pili
1712 3214 1908 3255 centurio
1967 3217 2193 3266 postquam
2250 3213 2296 3253 in

1410 3282 1558 3321 orbem
1592 3291 1738 3320 omnes
1767 3278 1968 3319 cohortes
1997 3288 2077 3329 per
2105 3277 2296 3317 diversas

1411 3341 1773 3383 administraverit
1830 3340 2012 3390 scholas,
2064 3340 2108 3379 in
2154 3340 2297 3391 prima

1412 3407 1588 3448 cohorte
1606 3405 1659 3444 ad
1678 3405 1789 3445 hanc
1809 3403 2009 3455 pervenit
2028 3403 2228 3456 palmam,
2249 3402 2294 3442 in

1413 3481 1497 3522 qua
1515 3480 1569 3508 ex
1584 3468 1697 3507 omni
1709 3467 1875 3519 legione
1891 3466 2056 3509 infinita
2071 3465 2295 3507 commoda

1411 3529 1718 3585 consequitur!
1746 3530 1973 3571 Hactenus
2004 3529 2148 3582 Veget
2196 3528 2292 3570 Pri·
