2288 3990
567 319 826 360 VALERH
871 318 1115 359 MAX1M1
1158 319 1281 362 LIB.
1322 320 1414 361 111.
1454 322 1590 362 cAP.
1615 309 1670 362 3

205 435 368 488 dicunt,
387 440 435 476 ut
453 436 525 476 alii
549 448 667 486 vero,
695 438 965 479 Methrodori
986 439 1080 480 Chii

205 500 390 550 auditor,
404 500 660 552 Olympiade
679 503 915 543 centesima
945 508 988 544 et
1009 503 1083 544 de-

203 562 314 603 cima
345 563 495 615 viguit.
551 565 636 605 Hie
669 566 800 606 etiam
831 580 928 607 cum
948 566 1082 607 Alex-

202 625 338 666 andro
357 638 612 677 congressus
641 634 722 679 est,
755 634 802 669 et
833 630 888 669 de
920 630 1080 670 Rerum

202 686 373 728 Natura
391 690 506 740 apud
536 702 632 730 eum
664 692 908 732 acutissime
935 693 1081 745 dispu-

201 753 314 800 tans,
332 750 376 790 in
396 751 487 803 ejus
515 752 855 795 familiaritatem
877 767 921 796 se
953 755 1080 796 facile

197 810 440 854 insinuavit.
465 815 633 855 Habuit
647 817 983 858 Nicocreontem
997 820 1081 871 Cy-

198 875 268 925 pri
297 881 524 928 tyrannum
557 881 807 921 acerrimum
834 882 1079 933 inimicum3

199 938 320 990 cujus
340 940 426 980 odii
447 941 706 994 principium
724 944 823 985 inde
842 952 983 986 ortum
995 950 1078 998 est,

198 1000 312 1053 quod
330 1015 426 1043 cum
446 1003 744 1046 Anaxarchum
767 1006 1017 1049 Alexander
1035 1010 1079 1049 in

198 1065 394 1104 convivio
455 1068 682 1120 aliquando
754 1071 1079 1125 interrogasset,

197 1126 400 1178 quidnam
413 1129 465 1169 de
479 1142 532 1170 ea
547 1143 672 1172 coena
687 1133 889 1175 sentiret:
913 1135 1081 1175 Cuncta

195 1190 438 1243 magnifice,
453 1193 607 1246 inquit,
620 1207 645 1235 o
659 1208 732 1236 rex
746 1210 758 1246 ;
788 1208 937 1237 verum
952 1210 1079 1250 opor-

195 1257 291 1292 tere
309 1254 504 1308 Satrapae
520 1258 741 1309 cujusdam
758 1266 890 1311 caput
904 1262 1077 1313 apponi,

198 1313 535 1360 Nicocreontem
557 1334 725 1374 semper
750 1323 936 1364 intuens.
981 1325 1078 1366 Quo

195 1377 270 1418 ille
285 1378 550 1434 indignatus,
583 1391 681 1436 post
701 1385 939 1426 Alexandri
967 1399 1079 1427 mor-

199 1446 302 1492 tem,
330 1455 425 1483 cum
446 1444 726 1487 Anaxarchus
745 1449 842 1487 navi
874 1448 987 1489 forte
1007 1462 1077 1489 ve·

196 1503 388 1556 hen-etur,
429 1508 715 1562 divinitusque
753 1511 898 1563 Cypro
943 1524 1077 1564 appu-

195 1565 332 1619 lisset,
350 1569 406 1608 ab
424 1570 498 1609 illo
514 1578 664 1623 captus
677 1573 923 1612 crudelibus
941 1574 1077 1625 poenis

197 1627 376 1671 affectus
421 1639 503 1673 est.
574 1635 687 1675 Nam
725 1648 821 1676 eum
867 1643 1077 1689 tyrannus

194 1693 361 1734 malleis
401 1694 553 1737 ferreis
586 1699 699 1737 caedi
738 1700 885 1750 jussit.
959 1701 1076 1741 Hinc

193 1754 299 1796 illud
318 1758 488 1799 celebre
513 1760 680 1801 dictum
713 1763 952 1814 geminasse
973 1764 1077 1804 dici·

195 1822 282 1870 tur,
303 1819 472 1873 Tunde,
500 1824 632 1874 tunde
661 1824 909 1866 Anaxarchi
936 1839 1078 1868 saccu-

194 1880 299 1933 lum,
342 1894 440 1924 nam
477 1884 775 1928 Anaxarchum
812 1890 918 1930 nihil
956 1892 1076 1931 teris.

194 1942 284 1984 Pro
302 1948 474 1988 sacculo
496 1961 652 2003 corpus
684 1952 966 2005 intelligebat,
997 1968 1076 2007 pro

193 2005 452 2051 Anaxarcho
480 2014 663 2054 animam
693 2016 787 2067 ejus
817 2017 1076 2059 interiorem.

195 2070 349 2114 Cicero
376 2075 605 2118 Tusculan.
634 2078 710 2118 lib.
727 2090 776 2119 11.
819 2080 833 2102 ‘
848 2082 916 2120 De
934 2082 1077 2122 Anax-

197 2135 329 2176 archo
356 2137 585 2179 Demetrio
617 2142 851 2193 cogitetur,
878 2143 949 2195 qui
976 2156 1075 2184 cum

196 2197 329 2250 Cypri
348 2200 391 2240 in
403 2213 551 2243 manus
570 2204 874 2245 Nicocreontis
888 2207 999 2259 regis
1014 2208 1076 2247 in-

197 2260 392 2314 cidisset,
419 2265 580 2304 nullum
613 2278 745 2317 genus
776 2269 976 2319 supplicii
1003 2269 1075 2310 de·

194 2332 400 2377 precatus
418 2334 502 2380 est,
516 2342 598 2369 nec
616 2332 841 2370 recusavit.
880 2332 988 2372 Sunt
1003 2333 1073 2385 qui

196 2389 347 2431 dicunt
364 2391 475 2432 hunc
506 2394 725 2444 praecisam
745 2394 936 2445 linguam
957 2396 1001 2435 in
1029 2409 1076 2436 os

196 2454 364 2503 tyranni
387 2455 667 2507 conspuisse!
699 2457 848 2498 Oliver.
888 2460 1075 2499 Anaxar-

194 2516 304 2568 chus]
335 2516 462 2558 Aliud
484 2524 527 2558 et
556 2519 804 2559 horribilius
832 2523 1075 2574 exemplum

196 2579 251 2620 de
270 2580 420 2621 eodem
442 2582 678 2622 celebravit
706 2584 924 2636 Diogenes
945 2586 1074 2626 Laer-

195 2642 294 2694 tius,
304 2650 348 2685 et
360 2645 514 2685 Cicero
526 2646 794 2687 Tusculanis,
823 2649 1074 2691 Tertulliau.

194 2705 512 2760 Apologetico:
555 2709 567 2730 ‘
587 2707 866 2750 Anaxarchus
897 2725 992 2752 cum
1030 2713 1075 2754 in

193 2770 372 2809 exitium
393 2771 578 2811 Ptisanae
605 2772 691 2823 pilo
713 2774 1074 2828 contunderetur,

191 2832 362 2884 Tunde,
391 2835 525 2874 tunde
546 2835 688 2876 aiebat
713 2836 959 2878 Anaxarchi
995 2839 1074 2880 fol-

192 2896 308 2936 lem.'
340 2897 514 2940 Colerus.

247 2960 447 3012 Ditionis]
474 2962 526 3001 Id
547 2968 628 3008 est,
649 2964 875 3015 potestatis
891 2971 993 3005 tuae.

246 3023 465 3077 Habitum]
492 3025 651 3077 Vulgo,
673 3026 874 3067 ambitum.
918 3028 971 3068 Id
993 3035 1075 3081 est,

193 3086 418 3127 circuitum
455 3089 602 3138 maris,
644 3089 850 3129 videlieet
889 3090 1072 3132 Oceani.

192 3150 302 3189 Dum
314 3153 435 3189 terroe
450 3151 724 3199 conditionem,
742 3152 917 3191 habitum
933 3154 1073 3205 maris]

194 3212 304 3253 Mss.
331 3212 455 3253 codd.
477 3224 639 3262 omnes,
668 3213 843 3254 habitum
860 3217 982 3256 maris
1011 3218 1075 3257 di-

194 3280 314 3314 cunt.
369 3275 441 3315 Sic
459 3275 664 3327 Virgilius
696 3276 858 3329 Georg.
876 3290 907 3318 1.
947 3281 959 3302 ‘
978 3280 1073 3319 Cul-

194 3341 345 3390 tusque
362 3339 615 3391 habitusque
634 3340 857 3379 locorum?
885 3342 1071 3392 Pighius.

249 3401 315 3450 §5
345 3401 396 3439 In
420 3400 636 3450 Theodoro]
665 3401 918 3452 Conjuratio
945 3405 988 3442 in
1009 3410 1073 3456 ty·

196 3461 316 3499 ranni
345 3468 475 3513 caput
495 3461 611 3502 facta
637 3463 852 3504 indicatur
879 3478 958 3517 per
991 3467 1072 3506 Ca-

197 3523 335 3562 lonem
347 3524 556 3576 quendam
574 3527 783 3579 aequalem
803 3528 1074 3583 Hieronymi,

1884 310 2028 363 1093

1148 440 1274 481 etiam
1291 442 1390 482 inde
1408 455 1433 482 a
1448 454 1581 494 puero
1597 441 1638 481 in
1652 439 1790 494 omnia
1803 438 2030 480 familiaria

1138 501 1241 552 jura
1260 510 1497 543 assuetum:
1526 504 1626 544 inde
1658 514 1787 543 unum
1808 514 1861 542 ex
1879 502 2029 552 conju-

1145 565 1246 604 ratis
1264 566 1529 607 Theodorum
1546 566 1796 616 nominavit,
1824 565 1896 617 qui
1912 577 2028 605 com-

1145 627 1381 678 prehensus
1401 630 1620 681 extemplo
1643 628 1916 679 traditusque
1936 625 2029 667 An-

1144 689 1383 730 dronodoro
1398 691 1679 744 torquendus,
1695 691 1749 731 de
1758 690 1900 742 seipso
1912 689 2029 729 haud

1144 758 1400 792 cunctanter
1430 752 1586 801 fassus,
1614 753 1810 795 conscios
1838 751 2026 792 celabat.

1144 814 1374 855 Postremo
1406 827 1501 855 cum
1522 816 1714 856 omnibus
1748 814 2029 855 intolerandis

1143 876 1339 918 humanae
1370 878 1590 930 sapientiae
1620 878 1882 919 cruciatibus
1915 879 2030 917 lace-

1143 947 1328 992 raretur,
1366 942 1528 982 victum
1566 943 1689 982 malis
1718 955 1764 982 se
1808 942 2028 992 simulans,

1143 1005 1303 1045 avertit
1333 1018 1358 1044 a
1388 1006 1571 1045 consciis
1617 1006 1662 1045 in
1699 1006 1888 1045 insontes
1922 1006 2034 1045 indi-

1143 1066 1270 1119 cium,
1312 1069 1572 1109 Thrasonem
1629 1069 1759 1109 etiam
1807 1075 2029 1109 auctorem

1142 1131 1310 1171 consilii
1325 1133 1544 1182 mentitus,
1564 1144 1644 1171 nec
1657 1132 1737 1172 nisi
1755 1138 1839 1172 tam
1860 1133 2030 1183 potenti

1143 1193 1252 1234 duce
1291 1195 1473 1235 confisos
1515 1208 1603 1235 rem
1644 1200 1811 1235 tantam
1847 1207 2028 1235 ausuros

1142 1256 1289 1309 fuisse,
1310 1258 1555 1299 nominabat
1576 1265 1719 1298 autem
1739 1270 1829 1309 eOS,
1848 1271 2027 1310 quorum

1143 1320 1288 1371 capita
1307 1321 1511 1361 vilissima
1528 1321 1710 1371 fingenti
1729 1322 1843 1361 inter
1859 1322 2028 1361 dolores

1142 1384 1411 1436 gemitusque
1422 1391 1721 1433 occurrerunt3
1743 1384 1925 1423 maxime
1943 1384 2031 1423 ani-

1142 1457 1209 1484 mo
1227 1447 1399 1498 tyranni
1415 1446 1624 1486 credibile
1645 1447 1848 1486 indicium
1867 1448 2027 1487 Thraso

1141 1508 1385 1548 nominatus
1422 1507 1548 1549 fecit.
1618 1509 1771 1561 Itaque
1804 1509 2026 1561 extemplo

1140 1570 1326 1611 traditus
1366 1572 1418 1611 ad
1466 1572 1736 1623 supplicium,
1778 1572 2027 1624 adjectique

1141 1645 1279 1684 poenae
1299 1634 1452 1675 caeteri
1485 1641 1628 1675 sontes
1658 1635 1788 1686 juxta
1820 1642 1864 1674 et
1885 1636 2033 1674 inson-

1140 1699 1227 1735 tes:
1270 1701 1359 1735 tum
1394 1696 1605 1736 sociorum
1636 1709 1762 1737 nemo
1791 1696 1891 1735 dum
1924 1708 2026 1736 con-

1140 1758 1255 1798 scius
1275 1759 1442 1799 consilii
1463 1759 1536 1799 diu
1564 1764 1851 1812 torqueretur,
1871 1764 1946 1799 aut
1964 1759 2024 1798 la·

1141 1825 1240 1876 tuit,
1258 1831 1333 1866 aut
1351 1824 1465 1877 fugit
1482 1838 1494 1875 ;
1528 1831 1693 1865 tantum
1708 1824 1790 1863 illis
1805 1824 1848 1863 in
1864 1824 2026 1863 virtute

1141 1899 1192 1927 ac
1210 1886 1297 1927 fide
1308 1887 1519 1928 Theodori
1534 1887 1619 1928 fuit
1637 1886 1823 1937 fiduciae,
1839 1892 2026 1926 tantum-

1141 1963 1224 2003 que
1252 1951 1334 2003 ipsi
1357 1952 1585 1992 Theodoro
1607 1952 1755 1991 virium
1786 1950 1840 1990 ad
1869 1962 2026 1990 arcana

1140 2014 1411 2054 occultanda.
1450 2016 1601 2056 Oliver.
1671 2015 1868 2067 Contigit
1898 2014 2024 2054 A.U.

1139 2086 1378 2119 nxxxvnl.

1194 2141 1418 2194 Fidiculas]
1445 2143 1615 2183 Nervos
1648 2147 1694 2182 et
1724 2142 1905 2182 chordas
1936 2146 2022 2183 tor·

1139 2203 1254 2255 tiles,
1272 2206 1426 2257 quibus
1445 2212 1663 2245 tormenta
1684 2204 1807 2245 fiunt.

1195 2268 1435 2321 Equuleum]
1461 2268 1573 2308 Vide
1593 2281 1736 2320 supra.

1192 2330 1400 2382 Laminas]
1429 2331 1690 2381 mandentes,
1709 2331 1861 2384 quibus
1877 2332 1928 2372 ad
1951 2345 2023 2374 ve-

1139 2390 1310 2431 ritatem
1331 2393 1635 2432 excutiendam
1653 2394 1890 2433 urebantur
1907 2395 1984 2435 rei.

1205 2454 1447 2505 Satellitem]
1506 2456 1683 2496 Scilicet
1746 2457 2026 2509 Thrasonem,

1142 2529 1268 2571 quem
1313 2519 1419 2558 licet
1456 2518 1656 2558 Valerius
1694 2531 1777 2559 non
1815 2520 2026 2572 nominet,

1141 2581 1288 2621 Livius
1321 2587 1464 2621 tamen
1498 2582 1557 2621 ita
1591 2582 1852 2622 nominatum
1886 2582 2023 2623 fuisse

1140 2645 1262 2686 dicit.
1317 2644 1568 2685 Theodoros
1600 2645 1751 2696 viginti
1789 2645 2023 2687 fuisselec-

1139 2713 1247 2760 tum,
1267 2708 1383 2749 inter
1402 2721 1505 2761 quos
1522 2707 1606 2748 fuit
1623 2709 1692 2748 hic
1711 2709 2023 2760 Syracusanus,

1139 2783 1267 2824 quem
1289 2772 1416 2811 etiam
1451 2771 1506 2812 de
1526 2783 1572 2810 re
1595 2772 1771 2811 militari
1801 2774 2023 2824 scripsisse

1136 2835 1334 2887 legimus.
1367 2835 1514 2874 Oliver.

1196 2898 1321 2943 Quasi
1353 2900 1520 2949 quodam
1548 2898 1725 2949 cardine]
1771 2899 1823 2938 Id
1857 2903 1939 2949 est,
1975 2904 2022 2940 ut

1130 2962 1268 3014 janua
1286 2962 1331 3001 in
1350 2962 1527 3001 cardine
1542 2972 1751 3003 versatur.

1193 3026 1259 3077 §6
1285 3025 1402 3076 Apud
1433 3025 1554 3064 Indos
1583 3038 1688 3076 vero,
1717 3027 1804 3078 ξω]
1851 3027 2020 3066 Solinus

1139 3089 1193 3128 de
1239 3089 1303 3127 his
1338 3089 1424 3128 ait:
1474 3087 1601 3127 ‘Indi
1635 3089 2017 3140 Gymnosophistas

1137 3152 1316 3203 habent,
1347 3152 1418 3205 qui
1442 3151 1504 3191 ab
1537 3157 1633 3190 ortu
1668 3164 1801 3203 usque
1833 3153 1884 3191 ad
1906 3152 2016 3191 Solis

1138 3227 1337 3255 occasum
1358 3215 1572 3254 contentis
1600 3215 1735 3254 oculis
1756 3215 1901 3254 orbem
1922 3226 2021 3254 can-

1138 3279 1375 3318 dentissimi
1389 3277 1556 3329 syderis
1576 3282 1853 3326 contuentur,
1872 3277 1913 3315 in
1931 3277 2021 3328 glo-

1137 3341 1192 3381 bo
1217 3341 1327 3392 ignis
1368 3341 1574 3380 rimantes
1604 3344 1773 3378 secreta
1804 3339 2019 3390 quaedam,

1138 3405 1362 3456 arenisque
1427 3403 1693 3442 ferventibus
1758 3408 2017 3451 perpetuum

1138 3467 1252 3506 diem
1311 3466 1490 3506 alternis
1546 3463 1728 3515 pedibus
1783 3463 2014 3504 insistunt!

1137 3530 1292 3571 Strabo
1327 3529 1401 3568 lib.
1432 3539 1508 3567 xv.
1546 3527 1599 3565 de
1633 3527 1696 3565 his
1735 3527 1883 3579 multa,
1917 3539 2012 3582 quae
