2346 3996
815 305 1072 346 VAnmut
1127 302 1381 345 Maxim.
1864 294 1995 348 1391

191 427 404 478 Venetiis
439 434 540 476 arte
575 424 769 474 Bonetti
805 423 1056 473 Locatelli.
1113 424 1403 488 Sumptibus
1439 423 1612 473 nobilis
1635 422 1723 472 viri
1747 424 2007 474 Octaviani

191 508 345 568 Scoti,
362 506 477 557 civis
501 503 841 562 ModotiensiS‚
863 519 993 553 anno
1020 515 1225 553 mcccc.
1252 503 1779 554 Lxxxxul.’-Conf.
1799 506 2007 554 Strauss.

193 590 327 654 Opp.
352 586 532 636 rariora
553 584 673 634 bibl.
698 582 932 632 Rebdorf.
957 597 1073 647 pag.
1103 590 1217 632 181.
1242 600 1344 647 seq.

260 673 390 726 1494
423 665 654 715 Venetiis.
680 665 783 715 Fol.
809 681 922 715 cum
947 663 1150 713 Oliverii
1174 666 1541 713 commentario.

263 753 392 807 1497
427 746 659 795 venetiis.
686 745 790 794 Fol.
816 761 930 795 cum
954 743 1157 793 Oliverii
1181 745 1547 794 commentario·

262 834 391 878 1500
425 826 650 877 Valerius
685 826 945 885 Maximus,
972 841 1084 875 cum
1108 832 1383 874 commento
1410 825 1605 873 Oliverii
1638 821 2012 889 Arzignanensis

191 907 450 959 vicentini.
523 908 576 956 ln
602 907 727 958 fine:
765 913 779 935 ‘
796 908 940 972 Opus
978 904 1156 955 Valerii
1183 904 1386 954 Maximi
1410 921 1521 953 cum
1546 922 1672 954 nova
1693 922 1751 953 ac
1775 898 2015 969 praeclara

194 990 397 1040 Oliverii
436 989 802 1053 Arzignanensis
828 988 915 1037 viri
952 986 1342 1052 praestantissimi
1374 986 1648 1034 examinata
1687 986 2015 1052 interpretati-

194 1086 312 1119 one:
348 1070 636 1134 impressum
660 1069 872 1118 Venetiis
896 1068 1251 1118 accuratissime
1290 1084 1376 1133 per
1401 1067 1711 1115 Albertinum
1740 1068 2018 1116 Vercellen-

194 1165 444 1201 semanno
467 1149 621 1198 nostri
645 1149 898 1199 salvatoris
915 1162 1159 1199 mccccc.
1178 1149 1255 1198 die
1271 1163 1324 1196 v.
1351 1148 1525 1199 mensis
1543 1148 1689 1212 julii!
1709 1148 2015 1198 Fol.—-Prae·

193 1229 401 1281 mittitur
438 1229 673 1282 editioni:
712 1231 843 1281 Petri
888 1230 1041 1289 Bruti,
1079 1230 1300 1296 episcopi
1340 1229 1674 1289 Catharensis,
1710 1230 1915 1294 epistola
1952 1229 2016 1277 ad

195 1309 476 1370 oliverium,
500 1318 548 1360 et
572 1311 719 1375 hujus
743 1311 807 1360 ad
833 1312 1032 1361 Petrum
1058 1311 1120 1359 de
1146 1310 1538 1383 Brutis-epistola
1556 1310 1870 1359 dedicatoria.
1908 1311 2020 1359 Illas
2096 1337 2098 1339 v

193 1388 378 1454 excipit
400 1390 554 1440 Index
574 1400 850 1450 auctorum,
878 1391 1058 1455 quibus
1082 1391 1129 1440 in
1147 1391 1500 1440 commentario
1520 1408 1634 1440 usus
1653 1390 1743 1439 fuit
1762 1391 2019 1450 Oliverius,

195 1471 544 1535 compendiosa
567 1472 680 1520 Vita
702 1471 881 1521 Valerii
905 1472 1127 1532 Maximi,
1153 1481 1201 1520 et
1227 1472 1458 1522 Rubricae
1477 1472 1585 1522 libri
1602 1471 1780 1521 Valerii
1802 1472 2019 1520 Maximi.

196 1550 413 1601 —Conf.
439 1553 664 1618 Freytag.
691 1555 927 1619 Apparat.
953 1554 1099 1603 Liter.
1125 1555 1188 1603 T.
1220 1568 1255 1602 1.
1280 1570 1394 1619 pag.
1421 1561 1535 1604 501.

767 1757 959 1807 AETAS
994 1757 1063 1808 II.
1104 1757 1454 1813 1501—1567.

269 1896 388 1940 1501
431 1888 652 1938 Valerius
684 1890 931 1940 Maximus
969 1890 1033 1941 de
1061 1889 1206 1940 factis
1229 1898 1281 1940 et
1310 1890 1455 1939 dictis
1480 1890 1895 1940 memorabilibus,
1966 1891 2022 1937 ln

198 1970 328 2020 fine:
388 1975 401 1998 ‘
421 1970 597 2020 Valerii
637 1971 872 2023 Maximi!
933 1973 1194 2022 Factorum
1240 1978 1291 2021 et
1335 1972 1594 2020 Dictorum
1638 1970 2022 2020 memorabilium

197 2067 325 2116 opus
372 2051 825 2117 praeclarissimum!
914 2052 1088 2116 Liptzk
1151 2053 1458 2101 terminatum
1481 2052 1494 2101 l
1567 2054 1705 2101 Anno
1753 2051 2025 2101 Christiane

198 2131 367 2182 salutis
394 2132 657 2181 Millesimo
690 2127 1080 2198 quingentesimo
1111 2134 1300 2198 primo!
1338 2133 1531 2182 decimo
1564 2132 1810 2182 Kalendas
1849 2133 2025 2181 mensis

198 2212 517 2261 Novembris!
555 2229 641 2276 per
686 2213 1014 2263 Baccalarium
1056 2216 1327 2265 Martinum
1369 2215 1775 2279 Herbipolensem
1815 2212 2026 2263 feliciter

198 2301 273 2341 est
317 2292 739 2342 consummatum.'
809 2294 1157 2343 Fol.-Ubivis
1201 2294 1302 2343 sere
1338 2294 1557 2358 sequitur
1595 2293 1859 2342 editionem
1893 2293 2026 2357 prin-

199 2373 355 2438 cipem
378 2390 415 2421 s.
441 2389 487 2421 a.
512 2381 560 2422 et
581 2374 615 2423 l.
643 2374 883 2423 nonnullis
909 2381 1069 2423 tamen
1097 2375 1143 2423 in
1168 2375 1285 2423 locis
1308 2376 1372 2424 ab
1401 2392 1459 2423 ea
1482 2375 1743 2439 discrepat.
1793 2375 2027 2439 Exempla

200 2461 411 2518 quatuor
432 2462 482 2502 et
506 2453 690 2519 viginti,
725 2465 836 2518 ‘quae
863 2454 1070 2518 primum
1101 2471 1153 2502 se
1177 2455 1225 2503 in
1252 2455 1410 2504 lucem
1448 2456 1707 2520 protulisse
1728 2463 1903 2518 praeter
1925 2471 2025 2503 rem

202 2533 294 2582 sibi
319 2542 624 2598 persuaserat
647 2533 823 2595 Aldus,
846 2534 895 2582 in
923 2535 1016 2583 hac
1040 2536 1253 2585 editione
1289 2552 1376 2584 suo
1402 2536 1509 2600 jam
1547 2536 1726 2585 inserta
1761 2537 1872 2584 loco
1908 2551 2025 2584 con-

201 2613 488 2678 spiciuntur.
527 2614 673 2663 Conf.
701 2616 928 2681 Freytag.
950 2617 1173 2665 Analect.
1201 2617 1347 2666 Liter.
1373 2635 1490 2682 pag.
1523 2624 1665 2667 1020.

272 2702 415 2746 1502.
452 2695 632 2744 Aldina
658 2710 698 2745 1.
735 2697 913 2746 Valerii
936 2698 1143 2747 Maximi
1175 2698 1420 2746 dictorum
1448 2706 1499 2746 et.
1526 2697 1765 2746 factorum
1792 2713 2027 2746 memora-

202 2774 369 2824 bilium
409 2775 521 2824 libri
553 2793 742 2825 novem.
807 2778 1043 2837 Venetiis,
1080 2778 1127 2825 in
1168 2777 1358 2826 aedibns
1399 2778 1514 2826 Aldi
1554 2777 1783 2837 Romani,
1817 2778 2028 2827 Octobri

200 2871 366 2906 mense
394 2863 540 2908 1502.
567 2857 833 2907 8.-Conf.
858 2865 1094 2923 annotata
1111 2858 1174 2907 ad
1199 2858 1279 2908 ed.
1305 2858 1692 2908 antecedentem.

271 2942 396 2986 1503
435 2935 609 2985 Aldina
634 2949 704 2985 11.
727 2937 970 2996 Venetus,
996 2939 1108 2986 Kal.
1135 2939 1291 3003 April.
1320 2946 1467 2989 1503.
1496 2947 1541 2988 8.

267 3043 333 3057 -·
356 3015 631 3079 Epitomata
655 3032 804 3080 super
837 3035 1008 3067 novem
1039 3020 1190 3070 libros
1211 3020 1385 3069 Valerii
1416 3020 1620 3069 Maximi
1654 3019 1715 3068 de
1751 3018 1896 3069 dictis
1930 3018 2029 3067 fac-

201 3094 362 3159 tisque
384 3095 780 3145 memorabilibus
804 3096 1062 3162 diligenter
1081 3107 1130 3148 et
1151 3107 1379 3149 accurate
1411 3117 1440 3149 a
1476 3103 1638 3165 Mgro.
1673 3101 1891 3149 Johanne
1923 3099 2026 3147 Ho-

199 3177 336 3226 norio
359 3175 619 3226 Cubitensi
644 3175 926 3226 recollecta.
1456 3178 1458 3181 ’

251 3252 256 3256 ’
299 3257 610 3323 Epigramma
636 3258 855 3322 Magistri
877 3258 1073 3308 Andree
1097 3260 1282 3309 Fabani
1306 3260 1654 3310 Laudaviensis
1677 3259 1738 3308 ad
1765 3255 2024 3308 candidum

934 3341 1187 3390 Lectorem
1210 3358 1222 3390 :

402 3417 472 3465 Ut
494 3416 641 3465 datur
666 3417 855 3482 hybleis
879 3420 1052 3485 apibus
1078 3421 1182 3469 laus
1207 3421 1361 3470 multa
1385 3420 1566 3468 laboris

470 3497 597 3545 Cum
621 3498 806 3563 stipant
829 3499 993 3551 densis
1018 3518 1163 3551 aurea
1191 3501 1330 3550 mella
1353 3500 1475 3549 favis
