2288 3990
513 342 774 384 VALERII
818 340 1062 381 MAXIM!
1106 341 1224 380 LIB.
1268 341 1305 379 1.
1346 325 1559 379 CAP.8.
1606 391 1618 401 θ

130 468 288 512 raioris
305 464 447 506 edicto
480 470 607 504 extra
635 460 828 502 ordinem
860 457 1007 510 fiebat,

131 532 200 573 vel
218 542 312 571 cum
340 528 523 568 Senatus
556 525 715 578 populo
738 525 879 564 Deum
900 528 1006 562 tem-

130 595 202 648 pla
219 592 404 646 aperire,
430 602 480 630 ac
510 588 670 642 gratias
698 586 794 626 Diis
813 585 1007 637 Impera·

130 656 234 699 toris
253 654 425 696 nomine
445 654 527 707 agi,
538 652 740 706 jubebat.
772 653 880 692 Erat
893 651 1007 691 enim

124 720 272 771 moris,
293 725 342 763 ut
358 718 578 772 praesides,
592 722 816 770 postquam
829 714 1007 755 amiliti-

131 784 208 825 bns
244 783 450 836 appellati
497 783 787 834 Imperatores
822 779 1009 830 fueraut,

130 849 308 890 lictores
339 848 556 888 laureatos
593 843 866 898 praeferrent,
891 844 1007 886 litte-

129 922 284 963 rasque
320 911 376 951 ad
413 913 614 952 Senatum
647 909 858 950 laureatas
876 907 932 948 de
961 918 1008 947 re

132 980 256 1028 gesta
285 976 526 1026 mitterent,
555 974 708 1028 quibus
726 971 1009 1025 Imperatoris

131 1051 303 1093 nomen,
333 1052 386 1081 ac
422 1039 757 1092 supplicationes
789 1051 815 1079 a
843 1038 1010 1079 Senatu

114 1105 414 1160 postula-rent.
440 1104 644 1155 Sigonius.

187 1170 254 1222 §7
284 1169 460 1210 Penates
492 1168 612 1221 Deos]
638 1167 691 1209 In
717 1165 947 1221 Campensi
965 1169 1011 1205 et

134 1231 232 1273 aliis
246 1232 356 1274 Mss.
385 1233 610 1273 penetrales
627 1237 851 1284 vocantur,
866 1243 1011 1284 quem-

132 1293 362 1335 admodum
397 1307 424 1335 a
444 1295 612 1336 Catullo
643 1306 826 1348 quoque.
882 1293 1010 1334 Unde

132 1356 247 1398 idem
266 1358 419 1399 Festus
449 1358 699 1399 Penetralia
714 1359 909 1399 Deorum
929 1359 1012 1399 Pe-

134 1421 297 1461 natium
316 1420 503 1462 sacraria
521 1433 617 1461 esse
637 1420 782 1463 docet.
809 1420 933 1473 Pigh.

206 1485 379 1526 Penates
422 1485 548 1539 Deos]
609 1486 755 1526 Romae
803 1486 1011 1538 templum

135 1552 396 1588 monstratur
422 1559 506 1588 non
537 1548 685 1599 procul
704 1561 728 1589 a
746 1546 840 1589 foro
859 1549 1010 1589 situm:

133 1609 197 1650 ibi
213 1610 365 1663 positae
395 1615 499 1650 sunt
521 1611 803 1663 Trojanorum
821 1612 1012 1653 Deorum

131 1673 356 1725 imagines,
391 1686 487 1715 cum
524 1675 824 1729 inscriptione,
856 1676 1010 1717 DENA·

133 1745 228 1787 τεῦ,
245 1748 341 1789 quae
373 1737 548 1779 Penates
578 1737 805 1791 significat.
868 1739 1011 1781 Prisci

132 1799 248 1841 enim
292 1801 499 1853 homines,
562 1815 689 1856 quum
735 1802 774 1843 P
819 1803 1010 1844 nondum

131 1863 501 1917 essetinventum,
525 1866 648 1919 hujus
668 1865 805 1908 literae
826 1866 908 1908 vim
932 1879 1012 1920 per

132 1927 179 1968 D
210 1927 313 1969 mihi
345 1929 545 1970 videntur
560 1930 841 1984 expressisse.
900 1932 1011 1973 Sunt

133 1996 279 2033 autem
297 1991 383 2034 duo
394 1992 577 2045 juvenes
591 1993 794 2035 sedentes
808 2006 904 2036 cum
918 1995 1009 2036 has-

133 2054 204 2101 tis,
223 2067 328 2109 quos
348 2068 538 2097 seorsum
567 2057 678 2099 alter
697 2058 752 2099 ab
785 2059 925 2100 altero
946 2067 1010 2102 te-

131 2124 226 2171 net,
241 2118 415 2162 artificii
434 2122 598 2175 antiqui
627 2135 747 2176 opus,
784 2122 922 2166 Aiunt
938 2125 1009 2166 AE-

129 2184 360 2238 neam,qui
382 2197 526 2240 arcem
556 2186 779 2239 Trojanam
814 2188 856 2228 in
887 2202 1009 2230 suam

127 2252 390 2300 potestatem
425 2249 670 2302 redegerat,
699 2263 752 2291 ex
773 2252 914 2305 adytis
942 2266 1009 2294 sa-

129 2322 209 2352 cm
222 2323 474 2364 magnorum
503 2314 712 2367 Deorum,
744 2315 787 2355 id
807 2325 892 2368 est,
923 2318 1009 2358 Pe-

130 2376 310 2427 natium,
345 2384 390 2418 et
427 2378 684 2432 Palladium,
721 2381 834 2433 quod
869 2381 1009 2423 adhuc

131 2447 373 2492 supererat,
411 2442 653 2494 abstulisse,
699 2456 928 2500 secumque
965 2446 1008 2487 iu

130 2502 305 2545 Italiam
324 2511 532 2557 portasse.
545 2506 716 2560 Dionys.
737 2508 1007 2551 Halicarnass.

185 2566 322 2619 Ma]
375 2569 507 2620 Troja
538 2570 714 2611 condita
747 2585 858 2612 anno
893 2573 1008 2614 orbis

131 2638 380 2672 nnnxxtv.
397 2632 522 2673 stetit
548 2635 802 2676 ccxcrxsid
822 2635 921 2676 mihi
941 2649 1006 2678 sa-

130 2692 186 2732 tis
205 2692 326 2736 bonae
343 2693 446 2735 fidei
470 2703 671 2738 auctores
691 2699 904 2750 probant:
934 2713 1006 2742 ne-

126 2756 313 2796 cessario
331 2765 457 2810 capta
476 2771 586 2800 auno
607 2772 944 2806 mmncccxxm.
961 2769 1007 2806 et

129 2818 265 2861 bene:
317 2829 418 2862 sunt
462 2823 575 2864 enim
620 2826 684 2866 sic
723 2826 778 2868 ad
823 2829 1006 2880 primam

125 2880 434 2936 Olympiadem
455 2887 553 2927 anni
586 2898 778 2932 ccccvu.
802 2892 916 2945 quod
942 2893 1006 2933 in-

128 2948 355 2989 tei-vanum
376 2950 633 3005 Chronologi
653 2966 736 2995 uno
752 2967 827 2996 ore
843 2962 1005 2998 testan-

128 3017 217 3064 tur,
235 3019 282 3054 et
298 3025 445 3055 eorum
465 3028 650 3059 summus
667 3019 884 3073 Josephus
901 3022 1005 3063 Sca-

125 3074 237 3128 liger
252 3076 306 3117 ad
324 3077 493 3120 Eusebii
508 3093 666 3122 anuum
681 3094 872 3126 mccxm.
893 3086 1005 3140 Cap-

128 3144 175 3181 ta
192 3140 340 3194 Troja,
355 3143 525 3197 Trojani
537 3145 674 3187 AEnea
688 3147 798 3189 duce
814 3150 858 3190 in
872 3152 1005 3192 Thra-

125 3203 239 3246 ciam
258 3218 432 3260 venere,
450 3209 524 3250 ubi
555 3215 651 3252 tota
679 3212 832 3254 bruma
849 3215 1007 3258 hiema-

126 3274 255 3311 mut:
281 3270 455 3313 ineunte
472 3286 575 3315 vere
593 3275 636 3315 in
662 3275 852 3318 Siciliam
873 3284 1006 3320 trans-

125 3332 232 3383 lnti;
261 3336 414 3376 morati
446 3343 546 3379 sunt
576 3339 636 3378 ibi
658 3339 711 3380 ad
746 3340 873 3382 finem
905 3345 1004 3385 anni

127 3395 320 3450 incoepti.
374 3398 500 3441 Anno
532 3402 722 3444 secundo
753 3404 798 3445 in
833 3392 1006 3448 Italiam

132 3458 248 3502 iere:
273 3461 318 3501 in
332 3474 432 3515 qua,
449 3463 536 3505 icto
552 3463 718 3507 foedere.
737 3479 834 3509 cum
850 3469 1005 3511 Latino

133 3519 272 3574 Rege.
295 3533 562 3581 acceptaque
598 3530 688 3580 agri
721 3538 862 3584 parte,
881 3534 1004 3574 Lavi-

131 3582 248 3626 nium
277 3587 572 3633 condiderunt.
631 3594 852 3638 Adventus
872 3597 1004 3651 igitur

1838 324 1947 379 987

1069 456 1216 498 AEneae
1265 457 1350 499 fuit
1396 469 1508 498 anno
1543 455 1599 497 ab
1627 455 1731 497 orbe
1768 458 1947 500 condito

1069 532 1383 562 MMucccxxv.
1415 521 1602 574 Neapolis
1619 522 1670 561 ad
1690 521 1804 562 Fast.
1826 523 1948 563 Ovid.

1122 585 1302 637 Lauinii]
1345 585 1460 627 Vide
1505 597 1636 638 supra
1681 583 1735 624 ad
1783 596 1880 638 cap.
1910 590 1952 628 6.

1069 650 1324 702 Exemp1.⁷.

1121 713 1313 766 Ascanio]
1340 713 1569 755 Vetustum
1600 713 1682 754 hoc
1710 725 1867 755 nomen
1896 714 1950 765 ab

1070 776 1284 828 Ascenaz,
1302 778 1356 818 de
1377 791 1462 831 quo
1481 779 1523 819 in
1543 779 1588 819 S.
1609 778 1854 831 Scriptura,
1870 779 1952 818 ori·

1069 842 1211 894 ginem
1234 843 1422 894 accepit.
1481 843 1597 886 Quin
1630 850 1677 884 et
1709 844 1750 884 in
1782 843 1952 884 Troade

1069 912 1115 947 et
1131 906 1322 959 Phrygia
1341 905 1533 947 Ascania
1547 907 1678 960 regio,
1696 913 1742 949 et
1764 907 1892 961 Urbs,
1909 914 1957 949 et

1071 970 1271 1012 Ascaniae
1290 971 1458 1012 iusulae.
1504 972 1620 1014 Quin
1641 978 1688 1013 et
1720 972 1814 1025 ipse
1840 972 1957 1013 Pon-

1071 1041 1159 1086 tus,
1178 1047 1262 1089 quo
1282 1047 1327 1076 se
1347 1033 1522 1076 diffudit
1552 1048 1632 1089 per
1663 1029 1854 1078 colonias
1873 1036 1954 1076 As-

1071 1112 1216 1151 cenas,
1234 1105 1438 1152 corrupte
1457 1100 1557 1141 hinc
1581 1099 1740 1151 Ἀξενος
1786 1100 1956 1142 Graecis

1070 1163 1228 1205 dictus.
1283 1165 1418 1218 Cujus
1449 1163 1601 1205 incolis
1632 1163 1852 1204 ascribunt
1878 1164 1956 1204 im-

1069 1239 1236 1268 manem
1254 1226 1487 1270 feritatem.
1546 1229 1583 1268 A
1604 1242 1687 1282 quo
1703 1228 1883 1269 crimine
1903 1240 1959 1268 ex

1072 1292 1343 1346 antiquorum
1363 1293 1650 1333 monumentis
1673 1305 1746 1333 eos
1766 1291 1957 1333 absolvit

1073 1357 1314 1398 Bocbartus
1345 1357 1390 1397 in
1420 1369 1498 1397 suo
1537 1356 1719 1409 Phaleg.
1746 1355 1820 1397 lib.
1849 1365 1954 1396 vm.

1073 1433 1171 1473 cap.
1186 1423 1226 1461 9.

1125 1483 1287 1536 Albam]
1316 1483 1496 1526 Lavinio
1514 1488 1654 1525 ortam
1674 1496 1769 1525 esse
1784 1483 1959 1535 Albam,

1074 1550 1327 1602 cognomine
1347 1549 1533 1601 longam,
1559 1561 1708 1590 omnes
1740 1547 1958 1590 affirmant

1073 1619 1292 1663 auctores,
1323 1619 1537 1666 quotquot
1574 1614 1700 1667 hujus
1746 1613 1958 1667 originem

1074 1677 1375 1730 prodiderunt.
1445 1677 1655 1719 Conditor
1692 1678 1784 1731 ejus
1818 1676 1959 1718 fertur

1072 1741 1286 1782 Ascanius
1325 1741 1470 1782 AEneae
1508 1742 1620 1783 filius
1667 1747 1956 1794 cognomento

1072 1807 1209 1857 Iulus,
1237 1819 1364 1859 quem
1394 1807 1467 1848 alii
1500 1808 1666 1848 Creusa
1694 1806 1739 1846 in
1771 1804 1957 1853 Troade,

1073 1871 1145 1912 alii
1166 1871 1344 1911 Lavinia
1362 1871 1502 1911 Latini
1522 1870 1625 1922 filia,
1642 1869 1809 1911 Lavinii
1838 1870 1959 1922 geni·

1071 1941 1162 1977 tum
1185 1934 1376 1976 tradunt.
1423 1934 1473 1975 Id
1486 1933 1694 1987 oppidum
1713 1945 1823 1985 esse,
1844 1932 1958 1986 quod

1070 1999 1298 2040 duodecim
1336 1999 1470 2039 millia
1509 2011 1712 2052 passuum
1754 2011 1782 2040 a
1821 1997 1960 2046 Roma

1069 2066 1114 2106 in
1135 2064 1232 2117 ipsa
1251 2064 1319 2104 via
1334 2062 1480 2116 Appia
1502 2064 1630 2115 vulgo
1649 2062 1809 2103 dicitur
1833 2059 1965 2102 Amo.

1069 2143 1135 2182 no,
1165 2141 1249 2170 non
1285 2129 1421 2169 nostri
1459 2129 1587 2169 modo
1629 2129 1712 2169 aevi
1743 2127 1951 2177 homines,

1070 2193 1149 2234 sed
1184 2193 1277 2246 jam
1324 2192 1424 2233 inde
1463 2195 1559 2234 1100.
1609 2192 1788 2233 circiter
1833 2192 1957 2232 annis

1071 2261 1172 2309 post
1208 2262 1355 2296 natum
1392 2256 1541 2299 Jesum
1575 2256 1827 2310 Eutropius,
1863 2261 1957 2296 tum

1069 2321 1245 2362 Servius
1272 2327 1318 2362 et
1348 2322 1422 2362 alii
1454 2321 1770 2362 existimarunt.
1839 2320 1957 2362 Hinc

1073 2387 1308 2440 Eutropius
1344 2386 1421 2427 lib.
1437 2399 1470 2427 1.
1503 2387 1558 2427 de
1590 2387 1717 2427 Tullo
1751 2385 1956 2433 Hostilio,

1073 2451 1205 2491 tertio
1250 2451 1538 2492 Romanorum
1570 2451 1704 2503 Rege,
1750 2451 1954 2504 loquens:

1071 2514 1292 2556 ‘Albanos
1330 2516 1451 2566 vicit,
1489 2516 1561 2568 qui
1591 2517 1646 2556 ab
1678 2516 1786 2556 urbe
1817 2516 1956 2556 Roma

1070 2580 1298 2620 duodecim
1319 2580 1521 2620 milliaria
1537 2580 1665 2622 sunt!
1700 2581 1848 2621 Hodie
1869 2581 1954 2633 ipsi

1069 2643 1227 2685 Albani
1249 2643 1398 2697 oppidi
1418 2645 1572 2685 incolae
1593 2645 1702 2686 adeo
1716 2652 1838 2686 certo
1859 2657 1956 2698 per-

1070 2720 1236 2750 suasum
1256 2709 1434 2760 liabent,
1465 2710 1670 2762 oppidum
1705 2722 1828 2750 suum
1862 2721 1958 2750 esse

1070 2772 1344 2813 veterrimam
1364 2773 1520 2814 Albam
1549 2774 1665 2814 illam
1684 2775 1873 2826 longam,
1891 2775 1956 2815 uti

1068 2838 1198 2879 etiam
1211 2844 1538 2892 superponam,
1558 2852 1652 2892 quae
1670 2839 1848 2879 Romam
1865 2851 1957 2879 ver-

1069 2915 1141 2943 sus
1171 2902 1351 2955 emittit,
1370 2903 1559 2956 lapidem
1587 2904 1748 2956 imponi
1780 2914 1958 2945 curave-

1067 2967 1173 3019 rint,
1189 2967 1258 3008 cni
1273 2979 1342 3008 sus
1362 2967 1437 3008 illa
1448 2979 1544 3009 cum
1560 2969 1741 3020 triginta
1754 2966 1955 3020 porcellis

1067 3030 1219 3073 incisa.
1273 3030 1435 3072 Verum
1452 3037 1498 3073 et
1516 3032 1650 3085 prisci
1669 3031 1730 3071 illi
1750 3031 1954 3072 mortales

1067 3100 1114 3135 et
1140 3095 1275 3136 nostri
1304 3095 1430 3149 hujus
1461 3097 1596 3136 seculi
1617 3095 1810 3136 homines
1842 3106 1952 3147 prae-

1068 3159 1242 3212 cipuum
1276 3171 1364 3200 suae
1401 3160 1616 3212 opinionis
1654 3163 1952 3212 argumentum

1067 3233 1123 3263 ex
1140 3223 1206 3264 his
1239 3223 1348 3264 Livii
1371 3224 1605 3276 sumpsisse
1625 3223 1827 3263 videntur
1858 3233 1953 3262 ver-

1069 3289 1162 3340 bis;
1190 3289 1203 3313 ⁴
1220 3289 1368 3330 urbem
1388 3289 1466 3329 sub
1486 3289 1654 3329 Albano
1678 3291 1824 3327 monte
1846 3297 1951 3326 con-

1069 3353 1210 3395 didit.’
1266 3353 1327 3395 At
1358 3366 1467 3395 unus
1503 3355 1582 3394 boc
1622 3351 1756 3393 tradit
1793 3350 1952 3391 Livius.

1069 3418 1240 3471 Reliqui
1259 3430 1406 3458 omnes
1426 3418 1471 3457 in
1490 3421 1636 3456 monte
1650 3414 1870 3455 conditam
1889 3412 1952 3454 af-

1068 3481 1257 3522 firmant.
1311 3483 1383 3522 De
1412 3481 1491 3520 hac
1508 3478 1615 3520 urbe
1636 3478 1824 3531 loquitur
1842 3476 1949 3519 Dio-

1069 3547 1214 3599 nysius
1234 3546 1609 3586 Halicarnassaeus
1630 3542 1701 3583 lib.
1719 3555 1750 3582 1.
1769 3543 1834 3582 his
1855 3553 1948 3581 ver-

1071 3611 1135 3652 bis
1154 3624 1163 3651 :
1195 3615 1205 3634 ‘
1223 3610 1456 3662 Trigesimo
1475 3618 1584 3650 anno
1614 3611 1712 3661 post
1733 3605 1947 3648 conditum
