2320 4004
354 295 499 348 1164

337 427 412 478 jus
446 424 594 476 opibus
626 429 671 463 et
703 421 960 462 auctoritate
977 421 1120 462 fuerat
1138 422 1231 474 ejus

347 494 471 539 pater
494 499 570 539 per
590 486 820 527 Gabinium
835 485 1057 525 restitutus
1073 485 1116 525 in
1135 498 1230 537 reg-

345 563 461 597 num.
498 550 623 592 Quod
644 562 698 588 ex
719 548 899 588 Caesaris
916 549 1229 588 commentariis

347 615 403 653 ‹le
425 613 716 653 Alexandrino
731 612 843 652 bello
863 613 1006 665 colligi
1027 625 1151 664 posse
1171 614 1231 652 di-

342 683 464 727 cunt,
480 677 550 715 ubi
565 677 655 715 haec
670 676 880 728 inscripta
891 682 990 716 sunt
1003 677 1075 728 [B.
1093 677 1142 718 C.
1155 688 1231 718 ιιι.

347 739 488 790 108.3;
521 740 533 761 ‘
551 739 601 778 In
629 745 890 780 testamento
909 739 1135 780 Ptolemaei
1155 752 1231 791 pa-

344 803 420 841 tris
434 801 627 841 haeredes
638 808 762 843 erant
774 802 927 854 scripti
937 814 991 843 ex
1004 802 1168 843 duobus
1182 804 1230 844 fi.

343 865 426 913 liis,
435 865 517 916 maj
525 878 586 916 or,
597 871 702 924 etex
715 866 879 906 duabus
891 879 944 907 ea
954 879 1048 919 quae
1058 874 1229 908 antece-

340 928 484 969 debat.
504 929 1087 982 Haecutifierentperomnes
1097 931 1229 983 Deos,

343 1004 508 1044 perque
545 991 722 1046 foedera,
754 1006 848 1047 quae
868 995 1015 1035 Romae
1034 993 1229 1046 fecisset,

344 1055 495 1094 eodem
530 1061 794 1096 testamento
812 1057 1074 1098 Ptolemaeus
1096 1070 1227 1109 popu·

345 1119 434 1158 lum
455 1119 691 1159 Romanum
723 1119 1041 1160 obtestabatur.
1070 1121 1226 1160 tabulae

342 1182 591 1222 testamenti
620 1194 707 1222 una
739 1194 817 1233 per
848 1183 1010 1235 legatos
1030 1184 1122 1234 ejus
1141 1184 1227 1223 Ro·

342 1255 455 1283 mam
475 1250 599 1284 erant
618 1245 774 1293 allatae,
793 1250 841 1285 ut
859 1245 902 1284 in
925 1246 1076 1285 aerario
1096 1258 1226 1297 pone·

344 1314 503 1348 rentur.
550 1308 657 1349 Quae
673 1319 766 1348 cum
784 1315 965 1360 propter
982 1309 1224 1359 occupatio-

342 1384 419 1410 nes
457 1372 651 1423 publicas
690 1373 790 1424 poni
837 1385 920 1413 non
966 1373 1225 1425 potuissent,

339 1435 455 1486 apud
490 1436 744 1487 Pompeium
775 1442 874 1476 sunt
899 1437 1135 1489 depositae;
1165 1437 1225 1476 al-

341 1503 450 1537 terae
487 1499 636 1538 eodem
672 1500 870 1551 exemplo
904 1501 1066 1540 relictae
1092 1506 1223 1553 atque

339 1561 580 1612 obsignatae
622 1561 894 1603 Alexandriae
947 1562 1223 1615 profereban-

341 1623 442 1663 tur.'
496 1626 560 1664 Ex
582 1625 737 1677 quibus
766 1626 908 1666 verbis
927 1627 1078 1679 conjici
1098 1638 1223 1678 posse

339 1687 492 1728 dicunt
509 1701 534 1728 a
554 1690 716 1729 minore
745 1689 894 1743 fratre,
912 1703 989 1743 per
1005 1691 1223 1742 conspira-

338 1752 499 1792 tionem
528 1765 660 1805 regno
689 1755 874 1805 pulsum,
899 1754 1012 1807 quod
1032 1766 1114 1806 ego
1142 1766 1224 1794 nec

340 1814 570 1867 affirmare,
585 1828 664 1856 nec
679 1818 849 1857 omnino
863 1816 1061 1858 refellere
1073 1818 1224 1868 ausim,

341 1879 504 1931 quippe
528 1880 614 1937 'qui
651 1881 774 1933 hujus
818 1880 1010 1921 historiae
1058 1886 1224 1921 certum

338 1941 477 1982 adhuc
512 1950 706 1984 autorem
741 1955 826 1984 nou
859 1944 1120 1987 invenerim:
1153 1956 1224 1984 ve-

339 2017 431 2045 rum
465 2005 567 2045 illud
597 2018 664 2046 me
694 2013 850 2057 movet,
870 2007 1080 2059 quomodo
1099 2007 1224 2047 resti-

339 2073 458 2109 tutus
477 2069 627 2120 fuerit,
645 2075 694 2111 et
720 2083 797 2111 cur
821 2072 1017 2124 Pompeii
1038 2071 1225 2124 patroci-

336 2131 408 2172 nio
430 2145 513 2172 non
543 2132 674 2173 fuerit
708 2147 824 2185 usus,
853 2147 949 2175 cum
971 2134 1083 2186 apud
1104 2135 1222 2174 illum

335 2197 585 2236 testamenti
623 2197 782 2238 tabulae
815 2203 956 2238 essent
984 2198 1222 2250 depositae;

339 2263 415 2297 aut
434 2258 467 2297 si
489 2271 603 2310 usus,
622 2272 699 2300 cur
718 2273 743 2300 a
761 2262 949 2312 Valerio,
966 2261 1222 2314 caeterisque

336 2322 595 2374 auctoribus,
628 2323 952 2374 ingratitudinis
984 2335 1068 2363 non
1105 2324 1222 2363 dam·

334 2391 478 2431 natus,
510 2398 608 2426 cum
647 2395 874 2438 patronum
905 2399 1025 2426 suum
1039 2386 1223 2438 jusserit

336 2446 478 2486 occidi
495 2447 510 2488 ?
553 2449 688 2488 Extat
706 2454 917 2500 praeterea
937 2449 1050 2501 apud
1066 2451 1220 2502 ipsum,

334 2521 464 2560 quem
496 2518 714 2551 auctorem
749 2510 958 2564 referunt,
990 2513 1223 2565 Caesarem,

334 2571 484 2612 iisdem
504 2575 838 2626 commentariis,
867 2575 920 2615 ad
952 2576 1062 2616 hunc
1081 2576 1220 2628 ipsum

338 2634 624 2677 Ptolemaeum
640 2638 837 2691 Pompeii
854 2639 1026 2690 legatio,
1037 2640 1108 2692 qui
1124 2645 1221 2691 post

336 2697 632 2739 Pharsalicam
645 2699 989 2752 profligationem
1006 2701 1049 2740 in
1062 2701 1222 2753 AEgyp·

334 2765 423 2801 tum
444 2762 679 2815 profectus,
698 2764 751 2804 ab
767 2765 848 2804 hoc
868 2776 1001 2816 puero
1016 2765 1221 2805 adversus

337 2824 554 2866 Caesarem
579 2839 704 2878 opem
734 2828 988 2880 suppliciter
1009 2829 1222 2880 implorat,

336 2894 381 2927 et
401 2901 497 2929 eum
518 2902 595 2941 per
613 2897 790 2943 erogata
809 2898 974 2932 tantum
1005 2893 1119 2944 patri
1149 2892 1221 2933 be-

336 2950 490 2992 neficia
517 2959 655 3005 rogat,
676 2959 723 2994 ut
751 2954 1016 2995 Alexandria
1040 2957 1219 3009 recipia-

337 3022 424 3065 tur,
446 3017 517 3055 ubi
537 3028 589 3055 ne
605 3017 781 3058 verbum
801 3018 973 3070 quidem
1009 3017 1133 3071 facit,
1165 3031 1219 3060 ex

337 3090 422 3130 quo
441 3079 626 3131 intelligi
654 3088 728 3121 aut
759 3081 916 3133 conjici
946 3083 1096 3134 possit,
1121 3094 1218 3123 eum

338 3143 486 3182 Romae
517 3144 746 3196 aliquando
769 3144 914 3186 fuisse.
970 3146 1095 3187 Quod
1116 3147 1219 3186 satis

337 3206 539 3247 admirari
564 3219 648 3248 non
679 3220 868 3261 possum,
887 3221 982 3250 cum
1003 3222 1071 3250 res
1099 3215 1220 3251 tanta

335 3268 462 3320 foret,
481 3283 577 3323 quae
598 3283 624 3311 a
642 3272 804 3312 Senatu
822 3283 1083 3324 magnopere
1099 3286 1219 3314 cura-

336 3339 471 3384 retur,
506 3340 550 3375 et
598 3336 652 3375 ad
699 3335 954 3388 Pompeium
1001 3338 1222 3388 pertinere

337 3397 519 3437 maxime
557 3398 789 3450 videretur,
832 3405 1015 3452 propter
1054 3400 1221 3440 tabulas

337 3461 584 3501 testamenti
621 3462 853 3514 depositas.
909 3462 1078 3505 Omitto
1106 3463 1220 3516 quod

338 3523 484 3565 Caesar
502 3530 603 3568 tunc
625 3538 719 3567 eum
740 3538 919 3580 puerum
939 3532 1067 3568 aetate
1086 3526 1222 3570 fuisse

943 306 1120 345 NOTAE
1165 307 1495 347 VARIORUM
1541 309 1605 346 IN

1295 422 1499 474 ostendit,
1529 435 1625 462 cum
1645 423 1874 475 Pompeius
1893 422 1948 463 ad
1966 434 2063 463 enm
2081 436 2179 476 pro·

1294 484 1424 537 fugit.
1480 487 1677 526 Valerius
1699 499 1800 527 vero
1806 487 2012 539 juvenem
2028 490 2176 541 appel-

1295 549 1368 589 lat.
1423 550 1568 590 Quare
1588 562 1685 589 cum
1704 551 1796 590 haec
1827 551 1968 591 omnia
1993 551 2177 592 obscura

1295 617 1339 650 et
1356 610 1521 651 incerta
1541 611 1642 651 mihi
1662 624 1753 652 esse
1767 613 1984 666 videntur,
1996 612 2090 655 aliis
2102 626 2178 655 ex-

1293 673 1494 714 cutienda
1513 675 1760 727 relinquam.
1791 676 1942 717 Oliver.

1349 738 1609 789 Quoestorem]
1647 739 1802 778 Eorum
1820 740 1913 779 haec
1940 737 2033 779 fere
2053 737 2176 780 fuere

1292 812 1484 850 munera,
1520 813 1544 840 e
1577 800 1731 853 quibus
1759 802 2022 854 praecipuum
2047 814 2174 854 pecu-

1293 865 1372 904 niae
1409 865 1591 917 publicae
1629 865 1827 917 acceptio
1862 873 1907 906 et
1937 867 2173 918 expensio:

1295 929 1437 968 Livius
1457 928 1532 968 lib.
1564 940 1625 969 ιν,
1655 934 1700 968 et
1721 940 1803 969 vu.
1834 929 1938 968 item
1957 929 2175 980 signorum

1292 992 1533 1031 militarium
1567 992 1642 1043 (ex
1676 996 1856 1043 argento
1877 996 1922 1031 et
1950 1003 2071 1042 auro,
2088 1002 2175 1032 non

1292 1055 1400 1095 enim
1419 1056 1522 1094 velis
1536 1053 1784 1108 utebantur)
1801 1056 1842 1094 in
1859 1054 2011 1095 aerario
2031 1054 2174 1096 obser-

1290 1119 1422 1169 vatio,
1440 1118 1595 1169 praedae
1612 1118 1817 1168 venditio,
1829 1123 1875 1158 et
1887 1117 2173 1158 subhastatio.

1290 1181 1524 1234 Dionysius
1542 1182 1615 1223 lib.
1634 1194 1702 1223 1v.
1722 1187 1768 1223 et
1785 1182 1837 1222 P.
1860 1181 1999 1222 Faber
2026 1181 2098 1224 lib.
2121 1193 2173 1224 ιι.

1288 1246 1492 1285 Semestr.
1529 1247 1786 1298 Legatorum
1831 1246 2049 1298 exceptio,
2101 1245 2173 1285 de·

1289 1307 1451 1358 ductio,
1486 1309 1660 1360 hospitii
1705 1308 1948 1360 assignatio.
2004 1307 2174 1348 Plutar-

1288 1371 1392 1409 chus
1430 1372 1596 1413 Quaest.
1626 1382 1764 1412 xmn.
1789 1377 1835 1412 et
1862 1370 1976 1423 apud
2005 1371 2172 1412 Livium

1288 1436 1418 1476 variis
1437 1437 1557 1486 lociS‚
1575 1441 1620 1477 et
1638 1437 1752 1488 apud
1766 1436 1986 1477 Valerium
1998 1436 2067 1476 hic
2075 1447 2172 1476 nos-

1288 1505 1416 1542 trum.
1473 1502 1588 1541 SCta
1620 1513 1674 1541 ex
1705 1500 1884 1541 decreto
1915 1498 2175 1552 Augustius

1287 1564 1550 1604 asservanda
1598 1576 1764 1617 quoque
1807 1575 2012 1605 concessa
2057 1569 2173 1604 sunt.

1286 1627 1373 1667 Dio
1392 1628 1435 1667 in
1451 1627 1537 1667 fine
1555 1626 1630 1666 lib.
1648 1638 1741 1667 mv.

1340 1690 1549 1743 Sardibus]
1581 1690 1787 1744 Squalore
1819 1695 1865 1731 et
1891 1690 1975 1731 situ
2004 1689 2173 1743 deposi-

1287 1753 1359 1795 tis.

1341 1818 1409 1869 §2
1441 1817 1595 1857 Olbiam
1627 1816 1828 1869 oppidum]
1871 1817 2051 1858 Invenio
2085 1817 2172 1864 tria

1286 1880 1410 1931 hujus
1446 1880 1626 1920 nominis
1654 1880 1840 1932 oppida:
1868 1881 2027 1931 Unum,
2058 1886 2170 1921 teste

1283 1943 1509 1994 Strabone,
1539 1943 1581 1982 in
1602 1942 1860 1983 Massiliensi
1879 1952 1994 1995 agro.
2050 1943 2170 1984 Alte-

1287 2018 1397 2056 rum,
1432 2007 1583 2046 eodem
1615 2011 1744 2056 teste,
1773 2006 1814 2045 in
1843 2005 2034 2058 Scythia,
2053 2005 2168 2058 quod

1286 2069 1413 2109 etiam
1435 2069 1567 2109 Berta
1597 2069 1749 2109 civitas
1767 2067 2009 2110 dicebatur.
2063 2069 2170 2109 Ter-

1286 2134 1406 2185 tium,
1427 2141 1542 2175 teste
1562 2135 1721 2185 Solino,
1741 2134 1783 2173 in
1803 2133 2014 2175 Sardinia.
2041 2132 2169 2174 Dicit

1285 2199 1428 2240 enim:
1458 2202 1470 2222 ‘
1489 2199 1576 2239 Hic
1604 2199 1802 2251 Ipbycles
1834 2196 1999 2238 Iolaum
2031 2202 2169 2248 creat,

1257 2255 1259 2257 ’
1285 2262 1355 2314 qui
1373 2261 1612 2302 Sardiniam
1631 2261 1865 2311 ingressus,
1893 2259 2087 2310 palantes
2105 2258 2169 2298 in-

1284 2325 1472 2365 colarum
1491 2324 1652 2364 animos
1667 2323 1722 2363 ad
1736 2321 2009 2363 concordiam
2022 2320 2169 2362 eblan-

1283 2388 1415 2439 ditus,
1470 2387 1645 2428 Olbiam
1695 2393 1824 2440 atque
1870 2385 1954 2426 alia
2009 2383 2169 2427 Graeca

1281 2451 1442 2504 oppida
1478 2450 1709 2491 exstruxit.
1778 2448 1987 2490 Sardiniae
2022 2455 2169 2491 autem

1282 2515 1353 2554 hic
1373 2513 1579 2566 oppidum
1601 2512 1879 2564 intelligitur?
1909 2513 2060 2554 oliver-

1337 2579 1360 2630 ξ
1378 2581 1402 2618 3
1435 2577 1543 2623 Quid
1559 2578 1608 2616 de
1629 2576 1814 2622 Quinctio
1833 2575 2039 2628 crispino]
2069 2575 2169 2617 Hoc

1283 2640 1468 2691 contigit
1498 2639 1690 2679 secundo
1721 2638 1891 2679 Punico
1918 2639 2050 2691 bello,
2069 2650 2168 2680 cum

1285 2704 1433 2755 Capua
1449 2702 1724 2742 obsideretur
1742 2713 1767 2740 a
1787 2702 2008 2743 Romanis.
2034 2702 2090 2743 T.
2107 2702 2166 2744 Q.

1284 2767 1480 2817 Crispino
1517 2764 1678 2805 Badius
1717 2765 1958 2817 Campanus
2007 2764 2166 2817 hospes

1282 2835 1377 2872 erat
1397 2828 1674 2882 perfamiliari
1688 2823 1872 2880 hospitio
1884 2827 2139 2879 conjunctu·
2153 2839 2169 2877 ς

1282 2897 1482 2933 creverat
1495 2891 1624 2932 etiam
1636 2889 1917 2939 consuetudo,
1927 2889 2039 2943 quod
2050 2902 2169 2944 aeger

1282 2957 1428 2997 Romae
1458 2955 1572 3007 apud
1603 2954 1848 3007 Crispinum
1877 2953 2169 2995 Badius-ante

1281 3019 1564 3059 defectionem
1584 3019 1899 3069 Campanorum
1930 3017 2169 3059 liberaliter

1281 3083 1546 3134 comiterque
1566 3085 1740 3122 curatus
1760 3079 1931 3130 fuerat3
1960 3086 2050 3121 tum
2080 3082 2166 3122 13⁸-

1281 3146 1376 3188 dius
1406 3156 1654 3197 progressus
1684 3149 1784 3184 ante
1811 3144 2038 3196 stationes,
2065 3156 2164 3197 quae

1282 3221 1359 3261 pro
1380 3213 1504 3260 porta
1521 3207 1709 3257 stabant,
1728 3205 1903 3246 evocari
1921 3206 2164 3258 Crispinum

1275 3272 1436 3323 jussitg
1471 3270 1583 3323 quod
1599 3269 1672 3310 ubi
1691 3276 1758 3309 est
1774 3267 1974 3320 Crispino
1991 3270 2164 3310 nuntia·

1283 3341 1391 3384 tum,
1411 3339 1528 3373 ratus
1554 3333 1807 3385 colloquium
1827 3331 2009 3372 amicum
2028 3342 2079 3372 ac
2098 3331 2164 3373 fa-

1282 3399 1447 3438 miliare
1491 3396 1642 3448 quaeri,
1690 3400 1894 3435 manente
1942 3396 2164 3447 memoria,

1281 3461 1410 3501 etiam
1441 3459 1483 3499 iu
1516 3457 1695 3498 dissidio
1731 3457 1998 3509 publicorum
2026 3455 2160 3498 foede-

1282 3535 1390 3574 rum,
1411 3521 1566 3576 privati
1592 3521 1719 3572 juris,
1746 3521 1919 3572 paulum
1949 3523 2163 3563 acaeteris
