2320 4004
641 334 899 374 VALERlI
943 333 1187 373 MAXIM!
1230 334 1354 374 LIB.
1385 335 1440 373 V.
1477 335 1612 374 c-AP.
1637 321 1690 374 3.

246 458 418 499 bilibus.
470 455 542 495 Sic
563 455 710 495 Ferrea
742 454 842 494 Fata
867 452 981 505 apud
1013 441 1127 492 Pru-

248 523 438 564 dentinm
487 525 640 560 contra
683 518 926 570 Symmach.
956 517 1031 558 lib.
1069 528 1122 557 n.

244 591 257 613 ⁴
275 590 395 631 Quos
413 586 558 628 ferrea
575 583 667 625 fata
683 589 844 636 cogunt
860 582 913 623 ad
931 580 1126 622 facinus!

249 653 378 693 Celer.

298 715 458 767 Optimo
467 712 630 764 juvene]
651 712 766 753 Hinc
784 711 917 764 igitur
935 710 1121 762 publico,

239 779 340 819 hinc
382 779 554 830 privato
608 774 877 817 incommodo
926 772 1122 825 affectus,

238 841 430 883 Ardeam
476 842 521 882 in
567 840 741 880 exilium
782 837 1000 891 profectus
1038 843 1121 879 est.

240 908 328 949 Hic
362 913 485 949 tauta
510 908 554 948 in
584 907 767 959 patriam
796 904 962 956 pietate
989 902 1120 945 fuisse

238 971 414 1024 dicitur,
429 977 479 1013 ut
497 971 636 1024 captis
655 970 792 1020 Veiis,
806 981 901 1009 cum
920 981 1118 1021 magnam

237 1037 308 1076 vel
345 1036 459 1089 apud
490 1037 607 1076 Deos
647 1047 702 1075 ex
739 1039 864 1074 tanta
902 1033 1117 1075 felicitate

235 1100 440 1140 invidiam
476 1098 744 1140 contraxisse
779 1098 1016 1149 videretur,
1040 1099 1117 1141 Jo-

235 1176 330 1204 vem
361 1164 570 1217 optimum
596 1163 827 1203 maximum
847 1167 1116 1216 caeterosque

234 1228 355 1269 Deos
388 1233 591 1281 precatus
629 1227 702 1278 sit,
722 1232 772 1267 ut
804 1227 838 1267 si
869 1239 952 1279 qua
982 1234 1115 1268 tantae

231 1290 456 1333 felicitatis
493 1293 600 1333 ultio
633 1291 834 1332 Romanis
868 1291 1115 1345 deberetur,

232 1368 330 1397 cam
349 1361 485 1397 totam
504 1356 546 1396 in
568 1369 613 1397 se
641 1368 770 1396 unum
791 1361 1114 1399 converterent.

232 1421 331 1463 Qua
386 1422 698 1474 imprecatione
756 1418 891 1472 facta,
954 1421 1115 1464 dicitur

230 1485 349 1537 gravi
374 1498 490 1526 casu
525 1486 567 1526 in
609 1491 770 1526 terram
807 1498 900 1526 esse
938 1489 1114 1541 prolap-

232 1562 321 1590 sus.
363 1551 492 1592 Quod
513 1551 574 1591 illi
590 1550 672 1591 fuit
690 1551 974 1591 certissimum
997 1551 1113 1593 futu-

235 1625 295 1653 rae
316 1613 604 1655 damnationis
625 1621 669 1655 et
699 1615 818 1655 exilii
850 1616 1109 1669 prodigium.

233 1677 340 1718 Otiv.

283 1743 514 1788 Quindecim
530 1743 655 1784 millia
674 1743 785 1795 aeris]
805 1742 975 1785 Absens
993 1743 1109 1785 dam-

225 1809 353 1846 natus
390 1813 457 1847 est
491 1807 737 1859 quindecim
776 1808 927 1848 assium
960 1810 1110 1862 millia,

224 1870 297 1922 qui
335 1882 534 1911 numerus
578 1871 632 1910 ad
679 1872 848 1924 argenti
895 1873 1107 1914 rationem

224 1932 400 1973 conficit
436 1933 551 1974 mille
583 1940 629 1975 et
663 1936 919 1988 quingentas
954 1938 1106 1979 drach-

223 2008 330 2037 mas.
362 1998 510 2039 Oliver.

276 2061 420 2102 Priore
454 2062 580 2112 adhuc
614 2064 771 2114 querela
801 2062 1003 2116 vibrante]
1033 2066 1103 2106 De

220 2124 536 2177 ingratitudine
571 2126 760 2180 loquitur
780 2127 930 2180 populi
950 2129 1104 2169 Roma·

219 2187 265 2227 ni
298 2201 403 2241 erga
426 2189 671 2242 Scipionem
701 2188 956 2231 Africanum
978 2204 1102 2244 supe-

219 2252 402 2303 riorem3
423 2266 549 2306 quam
565 2265 616 2293 eo
636 2253 874 2305 graviorem
895 2255 1101 2302 ostendit,

219 2327 304 2368 quo
337 2317 463 2368 plura
494 2318 606 2357 illius
634 2318 789 2357 merita
808 2319 849 2357 in
870 2319 1102 2370 rempubli-

218 2391 311 2420 cam
359 2386 405 2421 et
437 2381 600 2433 majora
640 2379 774 2420 fuisse
818 2381 1100 2423 demonstrat.

216 2442 436 2484 Namideo
452 2444 663 2496 Scipionis
678 2443 828 2484 laudes
844 2457 1101 2486 commemo-

217 2511 299 2556 rat,
319 2513 368 2547 ut
387 2506 690 2559 indignitatem
713 2507 845 2558 ipsam
866 2515 1101 2559 exaggeret

215 2577 261 2612 et
296 2572 646 2624 ingratitudinem
681 2572 994 2625 quodammodo
1027 2572 1098 2613 de-

214 2641 416 2677 testetur.
473 2636 573 2677 Fuit
605 2641 766 2685 autem,
815 2642 863 2677 ut
896 2636 1097 2690 diximus,

211 2705 452 2751 accusatus,
472 2700 586 2753 quod
612 2699 952 2741 Antiochensem
987 2715 1096 2755 prae-

212 2764 307 2806 dam
336 2771 605 2818 usurpasset,
636 2772 680 2806 et
698 2779 722 2806 a
743 2779 846 2819 rege
878 2765 1095 2809 Antiocho

208 2829 433 2880 pecuniam
470 2831 725 2882 accepisset,
762 2835 812 2870 ut.
838 2830 1092 2871 conditioni-

208 2892 287 2933 bus
325 2893 523 2945 gratiosis
560 2901 606 2935 et
643 2893 840 2934 mollibus
875 2907 960 2946 pax
994 2908 1091 2936 cum

208 2967 262 2996 eo
311 2957 459 3008 populi
505 2957 688 2998 Romani
733 2959 904 2999 nomine
950 2957 1090 3001 fieret.

212 3019 363 3060 Oliver.

267 3082 474 3135 Vibrante]
503 3083 743 3123 Translatio
759 3090 928 3135 sumpta
943 3098 966 3124 a
987 3087 1090 3136 telo,

204 3147 293 3188 sive
314 3149 488 3199 sagitta,
519 3147 651 3201 quod,
684 3160 780 3188 cum
803 3149 977 3189 missum
997 3149 1088 3191 fue-

204 3211 280 3263 rit,
310 3212 518 3263 vibratur,
563 3218 608 3252 et
647 3218 879 3264 antequam
918 3213 1086 3255 vibrare

205 3271 398 3327 desierit,
430 3276 544 3316 aliud
566 3276 698 3315 telum
721 3276 922 3317 mittitur.
976 3279 1083 3319 Oliv.

255 3336 470 3386 Africanus
486 3339 679 3391 superior,
698 3339 783 3392 85⁶]
814 3341 1008 3394 Contigit
1026 3342 1081 3384 A.

206 3399 261 3440 U.
281 3411 372 3442 nm.

256 3462 425 3517 Africae,
442 3465 529 3518 εγω]
569 3467 765 3519 Contigit
784 3467 838 3509 A.
863 3467 915 3510 U.
934 3481 1026 3511 Dm.

264 3527 351 3567 Vici
364 3540 449 3568 eum
464 3528 666 3583 ignobilis]
689 3533 905 3574 Dissentit
918 3546 942 3574 a
962 3534 1082 3575 Stra-

204 3589 313 3632 bone
331 3592 479 3632 Valer.
539 3595 637 3635 Non
673 3597 783 3636 enim
816 3597 973 3649 vicum,
1002 3599 1078 3639 sed

1931 322 2074 377 1177

1187 453 1396 506 oppidum
1414 454 1666 495 Linternum
1682 454 1788 495 dicit
1805 466 1900 495 esse
1914 456 2070 497 Strabo

1182 515 1260 557 lib.
1297 529 1343 557 v.
1379 518 1420 558 in
1459 518 1752 571 descriptione
1786 518 2068 570 Campaniae:

1186 581 1199 602 ‘
1218 580 1367 632 Prope
1385 583 1534 635 mare‚'
1565 584 1718 637 inquit,
1750 584 1762 605 ‘
1778 589 1875 636 post
1893 585 2069 625 Sinues-

1184 655 1273 684 sam
1313 645 1563 687 Linternum
1605 655 1673 689 est
1706 648 1928 701 oppidum.
1983 650 2070 690 Ubi

1184 709 1342 761 prioris
1386 718 1670 761 cognomento
1706 713 1922 765 Scipionis
1957 712 2070 753 Afri-

1185 773 1281 812 cani
1302 774 1573 826 sepulchrum
1585 777 1734 828 jacet:
1771 777 1830 816 ibi
1861 777 1972 817 enim
1994 789 2069 817 ex-

1183 842 1365 878 tremam
1393 841 1657 891 consumpsit
1687 846 1878 892 aetatem,
1907 842 2069 882 omissis

1182 907 1366 954 propter
1403 903 1639 955 aliquorum
1686 905 1950 946 simultatem
1986 907 2069 946 rei-

1181 965 1368 1017 publicae
1397 966 1609 1019 negotiis!
1642 968 1747 1009 Oliv.
1812 969 1898 1010 Vici
1915 970 2069 1020 ignobi-

1180 1031 1251 1083 lis]
1284 1030 1471 1071 Videtur
1502 1045 1588 1072 non
1620 1033 1770 1074 civitas
1802 1034 2068 1085 Linternum,

1179 1096 1253 1136 sed
1288 1095 1547 1137 Linternum
1573 1098 1816 1150 Campaniae
1850 1098 1967 1140 vicus
1995 1098 2069 1138 ob·

1180 1173 1331 1202 scurus
1353 1161 1551 1214 intelligi.

1234 1227 1417 1267 Desertoe
1451 1225 1623 1277 paludis]
1668 1225 1798 1266 Silius
1826 1225 1900 1266 lib.
1924 1237 1988 1266 vt.
2009 1224 2066 1266 de

1180 1290 1403 1340 Linterno,
1434 1290 1648 1341 Scipionis
1669 1289 1796 1330 nido:
1827 1290 1840 1312 ‘
1859 1290 1945 1330 Hic
1964 1290 2065 1330 dum

1179 1356 1368 1407 stagnosi
1389 1363 1559 1407 spectas
1580 1355 1876 1408 templumque
1901 1354 2067 1396 domos·

1179 1431 1260 1472 que
1277 1418 1503 1459 Limen-ni!
1538 1418 1667 1458 Coler.

1239 1483 1461 1524 Voluntarii
1490 1482 1644 1534 exsilii]
1686 1482 1836 1523 Verba
1865 1483 2063 1524 exeuntis

1177 1548 1238 1588 ita
1258 1549 1423 1588 Seneca
1443 1547 1646 1598 concepit
1666 1546 1851 1598 Epistol.
1873 1550 1944 1588 87.
1958 1548 1970 1569 ‘
1985 1547 2063 1587 Ni-

1176 1611 1234 1652 hil
1253 1613 1349 1652 volo
1368 1612 1579 1664 derogare
1600 1610 1784 1663 legibus,
1818 1610 1924 1650 nibil
1943 1610 2062 1650 insti-

1177 1677 1308 1718 tutis:
1344 1690 1514 1730 aequum
1538 1677 1653 1716 inter
1683 1687 1830 1715 omnes
1860 1675 2061 1727 civesjus

1174 1741 1256 1781 sit:
1295 1746 1418 1782 utere
1435 1741 1528 1781 sine
1544 1753 1613 1780 me
1633 1738 1843 1780 beneficio
1863 1751 1958 1779 meo
1987 1751 2061 1792 pa-

1175 1805 1275 1847 tria.
1331 1807 1472 1847 Causa
1493 1804 1572 1845 tibi
1587 1803 1803 1844 libertatis
1822 1802 1901 1854 fui,
1918 1815 1993 1844 ero
2013 1809 2061 1844 et

1174 1875 1489 1922 argumentum.
1564 1869 1702 1919 Exeo,
1736 1867 1771 1907 si
1807 1869 1903 1920 plus
1931 1880 2059 1922 quam

1173 1933 1253 1973 tibi
1273 1933 1479 1986 expediet
1498 1931 1644 1973 crevi!
1676 1932 1853 1972 Colerus.

1226 1998 1436 2050 Sepulchro
1467 2009 1534 2037 suo
1569 1995 1734 2036 inscribi
1756 1994 1951 2047 Jubendo]
1985 1994 2058 2035 Sic

1169 2062 1285 2102 enim
1305 2066 1564 2102 testamento
1584 2061 1822 2112 legaverat,
1850 2066 1900 2100 ut
1920 2061 2060 2112 sepul-

1167 2130 1279 2166 turae
1312 2137 1402 2165 suae
1431 2124 1582 2165 titulus
1610 2124 1685 2164 ille
1714 2122 2053 2164 inscriberetur:

1166 2200 1389 2230 INGRATA.
1437 2198 1623 2228 PATRIA.
1669 2197 1746 2228 Ne.
1788 2197 1906 2228 ossA.
1953 2197 2055 2230 Qvl-

1166 2265 1286 2295 DEM.
1334 2265 1448 2294 MEA.
1491 2262 1705 2293 nAnams.
1763 2252 1835 2291 De
1869 2251 2054 2303 ingrati-

1164 2317 1316 2357 tudine
1354 2317 1438 2356 ista
1476 2315 1548 2355 alii
1586 2315 1670 2355 alia
1705 2315 1929 2364 sentiunt;
1971 2325 2052 2365 ego

1163 2393 1268 2421 vero
1288 2392 1369 2420 nec
1387 2379 1576 2430 maligna
1597 2378 1807 2419 relatione
1838 2378 2053 2418 insectan-

1164 2444 1278 2497 dam,
1309 2455 1391 2484 nec
1424 2454 1602 2495 prorsus
1637 2441 1923 2482 excusandam
1954 2453 2050 2482 esse

1163 2507 1300 2558 duco;
1340 2519 1481 2560 neque
1525 2506 1640 2547 enim
1678 2506 1900 2546 civitatem
1929 2505 2048 2547 illam

1162 2579 1332 2626 gratam
1369 2584 1555 2626 unquam
1589 2571 1735 2612 dicere
1767 2570 1917 2621 ausim,
1949 2583 2046 2623 quae

1160 2635 1507 2689 praestantissimi
1526 2635 1607 2675 viri
1625 2634 1748 2675 simul
1767 2640 1811 2675 et
1841 2636 2045 2676 innocen-

1159 2701 1328 2751 tissimi,
1347 2707 1520 2753 tamque
1541 2699 1596 2739 de
1625 2711 1671 2739 se
1703 2699 1866 2751 optime
1886 2699 2045 2751 meriti,

1158 2765 1430 2817 negligenter
1463 2763 1571 2803 adeo
1603 2768 1650 2802 et
1679 2762 1852 2814 abjecte
1893 2763 2044 2803 tulerit

1157 2828 1446 2880 ignominiam,
1466 2832 1516 2867 ut
1527 2833 1791 2866 servatorem
1805 2827 1869 2866 sui
1883 2827 2045 2867 cedere·

1154 2904 1209 2931 ex
1242 2892 1348 2932 urbe
1385 2890 1600 2941 maluerit,
1639 2902 1768 2943 quam
1807 2903 2041 2943 paucorum

1152 2955 1342 2995 furorem
1360 2955 1671 3006 audaciamque
1683 2954 1942 3006 reprimere;
1957 2966 2040 2994 nec

1152 3026 1239 3061 tam
1261 3021 1526 3073 vituperare,
1555 3030 1682 3071 quam
1708 3018 2038 3070 vituperandam

1150 3095 1391 3135 censerem,
1421 3083 1458 3138 spi
1488 3082 1542 3122 ad
1578 3094 1672 3122 eam
1701 3082 1902 3134 injuriam
1928 3081 2037 3121 infe·

1149 3149 1328 3189 rendam
1349 3148 1520 3188 tulisset
1538 3159 1686 3186 manus
1705 3160 1714 3186 :
1741 3156 1883 3185 verum
1905 3146 2035 3184 Sena-

1151 3220 1236 3262 tus,
1262 3219 1311 3252 ut
1339 3217 1537 3252 auctores
1567 3215 1830 3259 asseverant,
1859 3208 2034 3248 Tiberio

1149 3277 1363 3327 Graccho,
1400 3274 1673 3327 Scipionibus
1710 3285 1834 3324 opem
1871 3272 2030 3312 ferenti

1147 3341 1354 3380 adversus
1372 3345 1663 3386 accusatoreS,
1678 3338 1838 3387 gratias
1858 3337 1963 3386 egit,
1984 3341 2030 3376 et

1145 3404 1285 3456 plebs,
1305 3402 1468 3442 relictis
1490 3399 1673 3440 tribunis
1688 3398 2028 3449 accusatoribus,

1145 3479 1223 3519 per
1260 3468 1405 3507 omnia
1437 3463 1600 3514 templa
1627 3462 1744 3500 urbis
1771 3459 2027 3502 Africanum

1145 3537 1310 3580 secuta,
1329 3527 1456 3568 facile
1476 3524 1731 3574 declaravit,
1763 3530 1926 3576 quanta
1953 3526 2025 3567 be-

1143 3593 1403 3643 nevolentia,
1415 3595 1663 3644 quantoque
1676 3589 1834 3630 honore
1850 3590 2024 3643 dignum
