2288 3990
556 283 820 325 VALERn
863 281 1110 322 MAXIMI
1153 280 1275 319 [ΑΒ.
1306 278 1349 319 1.
1388 267 1602 320 GAP.6.

173 402 439 449 audivimus!
492 403 602 443 Haec
622 402 794 442 Cicero.
848 398 911 439 At
935 398 1049 439 Livi·

171 483 221 511 us
239 480 334 511 cnm
353 466 593 520 prodigium
615 464 874 517 aperuisset,
891 467 940 503 ut
969 463 1048 502 La-

168 543 244 573 cus
262 530 454 572 Albanus
484 533 645 580 praeter
672 526 845 566 modum
873 536 1047 566 excres-

169 599 307 645 ceret,
326 593 390 634 ita
407 598 456 632 ut
473 603 550 644 per
568 601 693 642 agros
712 586 1046 639 diffunderetur,

165 657 282 698 nulla
299 657 395 708 ejus
423 654 709 695 inundationis
738 662 867 692 causa
884 651 1046 692 extrin-

166 730 287 760 secus
305 723 559 771 apparente,
581 728 664 756 non
690 715 826 755 solum
846 713 900 753 ad
921 714 1042 754 Rom.

167 781 349 831 venisse,
367 793 463 834 quae
483 792 612 832 supra
630 778 830 828 diximus,
850 776 1042 817 referen-

164 852 270 895 tem,
298 844 375 884 sed
409 843 603 896 Delphos
631 853 800 894 quoque
827 840 1043 881 oraculum

163 906 424 948 sciscitatum
456 907 623 958 legatos
659 906 823 945 misisse
861 905 1040 946 Romam

162 966 308 1020 refert,
324 969 397 1021 qui
415 979 660 1019 responsum
681 968 938 1019 retulerunt,
958 981 1040 1009 non

162 1032 281 1083 prius
315 1032 446 1072 Veios
491 1031 589 1083 capi
625 1043 767 1083 posse,
804 1044 931 1084 quam
979 1032 1039 1071 la-

137 1129 142 1131 >
159 1107 236 1137 cns
269 1096 342 1137 ille
372 1107 451 1148 per
483 1106 607 1147 agros
639 1094 756 1134 unda
786 1093 1036 1147 proflueret.

159 1153 340 1200 Oraculi
387 1165 531 1199 autem
582 1157 711 1198 verba
747 1158 840 1198 baec
884 1157 1008 1198 fuere
1025 1171 1037 1199 z

158 1222 361 1263 Rouana
378 1232 543 1266 Aoum
561 1232 788 1262 ALBANAM
821 1233 940 1262 cavi-2
962 1232 1038 1262 LA·

156 1296 216 1326 cv
245 1297 515 1337 comunem,
546 1296 665 1327 cAvn
694 1296 745 1325 m
780 1296 913 1326 mmm
951 1297 1038 1326 MA·

157 1359 282 1390 runa
307 1359 393 1390 svo
422 1359 632 1390 anuum
660 1359 808 1398 swas,
834 1359 1035 1389 nM1ssAM

157 1421 249 1452 rna
265 1422 413 1452 senos
439 1422 642 1462 RIGABIS,
664 1422 1036 1454 DlsSmA'rAMQVE

155 1484 276 1514 aivis
294 1485 563 1525 nx'rmevns,
575 1485 676 1514 ’ΝΜ
689 1485 750 1514 'rv
766 1485 942 1514 msxs‘rr:
955 1485 1037 1515 Av-

156 1546 256 1576 nAx
275 1547 486 1577 nos‘rrvm
506 1547 670 1587 mvms,
696 1548 878 1588 ΜΕΜοΒ,
898 1548 1035 1580 QVAM

154 1609 245 1640 rm
260 1609 348 1639 ποτ
377 1609 526 1640 Annos
557 1610 746 1639 onsmns
775 1610 950 1646 vanum,
971 1610 1034 1640 nx

152 1671 213 1702 nt-
229 1673 326 1703 ·rrm
346 1673 439 1713 ms,
457 1673 564 1706 QVAE
587 1673 715 1703 nvnc
743 1673 1033 1704 Psnnvu‘rva

150 1735 297 1774 raris,
316 1736 580 1766 vrc'roamm
601 1736 777 1766 DATAM.
811 1727 960 1768 Oliver.

198 1786 394 1839 Veientes]
408 1789 547 1829 Italiae
557 1790 720 1841 populi,
732 1790 837 1830 socii
851 1791 1031 1831 Fidena-

151 1850 279 1891 tibus.
312 1852 403 1893 Liv.
419 1863 451 1892 ι.
470 1857 516 1892 et
530 1853 713 1904 Eutrop.
732 1864 765 1893 1.
785 1853 854 1893 cui
870 1852 1032 1894 duode-

151 1913 302 1965 viginti
321 1914 456 1955 millia
473 1927 674 1966 passuum
687 1915 740 1955 ab
757 1915 878 1955 Urbe
898 1922 1013 1957 sunt.

204 1976 307 2028 Capi
334 1990 413 2018 non
443 1977 620 2029 possent]
649 1978 762 2019 Quia
788 1979 947 2020 moenia
964 1992 1028 2020 es-

149 2045 246 2082 sent
264 2041 352 2082 alta
366 2046 414 2081 et
430 2042 527 2082 loco
547 2041 784 2082 editissimo
804 2043 960 2094 posita,
981 2049 1030 2084 ut

147 2114 231 2143 non
258 2105 396 2145 solum
415 2104 629 2155 aedificiis,
655 2105 732 2145 sed
753 2106 882 2146 etiam
902 2111 1028 2148 natu-

146 2177 195 2206 ra
211 2166 293 2207 loci
314 2171 412 2207 tuta
429 2172 588 2207 essent.
609 2167 760 2207 Oliver.

199 2228 433 2280 Delphicum
443 2222 657 2281 oraculum]
672 2231 785 2282 Hoc,
801 2232 914 2284 quod
931 2245 1027 2284 pos-

146 2291 278 2331 terius
314 2290 636 2345 frequentatum
673 2292 756 2334 fuit
794 2297 1028 2348 oraculum,

145 2352 292 2394 sedem
324 2354 476 2395 habuit
512 2354 567 2395 ad
605 2356 775 2396 radices
808 2358 1026 2410 Parnassi,

145 2416 221 2459 nbi
241 2419 446 2470 templum
466 2419 750 2460 condiderant
770 2420 940 2473 incolae,
956 2434 1026 2462 su-

146 2490 226 2531 pra
236 2490 410 2532 specum
422 2481 585 2533 oppido
600 2494 808 2535 muroque
821 2483 1027 2537 cinctum,

144 2549 191 2583 et
209 2544 416 2595 templum
429 2545 580 2596 ipsum,
596 2546 652 2585 ob
669 2547 859 2586 nativam
873 2549 1026 2599 praeci·

143 2605 311 2656 pitiem,
330 2606 571 2646 munierant
585 2607 703 2646 aditu
720 2607 828 2647 adeo
846 2607 1026 2660 difficili,

142 2672 191 2707 et
207 2674 402 2720 angusto,
422 2676 472 2708 nt
488 2668 658 2720 objecta
676 2671 868 2722 lapidum
893 2674 1021 2726 mole,

141 2740 360 2770 accessum
384 2742 551 2771 omnem
579 2731 770 2786 undique
788 2737 1022 2787 praecluse·

141 2791 243 2841 rint,
270 2792 425 2844 exigua
455 2794 608 2835 semita
635 2796 801 2849 relicta,
819 2811 902 2851 qua
921 2811 1021 2840 con·

141 2854 295 2894 sulturi
313 2856 531 2896 oraculum
551 2857 712 2910 absque
731 2861 941 2901 comitatu
955 2862 1018 2902 in-

140 2917 359 2960 cederent.
415 2919 468 2959 In
502 2921 642 2960 medio
677 2923 827 2975 templi
861 2925 1018 2978 exigua

139 2979 338 3030 planities
355 2988 463 3034 erat,
480 2989 527 3024 et
545 2983 587 3022 in
607 2995 658 3024 ea
673 2985 835 3038 hiatus,
853 2999 908 3027 ex
933 3000 1017 3041 quo

137 3042 314 3094 spiritus
342 3054 442 3085 acer
471 3052 516 3086 et
551 3047 800 3100 vehemens,
832 3051 1017 3092 terribili

139 3105 281 3145 sonitu
300 3118 517 3158 excussus,
549 3115 690 3149 vatem
713 3111 875 3163 tripodi
894 3114 1016 3154 insis-

138 3173 316 3216 tentem,
341 3175 388 3210 et
414 3169 581 3211 afflatus
599 3180 901 3225 expectantem
921 3190 1013 3218 cor-

136 3230 339 3282 ripiebat,
352 3232 640 3286 agitatamque
655 3240 702 3275 et
712 3248 959 3279 concussam
971 3241 1013 3280 in

135 3293 323 3336 furorem
345 3297 554 3349 vertebat,
586 3300 711 3340 statis
741 3300 902 3354 diebus,
922 3305 1013 3356 qui-

138 3357 218 3397 bus
250 3356 331 3398 fari
363 3359 538 3400 licebat.
597 3362 760 3403 Ferunt
793 3367 1012 3408 annuatim

137 3429 212 3458 sex
245 3431 410 3461 menses
443 3423 665 3465 continuos
697 3427 811 3478 apud
841 3428 1014 3481 Lycios,

138 3480 402 3536 totidemque
430 3484 474 3524 in
501 3486 614 3527 Delo
644 3490 815 3530 oracula
836 3502 1009 3542 percon-

1109 397 1267 437 taturis
1286 396 1502 449 patuisse:
1522 396 1567 436 in
1582 395 1755 448 reliquis
1773 395 1896 448 locis,
1911 409 1998 438 non

1107 460 1254 512 quovis
1268 465 1478 512 tempore,
1493 458 1568 500 sed
1585 460 1710 498 statis
1722 458 1998 513 definitisque

1107 521 1259 562 diebus
1296 528 1494 563 tantum:
1543 528 1697 573 utpote
1726 522 1793 560 vel
1829 522 1996 574 Idibus,

1107 587 1175 627 vel
1195 586 1421 638 Kalendis,
1439 588 1511 626 vel
1538 590 1802 638 augescente
1822 586 1891 626 vel
1923 585 1996 625 de-

1104 648 1279 690 ficiente
1313 651 1451 700 Luna,
1473 651 1541 690 vel
1575 650 1755 689 ineunte
1783 654 1857 689 aut
1886 649 1997 690 desi-

1105 718 1237 752 nente
1268 712 1356 763 die,
1386 713 1599 753 sciscitari
1629 713 1817 753 licuisse.
1877 713 1995 753 Reli-

1105 777 1275 826 gionem
1295 776 1338 815 in
1355 776 1619 816 consulendo
1639 775 1799 828 Pythio
1821 776 1994 815 oraculo

1104 850 1200 877 eam
1220 839 1386 878 servari
1414 839 1662 890 oportebat,
1694 851 1749 878 ne
1775 844 1996 890 promeret

1103 902 1330 953 quicquam
1363 901 1441 941 nisi
1465 908 1600 941 totam
1628 902 1745 953 prius
1772 901 1991 942 victimam

1103 965 1455 1016 contremiscere,
1490 977 1539 1005 ac
1568 966 1688 1004 velut
1713 965 1875 1011 micare
1896 977 1990 1005 cer-

1102 1033 1242 1068 neret.
1284 1028 1365 1067 His
1385 1029 1577 1079 legitime
1600 1029 1789 1079 peractis
1810 1029 1991 1069 Daemon

1101 1102 1156 1130 ex
1183 1090 1360 1131 obsessa
1389 1091 1549 1143 Pythia
1568 1091 1634 1144 (ἐκ
1649 1088 1720 1131 τοῦ
1738 1092 1861 1141 ἀτμυῦ
1879 1093 1993 1133 enim

1102 1152 1227 1194 ἔνθεος
1251 1151 1452 1204 γένεσθαι,
1486 1166 1540 1194 ex
1568 1155 1723 1205 spiritu
1757 1155 1874 1194 enim
1906 1155 1992 1195 Dei

1100 1216 1244 1258 afflata
1271 1216 1558 1269 credebatur)
1577 1222 1791 1270 concepta
1818 1223 1864 1257 et
1896 1216 1991 1258 fere

1100 1283 1249 1323 metris
1271 1282 1441 1324 Graecis
1461 1282 1565 1322 scite
1598 1281 1827 1321 admodum
1857 1286 1990 1333 atque

1101 1351 1270 1397 argute,
1306 1344 1384 1385 sed
1415 1344 1616 1396 ambigue
1649 1343 1773 1383 nimis
1807 1355 1858 1383 ac
1892 1356 1991 1395 cap-

1100 1410 1211 1449 tiose
1230 1409 1398 1459 illigata
1416 1419 1621 1459 responsa
1650 1406 1962 1458 pronuntiabat
1980 1420 1990 1446 ε

1098 1484 1280 1524 cumque
1300 1472 1342 1510 in
1357 1484 1477 1511 suam
1493 1483 1588 1511 sese
1605 1471 1840 1521 recepisset
1854 1475 1987 1523 atque

1097 1535 1334 1575 abdidisset
1347 1534 1721 1586 specum,Pythia,
1734 1545 1813 1573 ceu
1829 1544 1986 1572 exone-

1097 1604 1191 1638 rata
1209 1599 1384 1650 spiritu,
1416 1603 1462 1638 et
1493 1598 1548 1637 ad
1567 1609 1663 1636 sese
1683 1609 1858 1637 reversa
1879 1609 1983 1637 con-

1095 1661 1275 1701 sistebat
1303 1673 1354 1701 ac
1383 1659 1737 1713 conquiescebat.
1795 1661 1896 1700 Fuit
1915 1673 1986 1700 au-

1096 1730 1184 1765 tem
1203 1724 1389 1764 omnium
1410 1725 1668 1776 templorum
1697 1723 1982 1763 Ethnicorum

1094 1788 1495 1840 locupletissimum,
1546 1788 1704 1827 statuis
1751 1799 1806 1826 cx
1844 1787 1983 1827 solido

1095 1864 1201 1892 auro
1244 1858 1511 1904 argentoque
1553 1850 1746 1891 conflatis
1784 1852 1982 1891 immensi

1093 1917 1313 1969 ponderis,
1345 1923 1390 1957 et
1421 1917 1515 1956 aliis
1546 1917 1780 1956 innumeris
1812 1927 1862 1956 ac
1884 1928 1982 1968 pre-

1093 1979 1331 2019 tiosissimis
1360 1979 1550 2019 donariis
1586 1978 1809 2019 refertum.
1868 1979 1982 2019 Vide

1090 2054 1219 2095 supra
1239 2055 1339 2095 pag.
1359 2045 1456 2083 928.

1145 2104 1348 2156 Sor-tibus]
1378 2104 1597 2153 Oraeu103
1626 2117 1723 2145 nam
1740 2110 1881 2145 sortes
1903 2117 1980 2157 pro

1091 2168 1274 2207 oraculis
1290 2168 1528 2220 saepissime
1547 2174 1778 2220 ponuntur,
1797 2180 1848 2208 eo
1867 2169 1980 2221 quod

1090 2237 1225 2271 sortes
1244 2244 1268 2271 e
1291 2243 1390 2270 vase
1409 2231 1689 2281 ducerentur,
1712 2231 1867 2283 quibus
1886 2244 1980 2272 ora-

1090 2295 1188 2333 cula
1206 2294 1499 2334 reddebantur
1517 2293 1571 2332 ad
1592 2305 1659 2345 ea,
1673 2294 1728 2333 de
1745 2294 1900 2347 quibus
1917 2295 1978 2334 iu-

1092 2363 1383 2410 terrogaretur
1406 2359 1623 2399 sacerdos.
1652 2359 1802 2399 Oliver.

1142 2422 1210 2473 §4
1239 2421 1326 2461 Nec
1364 2433 1507 2473 parum
1544 2423 1723 2472 prosperi
1758 2423 1974 2475 successus]

1090 2486 1188 2526 Hoc
1203 2485 1390 2536 contigit
1398 2484 1555 2524 Sociali
1566 2484 1829 2536 bello‚cujus
1844 2497 1977 2525 causa

1086 2547 1187 2587 inde
1205 2555 1310 2587 nata
1325 2552 1410 2598 est,
1428 2547 1542 2599 quod
1559 2548 1727 2587 Drusus
1742 2547 1842 2589 trib.
1858 2549 1974 2599 pleb.

1086 2614 1347 2666 promiserat
1377 2612 1503 2652 sociis
1538 2612 1680 2652 Latini
1712 2613 1908 2665 nominis,
1940 2614 1975 2653 si

1085 2689 1181 2717 cum
1203 2677 1363 2716 Senatu
1381 2676 1614 2728 sentirent,
1628 2676 1805 2729 ejusque
1825 2682 1974 2729 partes

1084 2740 1289 2780 adversus
1329 2743 1574 2791 equestrem
1619 2738 1828 2789 ordinem,
1872 2751 1971 2779 cum

1082 2814 1166 2856 quo
1187 2807 1367 2853 propter
1379 2800 1543 2852 judicia
1570 2801 1761 2851 graviter
1791 2801 1971 2841 disside-

1080 2866 1171 2916 bat,
1194 2869 1441 2915 tuerentur,
1473 2863 1674 2904 daturum
1706 2875 1899 2916 operam,
1921 2871 1972 2905 ut

1079 2929 1122 2969 in
1141 2929 1364 2969 civitatem
1380 2928 1616 2967 Romanam
1634 2928 1967 2979 acciperentur;

1079 2993 1156 3033 sed
1189 2991 1332 3032 occiso
1368 2992 1498 3042 paulo
1538 2997 1636 3043 post
1674 2992 1832 3041 Druso,
1867 3004 1964 3032 cum

1078 3055 1302 3108 praemium
1332 3054 1499 3094 Latinis
1531 3058 1778 3105 negaretur,
1804 3054 1906 3094 irati
1938 3066 1964 3093 a

1077 3119 1286 3160 societate
1316 3118 1462 3169 populi
1497 3117 1677 3157 Romani
1698 3116 1967 3167 defecerunt,

1075 3190 1121 3223 et
1150 3181 1355 3222 Romanis
1386 3180 1542 3220 bellum
1567 3179 1825 3219 indixerunt.
1882 3180 1960 3218 Di-

1077 3245 1192 3285 versi
1211 3250 1365 3283 contra
1394 3242 1468 3282 hos
1499 3248 1599 3282 sunt
1632 3242 1749 3282 missi
1778 3242 1962 3292 impera-

1076 3316 1209 3355 tores,
1231 3306 1343 3345 inter
1361 3316 1466 3357 quos
1487 3311 1531 3344 et
1553 3306 1597 3344 L.
1617 3305 1749 3355 Sylla,
1767 3303 1840 3356 qui
1860 3315 1961 3355 pro·

1074 3370 1214 3411 fectus
1246 3369 1289 3408 in
1315 3367 1529 3407 Samnium
1563 3367 1768 3407 adversus
1801 3367 1956 3408 Nolam

1073 3435 1211 3486 primo
1231 3431 1624 3471 duxitexercitnm.
1655 3429 1810 3469 Nolani
1830 3437 1955 3470 extra

1072 3497 1229 3538 moenia
1260 3505 1356 3534 cum
1394 3493 1530 3544 copiis
1565 3498 1610 3532 et
1643 3492 1849 3543 praesidiis
1879 3505 1953 3544 po-
