2320 4004
531 314 789 357 vAnuRu
834 313 1075 351 MAX1M1
1122 313 1244 351 nm.
1276 313 1367 352 ιιι.
1407 312 1541 350 GAP.
1569 299 1620 351 7.

150 440 255 481 data
272 443 364 488 est3
392 437 435 479 in
454 448 579 490 quam
598 434 671 475 ubi
692 433 874 486 primum
895 431 1031 483 venit,

150 504 391 545 exercitum
426 500 610 554 paravit,
642 499 812 552 qualem
846 497 900 536 ad
935 509 1030 536 eam

149 568 358 618 militiam,
378 577 506 618 quam
533 565 620 618 jam
654 562 794 602 animo
822 571 1031 611 concepe-

149 637 233 682 rat,
251 629 524 682 longinquam
552 633 597 667 et
626 638 799 679 gravem
830 630 1033 677 oportere

147 693 426 745 existimavit,
445 691 789 732 robustissimum
818 699 1032 742 quemque

137 761 194 796 'et
228 755 414 795 maxime
450 753 738 794 voluntarium
777 764 832 791 ex
867 751 1033 791 civibus

146 817 392 870 deligendo,
413 829 539 870 quem
562 817 691 869 paulo
710 821 808 868 post
828 815 961 855 inscio
980 826 1031 854 ac

145 881 282 921 invito
327 882 492 922 Senatu
528 880 700 933 trajecit
739 879 781 918 in
820 876 1031 927 Africam,

143 957 283 998 eoque
318 950 532 996 tempore,
567 955 650 996 quo
683 942 865 982 maxime
893 941 946 981 ab
979 953 1032 980 ea

143 1008 346 1060 opinione
377 1007 590 1047 deterreri
615 1009 801 1058 poterat,
820 1004 936 1058 quod
954 1005 1031 1055 Sy-

143 1073 325 1124 phacem
346 1070 627 1113 Numidarum
660 1081 823 1120 regem,
849 1079 1031 1120 quocum

144 1135 356 1189 superiori
373 1140 526 1176 aestate
539 1134 760 1187 publicum
777 1133 914 1174 foedus
930 1133 1034 1173 inie-

146 1206 230 1252 rat,
251 1206 296 1240 et
314 1199 358 1240 in
377 1199 472 1252 ejus
493 1211 600 1252 opus
619 1210 814 1251 magnam
835 1198 1034 1238 victoriae

142 1276 262 1317 spem
293 1269 512 1316 posuerat,
541 1275 567 1303 a
602 1263 806 1303 Romanis
841 1261 894 1302 ad
928 1263 1035 1302 Car-

141 1328 434 1380 thaginienses
467 1339 546 1381 per
576 1327 824 1385 nuptiarum
846 1325 1031 1366 occasio·

140 1405 241 1433 nem
267 1391 484 1433 defecisse
517 1383 731 1442 audierat,
756 1391 861 1431 nibil
891 1396 1031 1431 tamen

142 1456 237 1507 ejus
257 1455 461 1496 fiduciam
487 1454 786 1507 frangere-aut
806 1453 1033 1494 debilitare

143 1519 298 1571 potuit.
357 1519 588 1560 Frontinus
618 1519 694 1559 lib.
728 1518 781 1558 de
816 1518 1032 1558 Constitu-

142 1582 253 1624 endo
289 1588 406 1623 statu
445 1583 578 1622 belli:
615 1582 628 1605 ‘
659 1580 836 1633 Scipio,’
875 1580 1035 1632 inquit,

141 1646 155 1670 ‘
177 1653 378 1687 manente
411 1647 455 1687 in
490 1647 620 1686 Italia
645 1644 876 1694 Annibale,
895 1652 1031 1685 trans-

142 1710 274 1750 misso
309 1709 352 1749 in
385 1707 582 1749 Africam
613 1709 824 1759 exercitu,
842 1707 1032 1747 necessi-

142 1777 276 1813 tatem
292 1772 716 1824 Carthaginiensibus
737 1771 940 1823 imposuit
965 1783 1030 1810 re-

142 1837 324 1876 vocandi
343 1835 617 1889 Annibalem.
671 1836 743 1875 Sic
772 1847 796 1875 a
829 1835 1030 1874 domesti-

141 1899 204 1939 cis
231 1899 387 1940 finibus
405 1900 562 1940 hostile
591 1899 811 1940 transtulit
844 1898 1031 1939 bellum.'

144 1963 296 2006 otis-er.

193 2027 346 2069 Senatu
368 2028 544 2080 vetante]
573 2028 675 2068 Non
693 2026 872 2068 vetabat
899 2026 1031 2066 Sena·

140 2097 227 2142 tus,
263 2091 340 2132 sed
375 2092 672 2145 permittebat,
704 2091 739 2130 si
779 2090 824 2130 id
857 2103 891 2129 e>
916 2090 1029 2142 Rep.

139 2155 376 2201 videretur.
446 2156 592 2196 Livius
628 2153 703 2196 lib.
738 2164 874 2194 xxix.
933 2153 1030 2193 Cor-

142 2221 276 2260 rudus.

196 2282 513 2335 Cuisacto‚85c.]
539 2283 638 2323 Non
665 2281 840 2321 minoris
859 2279 1030 2320 fiduciae

141 2344 306 2385 factum
353 2346 458 2386 illud
507 2344 638 2385 fuisse
689 2343 876 2391 videtur,
915 2343 1029 2395 quod

141 2406 331 2447 Annibal
361 2413 588 2447 revocatus
627 2406 669 2445 in
705 2406 903 2457 patriam,
933 2419 1028 2446 cum

140 2469 194 2509 ad
233 2482 363 2522 opem
400 2469 695 2510 laborantibus
745 2471 831 2508 suis
865 2470 1029 2510 civibus

139 2533 255 2572 nulla
274 2544 394 2572 mora
411 2532 637 2573 ferendam
660 2545 715 2572 ex
739 2531 881 2583 Italia,
901 2545 1029 2585 quam

138 2595 328 2636 sedecim
356 2595 491 2636 ferme
519 2608 652 2635 annos
683 2595 795 2635 bello
829 2596 1029 2647 possede-

138 2668 222 2712 rat,
254 2665 469 2701 retractus
494 2660 778 2700 Adrumetum
818 2659 1026 2711 oppidum

137 2723 344 2775 venisset,
382 2728 429 2764 et
459 2723 561 2764 inde
590 2724 766 2763 Zamam
803 2721 1026 2776 profectus

138 2791 272 2837 esset,
290 2786 434 2839 (abest
452 2792 597 2827 autem
617 2786 752 2826 Zama
780 2786 1027 2839 quindecim

137 2847 302 2891 dierum
321 2850 478 2890 itinere
492 2863 517 2890 a
531 2842 837 2903 Carthagine‚)
857 2851 1026 2902 praemi-

137 2910 194 2951 sit
224 2913 539 2963 speculatores,
569 2913 642 2965 qui
671 2925 739 2953 res
774 2925 877 2966 pop.
905 2914 1028 2954 Rom.

138 2973 470 3027 Imperatorem,
483 2981 531 3016 et
549 2982 695 3016 castra
710 2977 941 3028 diligenter
955 2989 1028 3017 ex-

138 3038 374 3090 plorarent,
404 3040 478 3091 qui
511 3039 686 3092 excepti
717 3053 743 3080 a
773 3040 1027 3080 custodibus

139 3102 340 3143 Romanis
381 3108 428 3144 et
461 3103 639 3145 deducti
686 3104 740 3144 ad
777 3105 1027 3158 Scipionem

139 3171 265 3207 sunt:
304 3166 451 3220 Scipio
477 3167 609 3217 jussit
636 3180 709 3208 eos
741 3168 922 3209 traditos
951 3170 1027 3209 tri-

138 3226 263 3269 bunis
300 3229 504 3283 militum,
533 3232 688 3272 omisso
720 3238 856 3285 metu,
889 3234 1027 3274 visere

139 3291 297 3344 omnia,
333 3304 497 3346 perque
539 3300 684 3335 castra
727 3307 811 3349 qua
848 3297 1028 3348 vellent,

140 3351 256 3405 duci,
271 3361 653 3411 percontatusque,
668 3359 792 3399 satin'
814 3371 893 3412 per
912 3373 1026 3400 com-

139 3416 310 3457 modum
329 3420 468 3460 omnia
486 3422 800 3473 explorassent,
821 3422 934 3463 datis
954 3424 1026 3475 qui

141 3489 514 3534 persequerentur,
542 3493 660 3526 retro
694 3487 748 3526 ad
768 3485 1024 3527 Annibalem

142 3543 318 3585 remisit.
375 3545 474 3588 Hoc
493 3548 606 3589 idem
635 3549 792 3592 fecisse
821 3551 1024 3592 Publium

250 3611 395 3663 Delph.
411 3617 448 3652 el
476 3614 572 3655 Var.
591 3617 700 3657 Clas.

943 3618 1033 3659 Val.
1053 3618 1172 3659 Max.

1839 298 1981 350 1105

1093 430 1316 472 Valerium
1351 431 1578 483 Levinum,
1605 431 1785 472 tradidit
1825 431 1981 475 Eutro-

1096 494 1192 546 pius
1211 495 1283 534 lib.
1305 507 1356 535 11.
1377 507 1471 535 cum
1491 495 1604 536 enim
1618 496 1810 548 cepisset
1831 499 1981 549 explo-

1096 563 1275 604 ratores,
1286 558 1418 610 jussit
1444 570 1516 600 eos
1550 571 1628 612 per
1644 565 1786 600 castra
1805 560 1919 612 duci,
1936 567 1982 602 et

1094 621 1264 661 ostendi
1292 622 1398 672 ipsis
1429 634 1596 662 omnem
1626 623 1880 676 exercitum,
1908 625 1982 665 de-

1094 684 1193 725 inde
1232 684 1409 735 dimitti,
1441 691 1492 726 ut
1524 687 1775 727 nuntiarent
1811 687 1982 740 Pyrrho

1093 760 1363 801 quaecunque
1384 748 1610 801 vidissent,
1647 763 1831 804 quaeque
1849 765 1874 792 a
1895 752 1983 793 Ro·

1094 812 1227 851 manis
1257 818 1501 863 agerentur.
1561 815 1712 854 Oliver.

1145 874 1390 927 Manipulos]
1419 876 1542 917 Ordo
1558 884 1623 918 est
1640 877 1864 937 dimidiata
1884 891 1982 932 pars

1092 940 1322 991 manipuli:
1350 952 1449 979 nam
1460 940 1544 980 duo
1561 942 1844 983 Centuriones
1857 950 1984 984 erant

1092 1004 1136 1044 in
1171 1003 1405 1057 manipulo,
1431 1012 1476 1045 et
1512 1007 1741 1060 unicuique
1775 1021 1852 1049 sua
1886 1022 1984 1062 pars

1092 1068 1333 1121 adsignata,
1350 1082 1475 1122 quam
1494 1070 1673 1110 duceret
1689 1085 1700 1120 ;
1723 1084 1818 1125 quae
1831 1080 1986 1112 vocata

1095 1132 1317 1179 Centuria‚
1351 1133 1441 1172 sive
1480 1132 1618 1174 Ordo.
1683 1134 1728 1174 Is
1766 1135 1809 1174 in
1847 1137 1985 1175 veteri

1096 1196 1285 1248 Legione
1307 1195 1391 1238 fuit
1410 1208 1483 1238 Lx.
1504 1198 1704 1238 militum.
1761 1199 1876 1239 Hinc
1899 1199 1981 1240 Or-

1094 1259 1218 1300 dines
1238 1265 1404 1312 petere,
1423 1261 1686 1314 impetrare:
1716 1262 1780 1303 ita
1806 1263 1984 1303 Ordinis

1095 1323 1267 1374 ductor,
1297 1337 1374 1377 pro
1403 1326 1681 1367 Centurione.
1737 1328 1885 1368 Prima
1919 1329 1984 1368 di-

1095 1387 1203 1427 visio
1217 1386 1300 1428 fuit
1316 1389 1358 1427 in
1371 1389 1636 1441 Manipulos‚
1648 1391 1817 1431 Graecis
1829 1394 1983 1444 σπεῖρα,

1094 1463 1190 1503 quae
1237 1451 1481 1493 diutissime
1521 1453 1565 1493 in
1610 1455 1764 1495 militia
1807 1457 1982 1495 mansit.

1092 1513 1183 1554 Sed.
1197 1515 1372 1556 labente
1390 1517 1570 1568 imperio
1591 1519 1790 1570 mutavit,
1806 1525 1852 1559 et
1873 1521 1982 1560 Cen·

1096 1577 1230 1617 turias
1265 1590 1343 1630 pro
1379 1580 1608 1632 manipulis
1646 1582 1806 1623 habere
1843 1595 1984 1635 coepe·

1095 1646 1222 1690 runt;
1269 1643 1511 1694 manipulos
1558 1656 1638 1696 pro
1688 1645 1983 1686 contuberniis

1094 1708 1169 1743 aut
1189 1702 1375 1744 decuriis
1393 1705 1515 1757 ipsis.
1573 1708 1891 1760 Manipulorum
1912 1722 1984 1749 ve-

1096 1772 1235 1807 tustas
1266 1769 1415 1809 statim
1450 1769 1505 1810 ab
1539 1771 1658 1810 Urbe
1693 1772 1882 1824 condita,
1900 1773 1985 1812 imo

1095 1832 1353 1884 anteipsam
1375 1832 1471 1874 fuit.
1527 1834 1638 1886 Lips.

1151 1896 1250 1935 Cum
1270 1911 1294 1937 a
1313 1897 1362 1937 L.
1384 1896 1589 1949 Scipione]
1621 1897 1719 1938 Hoc
1736 1900 1981 1951 exemplum

1093 1957 1231 1999 Aulus
1256 1959 1427 2000 Gellius
1450 1968 1782 2003 commemorat:
1815 1963 1828 1987 ‘
1847 1964 1986 2012 Cum‚'

1093 2024 1315 2076 inquit,‘a
1349 2025 1415 2065 M.
1447 2026 1613 2066 Catone
1646 2039 1697 2067 ac
1728 2027 1828 2068 trib.
1865 2029 1982 2080 pleb.

1095 2089 1167 2139 qui
1187 2101 1212 2127 a
1230 2089 1295 2129 M.
1313 2089 1477 2129 Catone
1497 2091 1737 2142 comparati
1756 2095 1802 2131 et
1816 2091 1984 2132 inducti

1092 2149 1283 2204 fuerant,
1303 2158 1595 2204 accusaretur,
1617 2154 1730 2206 quod
1758 2156 1984 2207 pecuniam

1093 2222 1138 2255 et
1171 2217 1361 2267 praedam
1397 2225 1665 2269 usurpasset,
1686 2218 1800 2259 bello
1831 2218 1983 2259 Antio-

1092 2279 1240 2319 chensi
1259 2285 1445 2332 captam,
1465 2281 1619 2320 librum
1640 2281 1813 2329 detulit,
1834 2282 1874 2321 in
1897 2295 1981 2334 quo

1093 2355 1255 2383 summa
1275 2345 1469 2396 pecuniae
1498 2345 1817 2394 continebatur,
1834 2352 1879 2385 et
1899 2352 1985 2385 sta-

1094 2406 1169 2446 tim
1196 2407 1240 2446 in
1273 2413 1508 2459 conspectu
1526 2409 1723 2447 ‘omnium
1752 2407 1979 2449 discessit:

1092 2468 1288 2515 Possem,
1308 2470 1521 2522 inquiens,
1543 2470 1727 2510 reddere
1758 2472 1982 2523 rationem,

1091 2531 1166 2571 sed
1188 2544 1271 2573 non
1303 2532 1486 2573 faciam:
1515 2545 1597 2573 nec
1625 2546 1693 2573 me
1714 2534 1853 2586 ipsum
1884 2547 1983 2575 con-

1092 2596 1266 2635 tumelia
1295 2594 1492 2646 afficiam,
1511 2596 1853 2649 quandoquidem
1875 2611 1981 2638 aera-

1092 2658 1198 2696 rium
1241 2664 1436 2698 vestrum
1475 2659 1542 2698 bis
1580 2659 1734 2699 millies
1781 2661 1982 2701 sestertio

1090 2723 1263 2763 uberius
1281 2723 1488 2764 fecerim!
1546 2725 1698 2765 Oliver.

1144 2788 1214 2827 Ex
1230 2786 1489 2828 Antiochensi
1503 2788 1689 2841 pecunia]
1718 2790 1923 2843 Expensa
1939 2791 1981 2831 in

1090 2850 1203 2890 bello
1224 2858 1379 2892 contra
1401 2852 1675 2893 Antiochum.

1144 2914 1607 2970 Sestertii'quadragz'es]
1639 2919 1874 2960 sestertius
1909 2921 1982 2961 de-

1090 2981 1199 3021 narii
1217 2989 1373 3033 quarta
1393 2995 1509 3034 pars,
1523 2985 1652 3035 atque
1670 2983 1787 3024 idem
1807 2984 1889 3025 alio
1910 2998 1984 3026 no·

1090 3043 1205 3083 mine
1237 3046 1324 3084 'ear’
1356 3044 1498 3096 ἐξοχὴν
1532 3059 1743 3098 nummus,
1762 3048 1863 3100 quia
1896 3048 1981 3088 fre·-

1090 3109 1392 3159 quentissimus
1421 3111 1513 3162 ejus
1533 3111 1576 3150 in
1597 3111 1836 3152 rationibus
1864 3125 1979 3153 usus,

1090 3171 1261 3212 Dehoc
1280 3174 1504 3214 Vitruvius
1522 3175 1594 3215 lib.
1610 3186 1680 3214 111.
1696 3188 1791 3227 cap.
1813 3180 1850 3216 1.
1896 3177 1907 3196 ‘
1928 3177 1980 3216 In

1091 3233 1301 3285 denario,'
1322 3236 1479 3289 inquit,
1502 3238 1515 3259 ‘
1538 3236 1671 3277 denos
1699 3250 1812 3276 asses
1843 3251 1980 3290 aer-eos

1090 3300 1422 3352 constituerunt,
1445 3305 1491 3340 et
1522 3307 1717 3353 quartam
1752 3300 1846 3351 ejus
1882 3314 1978 3353 par·

1091 3365 1180 3401 tem
1213 3362 1268 3403 de
1299 3362 1466 3404 dnobus
1499 3364 1666 3403 assibus
1693 3369 1738 3402 et
1763 3365 1895 3403 tertio
1915 3377 1981 3405 se-

1089 3425 1218 3466 misse
1258 3428 1507 3467 sestertium
1542 3432 1711 3466 veteres
1748 3430 1985 3469 vocarunt!

1092 3490 1338 3531 AEstimatio
1358 3490 1522 3530 denarii
1543 3491 1694 3529 eadem
1727 3488 1818 3529 sere
1839 3491 1982 3544 hodie,

1092 3564 1189 3604 quae
1211 3554 1384 3604 Regalis
1405 3552 1719 3604 Hispaniensis,
1736 3552 1775 3591 id
1797 3559 1880 3605 est,
1897 3563 1983 3595 stu-

1774 3623 1799 3658 4
1830 3620 1871 3661 A
