<?xml version="1.0" encoding="UTF-8"?>
<!DOCTYPE html PUBLIC "-//W3C//DTD XHTML 1.0 Transitional//EN"
    "http://www.w3.org/TR/xhtml1/DTD/xhtml1-transitional.dtd">
<html xmlns="http://www.w3.org/1999/xhtml" xml:lang="en" lang="en">
 <head>
  <title>
</title>
<meta http-equiv="Content-Type" content="text/html;charset=utf-8" />
  <meta name='ocr-system' content='tesseract 3.04.00' />
  <meta name='ocr-capabilities' content='ocr_page ocr_carea ocr_par ocr_line ocrx_word'/>
</head>
<body>
  <div class='ocr_page' id='page_1' title='image "./factorumdictorum03valeuoft_0223.png"; bbox 0 0 2320 4004; ppageno 0'>
   <div class='ocr_carea' id='block_1_1' title="bbox 569 298 1645 362">
    <p class='ocr_par' dir='ltr' id='par_1_1' title="bbox 569 298 1645 362">
     <span class='ocr_line' id='line_1_1' title="bbox 569 298 1645 362; baseline -0.011 0"><span class='ocrx_word' id='word_1_1' title='bbox 569 320 826 362; x_wconf 70' lang='lat' dir='ltr'><strong>VAnan</strong></span> <span class='ocrx_word' id='word_1_2' title='bbox 871 315 1115 355; x_wconf 80' lang='lat' dir='ltr'><strong>MAx1M1</strong></span> <span class='ocrx_word' id='word_1_3' title='bbox 1160 315 1278 353; x_wconf 76' lang='lat' dir='ltr'><strong>ms.</strong></span> <span class='ocrx_word' id='word_1_4' title='bbox 1309 312 1395 354; x_wconf 82' lang='lat' dir='ltr'><strong>lv.</strong></span> <span class='ocrx_word' id='word_1_5' title='bbox 1435 313 1568 352; x_wconf 79' lang='lat' dir='ltr'><strong>cAP.</strong></span> <span class='ocrx_word' id='word_1_6' title='bbox 1595 298 1645 350; x_wconf 90' lang='lat'><strong>1.</strong></span> 
     </span>
    </p>
   </div>
   <div class='ocr_carea' id='block_1_2' title="bbox 193 438 1102 3608">
    <p class='ocr_par' dir='ltr' id='par_1_2' title="bbox 193 438 1090 1959">
     <span class='ocr_line' id='line_1_2' title="bbox 194 438 1074 489; baseline -0.01 -2"><span class='ocrx_word' id='word_1_7' title='bbox 194 446 272 487; x_wconf 80' lang='lat' dir='ltr'><strong>bus</strong></span> <span class='ocrx_word' id='word_1_8' title='bbox 302 444 484 486; x_wconf 89' lang='lat' dir='ltr'><strong>hostium</strong></span> <span class='ocrx_word' id='word_1_9' title='bbox 515 447 616 482; x_wconf 86' lang='lat' dir='ltr'><strong>ante</strong></span> <span class='ocrx_word' id='word_1_10' title='bbox 644 452 812 482; x_wconf 87' lang='lat' dir='ltr'><strong>currum</strong></span> <span class='ocrx_word' id='word_1_11' title='bbox 834 438 958 487; x_wconf 84' lang='lat' dir='ltr'><strong>actis,</strong></span> <span class='ocrx_word' id='word_1_12' title='bbox 977 449 1074 489; x_wconf 88' lang='lat' dir='ltr'><strong>pro-</strong></span> 
     </span>
     <span class='ocr_line' id='line_1_3' title="bbox 193 500 1078 563; baseline -0.011 -14"><span class='ocrx_word' id='word_1_13' title='bbox 193 515 402 563; x_wconf 73' lang='lat' dir='ltr'><strong>sequente</strong></span> <span class='ocrx_word' id='word_1_14' title='bbox 454 506 649 548; x_wconf 85' lang='lat' dir='ltr'><strong>exercitu</strong></span> <span class='ocrx_word' id='word_1_15' title='bbox 702 504 869 544; x_wconf 79' lang='lat' dir='ltr'><strong>victore</strong></span> <span class='ocrx_word' id='word_1_16' title='bbox 926 500 1078 555; x_wconf 84' lang='lat' dir='ltr'><strong>praeda</strong></span> 
     </span>
     <span class='ocr_line' id='line_1_4' title="bbox 195 568 1077 623; baseline -0.009 -9"><span class='ocrx_word' id='word_1_17' title='bbox 195 572 602 623; x_wconf 87' lang='lat' dir='ltr'><strong>onusto,solenniter</strong></span> <span class='ocrx_word' id='word_1_18' title='bbox 613 568 909 622; x_wconf 87' lang='lat' dir='ltr'><strong>triumphavit,</strong></span> <span class='ocrx_word' id='word_1_19' title='bbox 923 574 968 607; x_wconf 92' lang='lat' dir='ltr'><strong>et</strong></span> <span class='ocrx_word' id='word_1_20' title='bbox 978 578 1077 607; x_wconf 84' lang='lat' dir='ltr'><strong>mox</strong></span> 
     </span>
     <span class='ocr_line' id='line_1_5' title="bbox 195 631 1080 688; baseline -0.009 -10"><span class='ocrx_word' id='word_1_21' title='bbox 195 638 470 688; x_wconf 79' lang='lat' dir='ltr'><strong>dictaturam,</strong></span> <span class='ocrx_word' id='word_1_22' title='bbox 485 648 611 688; x_wconf 88' lang='lat' dir='ltr'><strong>quam</strong></span> <span class='ocrx_word' id='word_1_23' title='bbox 631 638 879 674; x_wconf 83' lang='lat' dir='ltr'><strong>semestrem</strong></span> <span class='ocrx_word' id='word_1_24' title='bbox 893 631 1080 683; x_wconf 86' lang='lat' dir='ltr'><strong>accepit,</strong></span> 
     </span>
     <span class='ocr_line' id='line_1_6' title="bbox 195 693 1077 753; baseline -0.007 -14"><span class='ocrx_word' id='word_1_25' title='bbox 195 700 296 753; x_wconf 85' lang='lat' dir='ltr'><strong>quia</strong></span> <span class='ocrx_word' id='word_1_26' title='bbox 313 711 395 738; x_wconf 89' lang='lat' dir='ltr'><strong>non</strong></span> <span class='ocrx_word' id='word_1_27' title='bbox 405 699 497 750; x_wconf 89' lang='lat' dir='ltr'><strong>jam</strong></span> <span class='ocrx_word' id='word_1_28' title='bbox 517 698 696 750; x_wconf 84' lang='lat' dir='ltr'><strong>amplius</strong></span> <span class='ocrx_word' id='word_1_29' title='bbox 715 696 823 749; x_wconf 85' lang='lat' dir='ltr'><strong>reip.</strong></span> <span class='ocrx_word' id='word_1_30' title='bbox 842 693 1077 736; x_wconf 88' lang='lat' dir='ltr'><strong>necessari·</strong></span> 
     </span>
     <span class='ocr_line' id='line_1_7' title="bbox 197 758 1081 814; baseline -0.008 -9"><span class='ocrx_word' id='word_1_31' title='bbox 197 777 264 805; x_wconf 88' lang='lat' dir='ltr'><strong>am</strong></span> <span class='ocrx_word' id='word_1_32' title='bbox 279 763 547 814; x_wconf 85' lang='lat' dir='ltr'><strong>videbat,die</strong></span> <span class='ocrx_word' id='word_1_33' title='bbox 562 762 853 803; x_wconf 86' lang='lat' dir='ltr'><strong>sextodecimo</strong></span> <span class='ocrx_word' id='word_1_34' title='bbox 868 758 1081 812; x_wconf 84' lang='lat' dir='ltr'><strong>deposuit,</strong></span> 
     </span>
     <span class='ocr_line' id='line_1_8' title="bbox 198 824 1079 879; baseline -0.006 -12"><span class='ocrx_word' id='word_1_35' title='bbox 198 833 244 868; x_wconf 91' lang='lat' dir='ltr'><strong>et</strong></span> <span class='ocrx_word' id='word_1_36' title='bbox 264 827 316 867; x_wconf 89' lang='lat' dir='ltr'><strong>ad</strong></span> <span class='ocrx_word' id='word_1_37' title='bbox 338 839 484 879; x_wconf 84' lang='lat' dir='ltr'><strong>agrum</strong></span> <span class='ocrx_word' id='word_1_38' title='bbox 519 839 640 866; x_wconf 87' lang='lat' dir='ltr'><strong>suum</strong></span> <span class='ocrx_word' id='word_1_39' title='bbox 674 825 819 875; x_wconf 84' lang='lat' dir='ltr'><strong>rediit,</strong></span> <span class='ocrx_word' id='word_1_40' title='bbox 851 824 938 864; x_wconf 84' lang='lat' dir='ltr'><strong>dux</strong></span> <span class='ocrx_word' id='word_1_41' title='bbox 971 835 1079 876; x_wconf 89' lang='lat' dir='ltr'><strong>prae-</strong></span> 
     </span>
     <span class='ocr_line' id='line_1_9' title="bbox 198 889 1082 942; baseline -0.008 -10"><span class='ocrx_word' id='word_1_42' title='bbox 198 892 340 932; x_wconf 88' lang='lat' dir='ltr'><strong>clarus</strong></span> <span class='ocrx_word' id='word_1_43' title='bbox 373 896 418 931; x_wconf 88' lang='lat' dir='ltr'><strong>et</strong></span> <span class='ocrx_word' id='word_1_44' title='bbox 447 890 621 942; x_wconf 82' lang='lat' dir='ltr'><strong>insignis</strong></span> <span class='ocrx_word' id='word_1_45' title='bbox 657 890 863 941; x_wconf 84' lang='lat' dir='ltr'><strong>agricola.</strong></span> <span class='ocrx_word' id='word_1_46' title='bbox 918 889 1082 940; x_wconf 84' lang='lat' dir='ltr'><strong>Magna</strong></span> 
     </span>
     <span class='ocr_line' id='line_1_10' title="bbox 201 952 1080 1007; baseline -0.003 -13"><span class='ocrx_word' id='word_1_47' title='bbox 201 953 395 1007; x_wconf 84' lang='lat' dir='ltr'><strong>profecto</strong></span> <span class='ocrx_word' id='word_1_48' title='bbox 424 954 506 994; x_wconf 88' lang='lat' dir='ltr'><strong>viri</strong></span> <span class='ocrx_word' id='word_1_49' title='bbox 533 953 762 1003; x_wconf 89' lang='lat' dir='ltr'><strong>modestia,</strong></span> <span class='ocrx_word' id='word_1_50' title='bbox 795 952 865 1006; x_wconf 88' lang='lat' dir='ltr'><strong>qni</strong></span> <span class='ocrx_word' id='word_1_51' title='bbox 894 952 1080 992; x_wconf 88' lang='lat' dir='ltr'><strong>dictatu-</strong></span> 
     </span>
     <span class='ocr_line' id='line_1_11' title="bbox 202 1015 1080 1068; baseline -0.006 -10"><span class='ocrx_word' id='word_1_52' title='bbox 202 1029 291 1058; x_wconf 85' lang='lat' dir='ltr'><strong>ram</strong></span> <span class='ocrx_word' id='word_1_53' title='bbox 310 1023 411 1058; x_wconf 85' lang='lat' dir='ltr'><strong>ante</strong></span> <span class='ocrx_word' id='word_1_54' title='bbox 429 1016 668 1068; x_wconf 88' lang='lat' dir='ltr'><strong>legitimum</strong></span> <span class='ocrx_word' id='word_1_55' title='bbox 701 1021 870 1068; x_wconf 90' lang='lat' dir='ltr'><strong>tempus</strong></span> <span class='ocrx_word' id='word_1_56' title='bbox 901 1015 1080 1067; x_wconf 88' lang='lat' dir='ltr'><strong>deposu-</strong></span> 
     </span>
     <span class='ocr_line' id='line_1_12' title="bbox 202 1081 1083 1134; baseline -0.005 -11"><span class='ocrx_word' id='word_1_57' title='bbox 202 1083 311 1132; x_wconf 79' lang='lat' dir='ltr'><strong>erit3</strong></span> <span class='ocrx_word' id='word_1_58' title='bbox 349 1082 488 1134; x_wconf 84' lang='lat' dir='ltr'><strong>major</strong></span> <span class='ocrx_word' id='word_1_59' title='bbox 520 1092 637 1132; x_wconf 90' lang='lat' dir='ltr'><strong>vero,</strong></span> <span class='ocrx_word' id='word_1_60' title='bbox 672 1081 744 1133; x_wconf 90' lang='lat' dir='ltr'><strong>qui</strong></span> <span class='ocrx_word' id='word_1_61' title='bbox 781 1081 1083 1132; x_wconf 87' lang='lat' dir='ltr'><strong>magistratum</strong></span> 
     </span>
     <span class='ocr_line' id='line_1_13' title="bbox 202 1143 1083 1195; baseline -0.006 -8"><span class='ocrx_word' id='word_1_62' title='bbox 202 1147 456 1187; x_wconf 85' lang='lat' dir='ltr'><strong>continuare</strong></span> <span class='ocrx_word' id='word_1_63' title='bbox 487 1145 688 1185; x_wconf 85' lang='lat' dir='ltr'><strong>noluerit.</strong></span> <span class='ocrx_word' id='word_1_64' title='bbox 743 1143 863 1185; x_wconf 91' lang='lat' dir='ltr'><strong>Urbe</strong></span> <span class='ocrx_word' id='word_1_65' title='bbox 898 1154 1083 1195; x_wconf 87' lang='lat' dir='ltr'><strong>namque</strong></span> 
     </span>
     <span class='ocr_line' id='line_1_14' title="bbox 201 1205 1084 1258; baseline -0.007 -8"><span class='ocrx_word' id='word_1_66' title='bbox 201 1210 404 1250; x_wconf 86' lang='lat' dir='ltr'><strong>intestina</strong></span> <span class='ocrx_word' id='word_1_67' title='bbox 440 1207 657 1249; x_wconf 79' lang='lat' dir='ltr'><strong>discordia</strong></span> <span class='ocrx_word' id='word_1_68' title='bbox 691 1206 934 1257; x_wconf 83' lang='lat' dir='ltr'><strong>laborante,</strong></span> <span class='ocrx_word' id='word_1_69' title='bbox 971 1205 1084 1258; x_wconf 91' lang='lat' dir='ltr'><strong>quod</strong></span> 
     </span>
     <span class='ocr_line' id='line_1_15' title="bbox 202 1269 1085 1324; baseline -0.007 -11"><span class='ocrx_word' id='word_1_70' title='bbox 202 1269 394 1324; x_wconf 83' lang='lat' dir='ltr'><strong>tribunos</strong></span> <span class='ocrx_word' id='word_1_71' title='bbox 414 1271 552 1324; x_wconf 88' lang='lat' dir='ltr'><strong>plebis</strong></span> <span class='ocrx_word' id='word_1_72' title='bbox 570 1270 869 1323; x_wconf 86' lang='lat' dir='ltr'><strong>magistratum</strong></span> <span class='ocrx_word' id='word_1_73' title='bbox 889 1269 1085 1310; x_wconf 90' lang='lat' dir='ltr'><strong>continu-</strong></span> 
     </span>
     <span class='ocr_line' id='line_1_16' title="bbox 204 1334 1086 1389; baseline -0.007 -13"><span class='ocrx_word' id='word_1_74' title='bbox 204 1349 278 1376; x_wconf 85' lang='lat' dir='ltr'><strong>are</strong></span> <span class='ocrx_word' id='word_1_75' title='bbox 301 1335 490 1389; x_wconf 64' lang='lat' dir='ltr'><strong>,populus</strong></span> <span class='ocrx_word' id='word_1_76' title='bbox 503 1334 699 1386; x_wconf 89' lang='lat' dir='ltr'><strong>juberet,</strong></span> <span class='ocrx_word' id='word_1_77' title='bbox 720 1339 764 1374; x_wconf 91' lang='lat' dir='ltr'><strong>et</strong></span> <span class='ocrx_word' id='word_1_78' title='bbox 792 1334 977 1374; x_wconf 85' lang='lat' dir='ltr'><strong>Senatus</strong></span> <span class='ocrx_word' id='word_1_79' title='bbox 996 1343 1086 1371; x_wconf 89' lang='lat' dir='ltr'><strong>eos·</strong></span> 
     </span>
     <span class='ocr_line' id='line_1_17' title="bbox 204 1395 1086 1448; baseline -0.007 -8"><span class='ocrx_word' id='word_1_80' title='bbox 204 1399 303 1440; x_wconf 87' lang='lat' dir='ltr'><strong>dem</strong></span> <span class='ocrx_word' id='word_1_81' title='bbox 321 1399 517 1440; x_wconf 80' lang='lat' dir='ltr'><strong>consules</strong></span> <span class='ocrx_word' id='word_1_82' title='bbox 535 1398 675 1438; x_wconf 88' lang='lat' dir='ltr'><strong>creari</strong></span> <span class='ocrx_word' id='word_1_83' title='bbox 695 1398 843 1448; x_wconf 88' lang='lat' dir='ltr'><strong>vellet,</strong></span> <span class='ocrx_word' id='word_1_84' title='bbox 875 1401 1003 1448; x_wconf 85' lang='lat' dir='ltr'><strong>atque</strong></span> <span class='ocrx_word' id='word_1_85' title='bbox 1023 1395 1086 1447; x_wconf 91' lang='lat' dir='ltr'><strong>ip-</strong></span> 
     </span>
     <span class='ocr_line' id='line_1_18' title="bbox 207 1458 1087 1514; baseline -0.005 -12"><span class='ocrx_word' id='word_1_86' title='bbox 207 1474 300 1502; x_wconf 88' lang='lat' dir='ltr'><strong>sum</strong></span> <span class='ocrx_word' id='word_1_87' title='bbox 333 1460 537 1514; x_wconf 83' lang='lat' dir='ltr'><strong>imprimis</strong></span> <span class='ocrx_word' id='word_1_88' title='bbox 570 1460 821 1503; x_wconf 83' lang='lat' dir='ltr'><strong>Quinctium</strong></span> <span class='ocrx_word' id='word_1_89' title='bbox 859 1458 1087 1499; x_wconf 89' lang='lat' dir='ltr'><strong>Cincinna-</strong></span> 
     </span>
     <span class='ocr_line' id='line_1_19' title="bbox 207 1522 1090 1577; baseline -0.005 -11"><span class='ocrx_word' id='word_1_90' title='bbox 207 1532 314 1577; x_wconf 86' lang='lat' dir='ltr'><strong>tum,</strong></span> <span class='ocrx_word' id='word_1_91' title='bbox 331 1533 379 1566; x_wconf 88' lang='lat' dir='ltr'><strong>ut</strong></span> <span class='ocrx_word' id='word_1_92' title='bbox 406 1531 606 1566; x_wconf 88' lang='lat' dir='ltr'><strong>neutrum</strong></span> <span class='ocrx_word' id='word_1_93' title='bbox 626 1523 768 1574; x_wconf 82' lang='lat' dir='ltr'><strong>fieret,</strong></span> <span class='ocrx_word' id='word_1_94' title='bbox 787 1536 862 1564; x_wconf 88' lang='lat' dir='ltr'><strong>sua</strong></span> <span class='ocrx_word' id='word_1_95' title='bbox 878 1522 1090 1575; x_wconf 80' lang='lat' dir='ltr'><strong>sapientia</strong></span> 
     </span>
     <span class='ocr_line' id='line_1_20' title="bbox 208 1587 1090 1640; baseline -0.003 -12"><span class='ocrx_word' id='word_1_96' title='bbox 208 1588 426 1640; x_wconf 84' lang='lat' dir='ltr'><strong>providit3</strong></span> <span class='ocrx_word' id='word_1_97' title='bbox 466 1600 564 1627; x_wconf 87' lang='lat' dir='ltr'><strong>nam</strong></span> <span class='ocrx_word' id='word_1_98' title='bbox 605 1588 801 1640; x_wconf 86' lang='lat' dir='ltr'><strong>deposito</strong></span> <span class='ocrx_word' id='word_1_99' title='bbox 849 1587 1090 1636; x_wconf 86' lang='lat' dir='ltr'><strong>consulatu,</strong></span> 
     </span>
     <span class='ocr_line' id='line_1_21' title="bbox 208 1650 1089 1703; baseline -0.003 -11"><span class='ocrx_word' id='word_1_100' title='bbox 208 1652 368 1692; x_wconf 88' lang='lat' dir='ltr'><strong>tribuni</strong></span> <span class='ocrx_word' id='word_1_101' title='bbox 388 1652 647 1692; x_wconf 85' lang='lat' dir='ltr'><strong>verecundia</strong></span> <span class='ocrx_word' id='word_1_102' title='bbox 662 1653 786 1703; x_wconf 89' lang='lat' dir='ltr'><strong>moti,</strong></span> <span class='ocrx_word' id='word_1_103' title='bbox 801 1664 846 1691; x_wconf 89' lang='lat' dir='ltr'><strong>se</strong></span> <span class='ocrx_word' id='word_1_104' title='bbox 863 1662 987 1703; x_wconf 90' lang='lat' dir='ltr'><strong>quam</strong></span> <span class='ocrx_word' id='word_1_105' title='bbox 1005 1650 1089 1702; x_wconf 87' lang='lat' dir='ltr'><strong>pri-</strong></span> 
     </span>
     <span class='ocr_line' id='line_1_22' title="bbox 208 1714 1090 1767; baseline -0.005 -10"><span class='ocrx_word' id='word_1_106' title='bbox 208 1730 321 1757; x_wconf 85' lang='lat' dir='ltr'><strong>mum</strong></span> <span class='ocrx_word' id='word_1_107' title='bbox 357 1730 382 1756; x_wconf 90' lang='lat' dir='ltr'><strong>a</strong></span> <span class='ocrx_word' id='word_1_108' title='bbox 407 1715 632 1757; x_wconf 88' lang='lat' dir='ltr'><strong>tribunitia</strong></span> <span class='ocrx_word' id='word_1_109' title='bbox 665 1720 879 1767; x_wconf 82' lang='lat' dir='ltr'><strong>potestate</strong></span> <span class='ocrx_word' id='word_1_110' title='bbox 917 1714 1090 1754; x_wconf 86' lang='lat' dir='ltr'><strong>abdica-</strong></span> 
     </span>
     <span class='ocr_line' id='line_1_23' title="bbox 208 1777 1090 1832; baseline -0.005 -12"><span class='ocrx_word' id='word_1_111' title='bbox 208 1785 325 1832; x_wconf 84' lang='lat' dir='ltr'><strong>runt,</strong></span> <span class='ocrx_word' id='word_1_112' title='bbox 361 1786 410 1821; x_wconf 88' lang='lat' dir='ltr'><strong>et</strong></span> <span class='ocrx_word' id='word_1_113' title='bbox 445 1781 509 1820; x_wconf 88' lang='lat' dir='ltr'><strong>ita</strong></span> <span class='ocrx_word' id='word_1_114' title='bbox 542 1778 840 1820; x_wconf 88' lang='lat' dir='ltr'><strong>moderatione</strong></span> <span class='ocrx_word' id='word_1_115' title='bbox 873 1790 949 1817; x_wconf 85' lang='lat' dir='ltr'><strong>sua</strong></span> <span class='ocrx_word' id='word_1_116' title='bbox 984 1777 1090 1818; x_wconf 87' lang='lat' dir='ltr'><strong>nihil</strong></span> 
     </span>
     <span class='ocr_line' id='line_1_24' title="bbox 209 1841 1089 1896; baseline -0.005 -12"><span class='ocrx_word' id='word_1_117' title='bbox 209 1850 359 1886; x_wconf 87' lang='lat' dir='ltr'><strong>contra</strong></span> <span class='ocrx_word' id='word_1_118' title='bbox 379 1845 516 1896; x_wconf 73' lang='lat' dir='ltr'><strong>leges,</strong></span> <span class='ocrx_word' id='word_1_119' title='bbox 549 1856 599 1884; x_wconf 92' lang='lat' dir='ltr'><strong>ac</strong></span> <span class='ocrx_word' id='word_1_120' title='bbox 633 1843 964 1895; x_wconf 79' lang='lat' dir='ltr'><strong>reprehensione</strong></span> <span class='ocrx_word' id='word_1_121' title='bbox 997 1841 1089 1894; x_wconf 86' lang='lat' dir='ltr'><strong>dig-</strong></span> 
     </span>
     <span class='ocr_line' id='line_1_25' title="bbox 208 1906 882 1959; baseline -0.004 -12"><span class='ocrx_word' id='word_1_122' title='bbox 208 1919 310 1948; x_wconf 88' lang='lat' dir='ltr'><strong>num</strong></span> <span class='ocrx_word' id='word_1_123' title='bbox 329 1906 424 1947; x_wconf 86' lang='lat' dir='ltr'><strong>fieri</strong></span> <span class='ocrx_word' id='word_1_124' title='bbox 443 1919 593 1959; x_wconf 87' lang='lat' dir='ltr'><strong>passus</strong></span> <span class='ocrx_word' id='word_1_125' title='bbox 614 1912 697 1946; x_wconf 90' lang='lat' dir='ltr'><strong>est.</strong></span> <span class='ocrx_word' id='word_1_126' title='bbox 730 1906 882 1945; x_wconf 81' lang='lat' dir='ltr'><strong>Oliver.</strong></span> 
     </span>
    </p>

    <p class='ocr_par' dir='ltr' id='par_1_3' title="bbox 209 1970 1090 2213">
     <span class='ocr_line' id='line_1_26' title="bbox 267 1970 1090 2022; baseline -0.005 -11"><span class='ocrx_word' id='word_1_127' title='bbox 267 1970 520 2011; x_wconf 76' lang='lat' dir='ltr'><strong>Verecundioe</strong></span> <span class='ocrx_word' id='word_1_128' title='bbox 553 1970 652 2022; x_wconf 82' lang='lat' dir='ltr'><strong>suoe]</strong></span> <span class='ocrx_word' id='word_1_129' title='bbox 702 1970 814 2010; x_wconf 91' lang='lat' dir='ltr'><strong>Nam</strong></span> <span class='ocrx_word' id='word_1_130' title='bbox 842 1981 938 2008; x_wconf 91' lang='lat' dir='ltr'><strong>cum</strong></span> <span class='ocrx_word' id='word_1_131' title='bbox 975 1980 1090 2020; x_wconf 85' lang='lat' dir='ltr'><strong>spre-</strong></span> 
     </span>
     <span class='ocr_line' id='line_1_27' title="bbox 209 2032 1090 2086; baseline -0.005 -11"><span class='ocrx_word' id='word_1_132' title='bbox 209 2035 345 2075; x_wconf 83' lang='lat' dir='ltr'><strong>visset</strong></span> <span class='ocrx_word' id='word_1_133' title='bbox 382 2035 665 2086; x_wconf 81' lang='lat' dir='ltr'><strong>consulatum,</strong></span> <span class='ocrx_word' id='word_1_134' title='bbox 700 2034 863 2086; x_wconf 89' lang='lat' dir='ltr'><strong>pudore</strong></span> <span class='ocrx_word' id='word_1_135' title='bbox 905 2032 1090 2085; x_wconf 88' lang='lat' dir='ltr'><strong>quodam</strong></span> 
     </span>
     <span class='ocr_line' id='line_1_28' title="bbox 212 2094 1090 2148; baseline -0.005 -10"><span class='ocrx_word' id='word_1_136' title='bbox 212 2097 414 2138; x_wconf 87' lang='lat' dir='ltr'><strong>deterriti</strong></span> <span class='ocrx_word' id='word_1_137' title='bbox 441 2103 543 2137; x_wconf 89' lang='lat' dir='ltr'><strong>sunt</strong></span> <span class='ocrx_word' id='word_1_138' title='bbox 574 2096 736 2136; x_wconf 90' lang='lat' dir='ltr'><strong>tribuni</strong></span> <span class='ocrx_word' id='word_1_139' title='bbox 754 2095 892 2148; x_wconf 88' lang='lat' dir='ltr'><strong>plebis</strong></span> <span class='ocrx_word' id='word_1_140' title='bbox 913 2107 938 2135; x_wconf 89' lang='lat' dir='ltr'><strong>a</strong></span> <span class='ocrx_word' id='word_1_141' title='bbox 956 2094 1090 2135; x_wconf 90' lang='lat' dir='ltr'><strong>conti-</strong></span> 
     </span>
     <span class='ocr_line' id='line_1_29' title="bbox 212 2161 724 2213; baseline -0.002 -13"><span class='ocrx_word' id='word_1_142' title='bbox 212 2161 416 2201; x_wconf 88' lang='lat' dir='ltr'><strong>nuatione</strong></span> <span class='ocrx_word' id='word_1_143' title='bbox 434 2161 724 2213; x_wconf 86' lang='lat' dir='ltr'><strong>magistratus.</strong></span> 
     </span>
    </p>

    <p class='ocr_par' dir='ltr' id='par_1_4' title="bbox 214 2220 1102 3608">
     <span class='ocr_line' id='line_1_30' title="bbox 266 2220 1095 2276; baseline -0.001 -13"><span class='ocrx_word' id='word_1_144' title='bbox 266 2225 334 2276; x_wconf 71' lang='lat'><strong>§5</strong></span> <span class='ocrx_word' id='word_1_145' title='bbox 366 2223 516 2264; x_wconf 77' lang='lat' dir='ltr'><strong>Fabius</strong></span> <span class='ocrx_word' id='word_1_146' title='bbox 531 2236 621 2264; x_wconf 79' lang='lat' dir='ltr'><strong>vero</strong></span> <span class='ocrx_word' id='word_1_147' title='bbox 648 2221 872 2273; x_wconf 76' lang='lat' dir='ltr'><strong>Maximus]</strong></span> <span class='ocrx_word' id='word_1_148' title='bbox 917 2220 1018 2271; x_wconf 90' lang='lat' dir='ltr'><strong>Hic,</strong></span> <span class='ocrx_word' id='word_1_149' title='bbox 1047 2226 1095 2262; x_wconf 90' lang='lat' dir='ltr'><strong>ut</strong></span> 
     </span>
     <span class='ocr_line' id='line_1_31' title="bbox 215 2283 1095 2338; baseline -0.002 -13"><span class='ocrx_word' id='word_1_150' title='bbox 215 2285 414 2338; x_wconf 82' lang='lat' dir='ltr'><strong>diximus,</strong></span> <span class='ocrx_word' id='word_1_151' title='bbox 428 2285 513 2326; x_wconf 82' lang='lat' dir='ltr'><strong>fnit</strong></span> <span class='ocrx_word' id='word_1_152' title='bbox 531 2287 636 2338; x_wconf 87' lang='lat' dir='ltr'><strong>reip.</strong></span> <span class='ocrx_word' id='word_1_153' title='bbox 664 2286 787 2326; x_wconf 88' lang='lat' dir='ltr'><strong>Rom.</strong></span> <span class='ocrx_word' id='word_1_154' title='bbox 805 2284 850 2323; x_wconf 90' lang='lat' dir='ltr'><strong>in</strong></span> <span class='ocrx_word' id='word_1_155' title='bbox 874 2284 999 2324; x_wconf 90' lang='lat' dir='ltr'><strong>rebus</strong></span> <span class='ocrx_word' id='word_1_156' title='bbox 1020 2283 1095 2323; x_wconf 92' lang='lat' dir='ltr'><strong>du-</strong></span> 
     </span>
     <span class='ocr_line' id='line_1_32' title="bbox 214 2347 1097 2399; baseline -0.001 -11"><span class='ocrx_word' id='word_1_157' title='bbox 214 2350 275 2389; x_wconf 87' lang='lat' dir='ltr'><strong>ris</strong></span> <span class='ocrx_word' id='word_1_158' title='bbox 305 2355 351 2390; x_wconf 88' lang='lat' dir='ltr'><strong>et</strong></span> <span class='ocrx_word' id='word_1_159' title='bbox 383 2348 551 2389; x_wconf 85' lang='lat' dir='ltr'><strong>afflictis</strong></span> <span class='ocrx_word' id='word_1_160' title='bbox 586 2349 755 2388; x_wconf 88' lang='lat' dir='ltr'><strong>unicum</strong></span> <span class='ocrx_word' id='word_1_161' title='bbox 782 2349 994 2397; x_wconf 86' lang='lat' dir='ltr'><strong>levamen,</strong></span> <span class='ocrx_word' id='word_1_162' title='bbox 1024 2347 1097 2399; x_wconf 92' lang='lat' dir='ltr'><strong>qui</strong></span> 
     </span>
     <span class='ocr_line' id='line_1_33' title="bbox 216 2410 1098 2466; baseline -0.002 -13"><span class='ocrx_word' id='word_1_163' title='bbox 216 2414 313 2466; x_wconf 88' lang='lat' dir='ltr'><strong>plus</strong></span> <span class='ocrx_word' id='word_1_164' title='bbox 342 2412 436 2465; x_wconf 88' lang='lat' dir='ltr'><strong>opis</strong></span> <span class='ocrx_word' id='word_1_165' title='bbox 467 2412 648 2453; x_wconf 87' lang='lat' dir='ltr'><strong>consilio</strong></span> <span class='ocrx_word' id='word_1_166' title='bbox 674 2418 719 2452; x_wconf 90' lang='lat' dir='ltr'><strong>et</strong></span> <span class='ocrx_word' id='word_1_167' title='bbox 753 2411 985 2464; x_wconf 79' lang='lat' dir='ltr'><strong>prudentia</strong></span> <span class='ocrx_word' id='word_1_168' title='bbox 1002 2410 1098 2451; x_wconf 88' lang='lat' dir='ltr'><strong>hos-</strong></span> 
     </span>
     <span class='ocr_line' id='line_1_34' title="bbox 218 2474 1097 2529; baseline -0.001 -13"><span class='ocrx_word' id='word_1_169' title='bbox 218 2483 305 2517; x_wconf 85' lang='lat' dir='ltr'><strong>tem</strong></span> <span class='ocrx_word' id='word_1_170' title='bbox 324 2476 575 2529; x_wconf 81' lang='lat' dir='ltr'><strong>subigendo,</strong></span> <span class='ocrx_word' id='word_1_171' title='bbox 595 2488 720 2529; x_wconf 89' lang='lat' dir='ltr'><strong>quam</strong></span> <span class='ocrx_word' id='word_1_172' title='bbox 742 2476 813 2516; x_wconf 89' lang='lat' dir='ltr'><strong>alii</strong></span> <span class='ocrx_word' id='word_1_173' title='bbox 841 2475 1014 2516; x_wconf 84' lang='lat' dir='ltr'><strong>fortiter</strong></span> <span class='ocrx_word' id='word_1_174' title='bbox 1033 2474 1097 2515; x_wconf 86' lang='lat' dir='ltr'><strong>di-</strong></span> 
     </span>
     <span class='ocr_line' id='line_1_35' title="bbox 217 2539 1099 2592; baseline 0 -12"><span class='ocrx_word' id='word_1_175' title='bbox 217 2539 436 2592; x_wconf 88' lang='lat' dir='ltr'><strong>micando,</strong></span> <span class='ocrx_word' id='word_1_176' title='bbox 480 2540 632 2592; x_wconf 88' lang='lat' dir='ltr'><strong>patriae</strong></span> <span class='ocrx_word' id='word_1_177' title='bbox 672 2540 870 2581; x_wconf 88' lang='lat' dir='ltr'><strong>attulisse</strong></span> <span class='ocrx_word' id='word_1_178' title='bbox 911 2539 1099 2581; x_wconf 88' lang='lat' dir='ltr'><strong>videtur.</strong></span> 
     </span>
     <span class='ocr_line' id='line_1_36' title="bbox 217 2603 1099 2656; baseline -0.002 -11"><span class='ocrx_word' id='word_1_179' title='bbox 217 2604 387 2645; x_wconf 84' lang='lat' dir='ltr'><strong>Primus</strong></span> <span class='ocrx_word' id='word_1_180' title='bbox 407 2604 520 2644; x_wconf 90' lang='lat' dir='ltr'><strong>enim</strong></span> <span class='ocrx_word' id='word_1_181' title='bbox 539 2603 687 2644; x_wconf 89' lang='lat' dir='ltr'><strong>docuit</strong></span> <span class='ocrx_word' id='word_1_182' title='bbox 709 2603 972 2656; x_wconf 86' lang='lat' dir='ltr'><strong>Sapientiam</strong></span> <span class='ocrx_word' id='word_1_183' title='bbox 994 2616 1099 2644; x_wconf 89' lang='lat' dir='ltr'><strong>nun-</strong></span> 
     </span>
     <span class='ocr_line' id='line_1_37' title="bbox 217 2666 1100 2720; baseline 0.001 -14"><span class='ocrx_word' id='word_1_184' title='bbox 217 2679 342 2720; x_wconf 88' lang='lat' dir='ltr'><strong>quam</strong></span> <span class='ocrx_word' id='word_1_185' title='bbox 373 2677 468 2707; x_wconf 90' lang='lat' dir='ltr'><strong>cum</strong></span> <span class='ocrx_word' id='word_1_186' title='bbox 504 2666 752 2707; x_wconf 82' lang='lat' dir='ltr'><strong>temeritate</strong></span> <span class='ocrx_word' id='word_1_187' title='bbox 779 2666 1000 2719; x_wconf 85' lang='lat' dir='ltr'><strong>conjungi,</strong></span> <span class='ocrx_word' id='word_1_188' title='bbox 1026 2679 1100 2707; x_wconf 90' lang='lat' dir='ltr'><strong>ne-</strong></span> 
     </span>
     <span class='ocr_line' id='line_1_38' title="bbox 219 2729 1098 2782; baseline -0.001 -12"><span class='ocrx_word' id='word_1_189' title='bbox 219 2741 301 2782; x_wconf 89' lang='lat' dir='ltr'><strong>que</strong></span> <span class='ocrx_word' id='word_1_190' title='bbox 321 2729 374 2770; x_wconf 88' lang='lat' dir='ltr'><strong>ad</strong></span> <span class='ocrx_word' id='word_1_191' title='bbox 409 2729 631 2771; x_wconf 90' lang='lat' dir='ltr'><strong>consilium</strong></span> <span class='ocrx_word' id='word_1_192' title='bbox 661 2741 787 2769; x_wconf 86' lang='lat' dir='ltr'><strong>casus</strong></span> <span class='ocrx_word' id='word_1_193' title='bbox 819 2729 1006 2781; x_wconf 87' lang='lat' dir='ltr'><strong>admitti,</strong></span> <span class='ocrx_word' id='word_1_194' title='bbox 1023 2730 1098 2769; x_wconf 87' lang='lat' dir='ltr'><strong>sed</strong></span> 
     </span>
     <span class='ocr_line' id='line_1_39' title="bbox 217 2789 1095 2846; baseline 0 -12"><span class='ocrx_word' id='word_1_195' title='bbox 217 2794 424 2835; x_wconf 84' lang='lat' dir='ltr'><strong>rationem</strong></span> <span class='ocrx_word' id='word_1_196' title='bbox 456 2789 625 2846; x_wconf 68' lang='lat' dir='ltr'><strong>semper</strong></span> <span class='ocrx_word' id='word_1_197' title='bbox 654 2791 837 2833; x_wconf 55' lang='lat' dir='ltr'><strong>fortunae</strong></span> <span class='ocrx_word' id='word_1_198' title='bbox 871 2793 1095 2834; x_wconf 89' lang='lat' dir='ltr'><strong>dominari.</strong></span> 
     </span>
     <span class='ocr_line' id='line_1_40' title="bbox 218 2856 1096 2910; baseline -0.002 -12"><span class='ocrx_word' id='word_1_199' title='bbox 218 2858 316 2898; x_wconf 84' lang='lat' dir='ltr'><strong>Nou</strong></span> <span class='ocrx_word' id='word_1_200' title='bbox 336 2863 404 2898; x_wconf 89' lang='lat' dir='ltr'><strong>est</strong></span> <span class='ocrx_word' id='word_1_201' title='bbox 435 2857 568 2910; x_wconf 88' lang='lat' dir='ltr'><strong>igitur</strong></span> <span class='ocrx_word' id='word_1_202' title='bbox 586 2856 709 2909; x_wconf 86' lang='lat' dir='ltr'><strong>hujus</strong></span> <span class='ocrx_word' id='word_1_203' title='bbox 724 2856 807 2896; x_wconf 89' lang='lat' dir='ltr'><strong>viri</strong></span> <span class='ocrx_word' id='word_1_204' title='bbox 826 2856 1006 2897; x_wconf 85' lang='lat' dir='ltr'><strong>historia</strong></span> <span class='ocrx_word' id='word_1_205' title='bbox 1030 2868 1096 2896; x_wconf 87' lang='lat' dir='ltr'><strong>re-</strong></span> 
     </span>
     <span class='ocr_line' id='line_1_41' title="bbox 219 2919 1096 2973; baseline 0.002 -14"><span class='ocrx_word' id='word_1_206' title='bbox 219 2919 424 2972; x_wconf 90' lang='lat' dir='ltr'><strong>petenda,</strong></span> <span class='ocrx_word' id='word_1_207' title='bbox 461 2920 537 2960; x_wconf 89' lang='lat' dir='ltr'><strong>sed</strong></span> <span class='ocrx_word' id='word_1_208' title='bbox 570 2920 686 2973; x_wconf 89' lang='lat' dir='ltr'><strong>quod</strong></span> <span class='ocrx_word' id='word_1_209' title='bbox 721 2920 774 2960; x_wconf 88' lang='lat' dir='ltr'><strong>ad</strong></span> <span class='ocrx_word' id='word_1_210' title='bbox 804 2921 918 2961; x_wconf 84' lang='lat' dir='ltr'><strong>bunc</strong></span> <span class='ocrx_word' id='word_1_211' title='bbox 954 2923 1096 2961; x_wconf 84' lang='lat' dir='ltr'><strong>locum</strong></span> 
     </span>
     <span class='ocr_line' id='line_1_42' title="bbox 220 2983 1097 3035; baseline 0.001 -12"><span class='ocrx_word' id='word_1_212' title='bbox 220 2983 426 3034; x_wconf 88' lang='lat' dir='ltr'><strong>pertinet,</strong></span> <span class='ocrx_word' id='word_1_213' title='bbox 443 2983 535 3035; x_wconf 86' lang='lat' dir='ltr'><strong>ejus</strong></span> <span class='ocrx_word' id='word_1_214' title='bbox 553 2988 703 3035; x_wconf 87' lang='lat' dir='ltr'><strong>pectus</strong></span> <span class='ocrx_word' id='word_1_215' title='bbox 720 2989 843 3024; x_wconf 89' lang='lat' dir='ltr'><strong>tanta</strong></span> <span class='ocrx_word' id='word_1_216' title='bbox 857 2983 938 3024; x_wconf 85' lang='lat' dir='ltr'><strong>fnit</strong></span> <span class='ocrx_word' id='word_1_217' title='bbox 952 2983 1097 3024; x_wconf 87' lang='lat' dir='ltr'><strong>mode-</strong></span> 
     </span>
     <span class='ocr_line' id='line_1_43' title="bbox 219 3046 1098 3098; baseline 0.001 -12"><span class='ocrx_word' id='word_1_218' title='bbox 219 3046 386 3086; x_wconf 80' lang='lat' dir='ltr'><strong>ratione</strong></span> <span class='ocrx_word' id='word_1_219' title='bbox 404 3046 676 3098; x_wconf 89' lang='lat' dir='ltr'><strong>instructum,</strong></span> <span class='ocrx_word' id='word_1_220' title='bbox 694 3053 743 3086; x_wconf 90' lang='lat' dir='ltr'><strong>ut</strong></span> <span class='ocrx_word' id='word_1_221' title='bbox 764 3047 895 3087; x_wconf 90' lang='lat' dir='ltr'><strong>etiam</strong></span> <span class='ocrx_word' id='word_1_222' title='bbox 914 3046 1098 3087; x_wconf 84' lang='lat' dir='ltr'><strong>affectus</strong></span> 
     </span>
     <span class='ocr_line' id='line_1_44' title="bbox 220 3110 1099 3163; baseline 0.006 -14"><span class='ocrx_word' id='word_1_223' title='bbox 220 3114 437 3162; x_wconf 85' lang='lat' dir='ltr'><strong>paternos,</strong></span> <span class='ocrx_word' id='word_1_224' title='bbox 463 3110 535 3163; x_wconf 90' lang='lat' dir='ltr'><strong>qui</strong></span> <span class='ocrx_word' id='word_1_225' title='bbox 549 3111 767 3152; x_wconf 88' lang='lat' dir='ltr'><strong>interdum</strong></span> <span class='ocrx_word' id='word_1_226' title='bbox 786 3112 903 3152; x_wconf 90' lang='lat' dir='ltr'><strong>nimii</strong></span> <span class='ocrx_word' id='word_1_227' title='bbox 918 3125 1015 3153; x_wconf 84' lang='lat' dir='ltr'><strong>esse</strong></span> <span class='ocrx_word' id='word_1_228' title='bbox 1035 3126 1099 3154; x_wconf 85' lang='lat' dir='ltr'><strong>so-</strong></span> 
     </span>
     <span class='ocr_line' id='line_1_45' title="bbox 219 3171 1099 3226; baseline 0.006 -14"><span class='ocrx_word' id='word_1_229' title='bbox 219 3171 328 3223; x_wconf 89' lang='lat' dir='ltr'><strong>lent,</strong></span> <span class='ocrx_word' id='word_1_230' title='bbox 353 3185 555 3226; x_wconf 85' lang='lat' dir='ltr'><strong>superare</strong></span> <span class='ocrx_word' id='word_1_231' title='bbox 584 3175 790 3226; x_wconf 86' lang='lat' dir='ltr'><strong>potuerit.</strong></span> <span class='ocrx_word' id='word_1_232' title='bbox 848 3176 956 3216; x_wconf 90' lang='lat' dir='ltr'><strong>Cum</strong></span> <span class='ocrx_word' id='word_1_233' title='bbox 985 3177 1099 3217; x_wconf 89' lang='lat' dir='ltr'><strong>enim</strong></span> 
     </span>
     <span class='ocr_line' id='line_1_46' title="bbox 221 3233 1100 3292; baseline 0.007 -18"><span class='ocrx_word' id='word_1_234' title='bbox 221 3233 311 3276; x_wconf 87' lang='lat' dir='ltr'><strong>filio</strong></span> <span class='ocrx_word' id='word_1_235' title='bbox 332 3237 423 3277; x_wconf 89' lang='lat' dir='ltr'><strong>viro</strong></span> <span class='ocrx_word' id='word_1_236' title='bbox 441 3237 706 3279; x_wconf 88' lang='lat' dir='ltr'><strong>nobilissimo</strong></span> <span class='ocrx_word' id='word_1_237' title='bbox 726 3245 772 3279; x_wconf 92' lang='lat' dir='ltr'><strong>et</strong></span> <span class='ocrx_word' id='word_1_238' title='bbox 791 3239 994 3292; x_wconf 87' lang='lat' dir='ltr'><strong>singulari</strong></span> <span class='ocrx_word' id='word_1_239' title='bbox 1014 3241 1100 3280; x_wconf 90' lang='lat' dir='ltr'><strong>vir-</strong></span> 
     </span>
     <span class='ocr_line' id='line_1_47' title="bbox 224 3300 1101 3351; baseline 0.009 -14"><span class='ocrx_word' id='word_1_240' title='bbox 224 3303 318 3338; x_wconf 87' lang='lat' dir='ltr'><strong>tute</strong></span> <span class='ocrx_word' id='word_1_241' title='bbox 345 3300 529 3351; x_wconf 87' lang='lat' dir='ltr'><strong>praedito</strong></span> <span class='ocrx_word' id='word_1_242' title='bbox 559 3303 802 3342; x_wconf 83' lang='lat' dir='ltr'><strong>consulatus</strong></span> <span class='ocrx_word' id='word_1_243' title='bbox 837 3315 998 3344; x_wconf 89' lang='lat' dir='ltr'><strong>summo</strong></span> <span class='ocrx_word' id='word_1_244' title='bbox 1015 3316 1101 3344; x_wconf 92' lang='lat' dir='ltr'><strong>om·</strong></span> 
     </span>
     <span class='ocr_line' id='line_1_48' title="bbox 222 3360 1101 3419; baseline 0.009 -20"><span class='ocrx_word' id='word_1_245' title='bbox 222 3360 339 3403; x_wconf 79' lang='lat' dir='ltr'><strong>nium</strong></span> <span class='ocrx_word' id='word_1_246' title='bbox 358 3374 566 3403; x_wconf 86' lang='lat' dir='ltr'><strong>consensu</strong></span> <span class='ocrx_word' id='word_1_247' title='bbox 593 3365 923 3419; x_wconf 83' lang='lat' dir='ltr'><strong>certissimisque</strong></span> <span class='ocrx_word' id='word_1_248' title='bbox 952 3365 1101 3409; x_wconf 80' lang='lat' dir='ltr'><strong>suffra-</strong></span> 
     </span>
     <span class='ocr_line' id='line_1_49' title="bbox 227 3422 1100 3481; baseline 0.009 -19"><span class='ocrx_word' id='word_1_249' title='bbox 227 3422 306 3474; x_wconf 81' lang='lat' dir='ltr'><strong>giis</strong></span> <span class='ocrx_word' id='word_1_250' title='bbox 323 3437 350 3464; x_wconf 85' lang='lat' dir='ltr'><strong>a</strong></span> <span class='ocrx_word' id='word_1_251' title='bbox 367 3427 524 3477; x_wconf 86' lang='lat' dir='ltr'><strong>populo</strong></span> <span class='ocrx_word' id='word_1_252' title='bbox 544 3427 893 3479; x_wconf 86' lang='lat' dir='ltr'><strong>demandaretur,</strong></span> <span class='ocrx_word' id='word_1_253' title='bbox 912 3441 996 3481; x_wconf 90' lang='lat' dir='ltr'><strong>quo</strong></span> <span class='ocrx_word' id='word_1_254' title='bbox 1025 3431 1100 3469; x_wconf 89' lang='lat' dir='ltr'><strong>mi·</strong></span> 
     </span>
     <span class='ocr_line' id='line_1_50' title="bbox 227 3487 1102 3545; baseline 0.008 -18"><span class='ocrx_word' id='word_1_255' title='bbox 227 3499 306 3528; x_wconf 85' lang='lat' dir='ltr'><strong>nus</strong></span> <span class='ocrx_word' id='word_1_256' title='bbox 343 3487 482 3541; x_wconf 86' lang='lat' dir='ltr'><strong>fieret,</strong></span> <span class='ocrx_word' id='word_1_257' title='bbox 526 3504 690 3532; x_wconf 88' lang='lat' dir='ltr'><strong>summo</strong></span> <span class='ocrx_word' id='word_1_258' title='bbox 733 3493 874 3533; x_wconf 90' lang='lat' dir='ltr'><strong>studio</strong></span> <span class='ocrx_word' id='word_1_259' title='bbox 921 3494 1102 3545; x_wconf 87' lang='lat' dir='ltr'><strong>curavit,</strong></span> 
     </span>
     <span class='ocr_line' id='line_1_51' title="bbox 229 3551 1101 3608; baseline 0.009 -18"><span class='ocrx_word' id='word_1_260' title='bbox 229 3551 343 3604; x_wconf 90' lang='lat' dir='ltr'><strong>quod</strong></span> <span class='ocrx_word' id='word_1_261' title='bbox 362 3552 538 3607; x_wconf 85' lang='lat' dir='ltr'><strong>diceret,</strong></span> <span class='ocrx_word' id='word_1_262' title='bbox 570 3567 738 3608; x_wconf 83' lang='lat' dir='ltr'><strong>aequum</strong></span> <span class='ocrx_word' id='word_1_263' title='bbox 771 3568 883 3608; x_wconf 89' lang='lat' dir='ltr'><strong>esse,</strong></span> <span class='ocrx_word' id='word_1_264' title='bbox 899 3555 1101 3598; x_wconf 87' lang='lat' dir='ltr'><strong>familiam</strong></span> 
     </span>
    </p>
   </div>
   <div class='ocr_carea' id='block_1_3' title="bbox 1872 298 2016 352">
    <p class='ocr_par' dir='ltr' id='par_1_5' title="bbox 1872 298 2016 352">
     <span class='ocr_line' id='line_1_52' title="bbox 1872 298 2016 352; baseline 0.021 -3"><span class='ocrx_word' id='word_1_265' title='bbox 1872 298 2016 352; x_wconf 74' lang='lat'>1123</span> 
     </span>
    </p>
   </div>
   <div class='ocr_carea' id='block_1_4' title="bbox 1136 430 2058 3600">
    <p class='ocr_par' dir='ltr' id='par_1_6' title="bbox 1136 430 2024 678">
     <span class='ocr_line' id='line_1_53' title="bbox 1136 430 2018 487; baseline -0.008 -12"><span class='ocrx_word' id='word_1_266' title='bbox 1136 431 1271 481; x_wconf 86' lang='lat' dir='ltr'><strong>suam,</strong></span> <span class='ocrx_word' id='word_1_267' title='bbox 1304 432 1400 487; x_wconf 84' lang='lat' dir='ltr'><strong>q&#39;uae</strong></span> <span class='ocrx_word' id='word_1_268' title='bbox 1436 446 1515 487; x_wconf 85' lang='lat' dir='ltr'><strong>per</strong></span> <span class='ocrx_word' id='word_1_269' title='bbox 1552 433 1708 473; x_wconf 82' lang='lat' dir='ltr'><strong>multos</strong></span> <span class='ocrx_word' id='word_1_270' title='bbox 1741 430 1870 471; x_wconf 90' lang='lat' dir='ltr'><strong>ducta</strong></span> <span class='ocrx_word' id='word_1_271' title='bbox 1905 430 2018 469; x_wconf 84' lang='lat' dir='ltr'><strong>viros</strong></span> 
     </span>
     <span class='ocr_line' id='line_1_54' title="bbox 1137 492 2022 552; baseline -0.009 -13"><span class='ocrx_word' id='word_1_272' title='bbox 1137 500 1311 552; x_wconf 87' lang='lat' dir='ltr'><strong>antiqua</strong></span> <span class='ocrx_word' id='word_1_273' title='bbox 1345 501 1398 541; x_wconf 88' lang='lat' dir='ltr'><strong>ab</strong></span> <span class='ocrx_word' id='word_1_274' title='bbox 1430 498 1592 550; x_wconf 85' lang='lat' dir='ltr'><strong>origine</strong></span> <span class='ocrx_word' id='word_1_275' title='bbox 1636 495 1776 549; x_wconf 88' lang='lat' dir='ltr'><strong>gentis</strong></span> <span class='ocrx_word' id='word_1_276' title='bbox 1813 492 2022 546; x_wconf 88' lang='lat' dir='ltr'><strong>ejusmodi</strong></span> 
     </span>
     <span class='ocr_line' id='line_1_55' title="bbox 1136 558 2022 615; baseline -0.009 -13"><span class='ocrx_word' id='word_1_277' title='bbox 1136 563 1318 603; x_wconf 88' lang='lat' dir='ltr'><strong>honores</strong></span> <span class='ocrx_word' id='word_1_278' title='bbox 1362 561 1671 615; x_wconf 85' lang='lat' dir='ltr'><strong>propemodum</strong></span> <span class='ocrx_word' id='word_1_279' title='bbox 1709 558 2022 604; x_wconf 81' lang='lat' dir='ltr'><strong>continuasset,</strong></span> 
     </span>
     <span class='ocr_line' id='line_1_56' title="bbox 1136 621 2024 678; baseline -0.009 -10"><span class='ocrx_word' id='word_1_280' title='bbox 1136 626 1405 668; x_wconf 83' lang='lat' dir='ltr'><strong>vacationem</strong></span> <span class='ocrx_word' id='word_1_281' title='bbox 1428 624 1657 678; x_wconf 88' lang='lat' dir='ltr'><strong>aliquando</strong></span> <span class='ocrx_word' id='word_1_282' title='bbox 1673 622 1842 664; x_wconf 90' lang='lat' dir='ltr'><strong>mereri.</strong></span> <span class='ocrx_word' id='word_1_283' title='bbox 1874 621 2024 661; x_wconf 78' lang='lat' dir='ltr'><strong>Oliver.</strong></span> 
     </span>
    </p>

    <p class='ocr_par' dir='ltr' id='par_1_7' title="bbox 1139 683 2030 986">
     <span class='ocr_line' id='line_1_57' title="bbox 1193 683 2022 742; baseline -0.01 -13"><span class='ocrx_word' id='word_1_284' title='bbox 1193 691 1331 742; x_wconf 78' lang='lat' dir='ltr'><strong>Patre,</strong></span> <span class='ocrx_word' id='word_1_285' title='bbox 1366 702 1454 740; x_wconf 84' lang='lat' dir='ltr'><strong>avo,</strong></span> <span class='ocrx_word' id='word_1_286' title='bbox 1486 688 1646 741; x_wconf 83' lang='lat' dir='ltr'><strong>proavo]</strong></span> <span class='ocrx_word' id='word_1_287' title='bbox 1703 687 1815 727; x_wconf 86' lang='lat' dir='ltr'><strong>Nam</strong></span> <span class='ocrx_word' id='word_1_288' title='bbox 1864 683 2022 724; x_wconf 85' lang='lat' dir='ltr'><strong>Fabius</strong></span> 
     </span>
     <span class='ocr_line' id='line_1_58' title="bbox 1140 748 2023 806; baseline -0.01 -11"><span class='ocrx_word' id='word_1_289' title='bbox 1140 754 1312 806; x_wconf 84' lang='lat' dir='ltr'><strong>Gurges</strong></span> <span class='ocrx_word' id='word_1_290' title='bbox 1346 753 1495 805; x_wconf 88' lang='lat' dir='ltr'><strong>genuit</strong></span> <span class='ocrx_word' id='word_1_291' title='bbox 1525 752 1703 792; x_wconf 88' lang='lat' dir='ltr'><strong>Fabium</strong></span> <span class='ocrx_word' id='word_1_292' title='bbox 1735 748 2023 797; x_wconf 58' lang='lat' dir='ltr'><strong>mitilianum,</strong></span> 
     </span>
     <span class='ocr_line' id='line_1_59' title="bbox 1139 811 2029 872; baseline -0.01 -13"><span class='ocrx_word' id='word_1_293' title='bbox 1139 818 1211 872; x_wconf 91' lang='lat' dir='ltr'><strong>qui</strong></span> <span class='ocrx_word' id='word_1_294' title='bbox 1255 817 1404 870; x_wconf 85' lang='lat' dir='ltr'><strong>genuit</strong></span> <span class='ocrx_word' id='word_1_295' title='bbox 1434 817 1616 856; x_wconf 84' lang='lat' dir='ltr'><strong>alterum</strong></span> <span class='ocrx_word' id='word_1_296' title='bbox 1651 814 1830 855; x_wconf 86' lang='lat' dir='ltr'><strong>Fabium</strong></span> <span class='ocrx_word' id='word_1_297' title='bbox 1869 811 2029 863; x_wconf 86' lang='lat' dir='ltr'><strong>Gurgi-</strong></span> 
     </span>
     <span class='ocr_line' id='line_1_60' title="bbox 1141 874 2030 934; baseline -0.011 -11"><span class='ocrx_word' id='word_1_298' title='bbox 1141 889 1246 934; x_wconf 90' lang='lat' dir='ltr'><strong>tem,</strong></span> <span class='ocrx_word' id='word_1_299' title='bbox 1264 894 1318 922; x_wconf 86' lang='lat' dir='ltr'><strong>ex</strong></span> <span class='ocrx_word' id='word_1_300' title='bbox 1339 892 1424 933; x_wconf 91' lang='lat' dir='ltr'><strong>quo</strong></span> <span class='ocrx_word' id='word_1_301' title='bbox 1457 885 1582 919; x_wconf 85' lang='lat' dir='ltr'><strong>natus</strong></span> <span class='ocrx_word' id='word_1_302' title='bbox 1613 883 1681 918; x_wconf 88' lang='lat' dir='ltr'><strong>est</strong></span> <span class='ocrx_word' id='word_1_303' title='bbox 1710 876 1865 917; x_wconf 90' lang='lat' dir='ltr'><strong>Fabius</strong></span> <span class='ocrx_word' id='word_1_304' title='bbox 1887 874 2030 915; x_wconf 87' lang='lat' dir='ltr'><strong>Maxi-</strong></span> 
     </span>
     <span class='ocr_line' id='line_1_61' title="bbox 1141 946 1401 986; baseline -0.008 0"><span class='ocrx_word' id='word_1_305' title='bbox 1141 959 1249 986; x_wconf 87' lang='lat' dir='ltr'><strong>mus.</strong></span> <span class='ocrx_word' id='word_1_306' title='bbox 1280 946 1401 985; x_wconf 87' lang='lat' dir='ltr'><strong>Idem.</strong></span> 
     </span>
    </p>

    <p class='ocr_par' dir='ltr' id='par_1_8' title="bbox 1143 1002 2036 1389">
     <span class='ocr_line' id='line_1_62' title="bbox 1197 1002 2029 1063; baseline -0.011 -13"><span class='ocrx_word' id='word_1_307' title='bbox 1197 1011 1266 1063; x_wconf 73' lang='lat'><strong>§6</strong></span> <span class='ocrx_word' id='word_1_308' title='bbox 1292 1010 1357 1050; x_wconf 85' lang='lat' dir='ltr'><strong>Ad</strong></span> <span class='ocrx_word' id='word_1_309' title='bbox 1389 1005 1574 1060; x_wconf 76' lang='lat' dir='ltr'><strong>praemia]</strong></span> <span class='ocrx_word' id='word_1_310' title='bbox 1614 1005 1790 1045; x_wconf 86' lang='lat' dir='ltr'><strong>Praeter</strong></span> <span class='ocrx_word' id='word_1_311' title='bbox 1822 1003 1930 1043; x_wconf 86' lang='lat' dir='ltr'><strong>alios</strong></span> <span class='ocrx_word' id='word_1_312' title='bbox 1957 1002 2029 1042; x_wconf 86' lang='lat' dir='ltr'><strong>ho-</strong></span> 
     </span>
     <span class='ocr_line' id='line_1_63' title="bbox 1143 1066 2032 1125; baseline -0.011 -10"><span class='ocrx_word' id='word_1_313' title='bbox 1143 1086 1269 1114; x_wconf 88' lang='lat' dir='ltr'><strong>nores</strong></span> <span class='ocrx_word' id='word_1_314' title='bbox 1297 1071 1490 1125; x_wconf 87' lang='lat' dir='ltr'><strong>Scipioni</strong></span> <span class='ocrx_word' id='word_1_315' title='bbox 1520 1083 1544 1109; x_wconf 91' lang='lat' dir='ltr'><strong>a</strong></span> <span class='ocrx_word' id='word_1_316' title='bbox 1566 1082 1667 1122; x_wconf 88' lang='lat' dir='ltr'><strong>pop.</strong></span> <span class='ocrx_word' id='word_1_317' title='bbox 1692 1070 1887 1109; x_wconf 90' lang='lat' dir='ltr'><strong>Romano</strong></span> <span class='ocrx_word' id='word_1_318' title='bbox 1910 1066 2032 1106; x_wconf 88' lang='lat' dir='ltr'><strong>habi-</strong></span> 
     </span>
     <span class='ocr_line' id='line_1_64' title="bbox 1145 1130 2032 1191; baseline -0.012 -10"><span class='ocrx_word' id='word_1_319' title='bbox 1145 1147 1227 1191; x_wconf 90' lang='lat' dir='ltr'><strong>tos,</strong></span> <span class='ocrx_word' id='word_1_320' title='bbox 1247 1141 1319 1181; x_wconf 88' lang='lat' dir='ltr'><strong>ille</strong></span> <span class='ocrx_word' id='word_1_321' title='bbox 1339 1139 1467 1178; x_wconf 87' lang='lat' dir='ltr'><strong>etiam</strong></span> <span class='ocrx_word' id='word_1_322' title='bbox 1498 1134 1723 1188; x_wconf 85' lang='lat' dir='ltr'><strong>singularis</strong></span> <span class='ocrx_word' id='word_1_323' title='bbox 1755 1132 1958 1183; x_wconf 88' lang='lat' dir='ltr'><strong>accessit,</strong></span> <span class='ocrx_word' id='word_1_324' title='bbox 1976 1130 2032 1171; x_wconf 87' lang='lat' dir='ltr'><strong>de</strong></span> 
     </span>
     <span class='ocr_line' id='line_1_65' title="bbox 1145 1198 2033 1261; baseline -0.014 -13"><span class='ocrx_word' id='word_1_325' title='bbox 1145 1220 1228 1261; x_wconf 89' lang='lat' dir='ltr'><strong>quo</strong></span> <span class='ocrx_word' id='word_1_326' title='bbox 1249 1198 1417 1247; x_wconf 79' lang='lat' dir='ltr'><strong>P&#39;linius</strong></span> <span class='ocrx_word' id='word_1_327' title='bbox 1437 1205 1511 1245; x_wconf 93' lang='lat' dir='ltr'><strong>lib.</strong></span> <span class='ocrx_word' id='word_1_328' title='bbox 1531 1214 1632 1243; x_wconf 77' lang='lat' dir='ltr'><strong>xxr.</strong></span> <span class='ocrx_word' id='word_1_329' title='bbox 1652 1213 1753 1253; x_wconf 89' lang='lat' dir='ltr'><strong>cap.</strong></span> <span class='ocrx_word' id='word_1_330' title='bbox 1772 1204 1813 1240; x_wconf 80' lang='lat'><strong>3.</strong></span> <span class='ocrx_word' id='word_1_331' title='bbox 1859 1199 2033 1239; x_wconf 87' lang='lat' dir='ltr'><strong>Florum</strong></span> 
     </span>
     <span class='ocr_line' id='line_1_66' title="bbox 1145 1265 2036 1326; baseline -0.009 -13"><span class='ocrx_word' id='word_1_332' title='bbox 1145 1273 1318 1326; x_wconf 89' lang='lat' dir='ltr'><strong>quidem</strong></span> <span class='ocrx_word' id='word_1_333' title='bbox 1350 1284 1452 1324; x_wconf 88' lang='lat' dir='ltr'><strong>pop.</strong></span> <span class='ocrx_word' id='word_1_334' title='bbox 1473 1271 1689 1310; x_wconf 87' lang='lat' dir='ltr'><strong>Romanus</strong></span> <span class='ocrx_word' id='word_1_335' title='bbox 1713 1268 1919 1307; x_wconf 85' lang='lat' dir='ltr'><strong>honorem</strong></span> <span class='ocrx_word' id='word_1_336' title='bbox 1946 1265 2036 1306; x_wconf 92' lang='lat' dir='ltr'><strong>Sci—</strong></span> 
     </span>
     <span class='ocr_line' id='line_1_67' title="bbox 1147 1334 1801 1389; baseline -0.009 -12"><span class='ocrx_word' id='word_1_337' title='bbox 1147 1337 1265 1389; x_wconf 86' lang='lat' dir='ltr'><strong>pioni</strong></span> <span class='ocrx_word' id='word_1_338' title='bbox 1289 1341 1457 1376; x_wconf 86' lang='lat' dir='ltr'><strong>tantum</strong></span> <span class='ocrx_word' id='word_1_339' title='bbox 1475 1334 1640 1374; x_wconf 88' lang='lat' dir='ltr'><strong>habuit.</strong></span> <span class='ocrx_word' id='word_1_340' title='bbox 1672 1334 1801 1372; x_wconf 87' lang='lat' dir='ltr'><strong>Coler.</strong></span> 
     </span>
    </p>

    <p class='ocr_par' dir='ltr' id='par_1_9' title="bbox 1149 1395 2038 1580">
     <span class='ocr_line' id='line_1_68' title="bbox 1203 1395 2037 1449; baseline -0.008 -9"><span class='ocrx_word' id='word_1_341' title='bbox 1203 1400 1275 1440; x_wconf 80' lang='lat' dir='ltr'><strong>Illi</strong></span> <span class='ocrx_word' id='word_1_342' title='bbox 1293 1398 1466 1449; x_wconf 77' lang='lat' dir='ltr'><strong>statuas]</strong></span> <span class='ocrx_word' id='word_1_343' title='bbox 1496 1398 1613 1440; x_wconf 84' lang='lat' dir='ltr'><strong>Quas</strong></span> <span class='ocrx_word' id='word_1_344' title='bbox 1633 1397 1804 1436; x_wconf 88' lang='lat' dir='ltr'><strong>honoris</strong></span> <span class='ocrx_word' id='word_1_345' title='bbox 1824 1408 1955 1436; x_wconf 87' lang='lat' dir='ltr'><strong>causa</strong></span> <span class='ocrx_word' id='word_1_346' title='bbox 1975 1395 2037 1434; x_wconf 91' lang='lat' dir='ltr'><strong>vi-</strong></span> 
     </span>
     <span class='ocr_line' id='line_1_69' title="bbox 1149 1458 2038 1515; baseline -0.006 -11"><span class='ocrx_word' id='word_1_347' title='bbox 1149 1463 1206 1503; x_wconf 90' lang='lat' dir='ltr'><strong>ris</strong></span> <span class='ocrx_word' id='word_1_348' title='bbox 1226 1463 1280 1504; x_wconf 90' lang='lat' dir='ltr'><strong>de</strong></span> <span class='ocrx_word' id='word_1_349' title='bbox 1300 1462 1541 1515; x_wconf 88' lang='lat' dir='ltr'><strong>Republica</strong></span> <span class='ocrx_word' id='word_1_350' title='bbox 1560 1461 1736 1514; x_wconf 84' lang='lat' dir='ltr'><strong>egregie</strong></span> <span class='ocrx_word' id='word_1_351' title='bbox 1766 1460 1933 1500; x_wconf 86' lang='lat' dir='ltr'><strong>meritis</strong></span> <span class='ocrx_word' id='word_1_352' title='bbox 1954 1458 2038 1499; x_wconf 89' lang='lat' dir='ltr'><strong>eri-</strong></span> 
     </span>
     <span class='ocr_line' id='line_1_70' title="bbox 1150 1527 1402 1580; baseline 0 -12"><span class='ocrx_word' id='word_1_353' title='bbox 1150 1540 1252 1580; x_wconf 87' lang='lat' dir='ltr'><strong>gere</strong></span> <span class='ocrx_word' id='word_1_354' title='bbox 1272 1527 1402 1568; x_wconf 88' lang='lat' dir='ltr'><strong>soliti.</strong></span> 
     </span>
    </p>

    <p class='ocr_par' dir='ltr' id='par_1_10' title="bbox 1158 1586 2039 1704">
     <span class='ocr_line' id='line_1_71' title="bbox 1206 1586 2039 1641; baseline -0.006 -10"><span class='ocrx_word' id='word_1_355' title='bbox 1206 1593 1258 1632; x_wconf 79' lang='lat' dir='ltr'><strong>Iu</strong></span> <span class='ocrx_word' id='word_1_356' title='bbox 1271 1589 1445 1641; x_wconf 74' lang='lat' dir='ltr'><strong>comitio]</strong></span> <span class='ocrx_word' id='word_1_357' title='bbox 1475 1590 1607 1640; x_wconf 86' lang='lat' dir='ltr'><strong>Loco,</strong></span> <span class='ocrx_word' id='word_1_358' title='bbox 1621 1600 1706 1641; x_wconf 86' lang='lat' dir='ltr'><strong>quo</strong></span> <span class='ocrx_word' id='word_1_359' title='bbox 1719 1586 2039 1628; x_wconf 87' lang='lat' dir='ltr'><strong>conveniebant</strong></span> 
     </span>
     <span class='ocr_line' id='line_1_72' title="bbox 1158 1650 1771 1704; baseline -0.005 -11"><span class='ocrx_word' id='word_1_360' title='bbox 1158 1653 1211 1693; x_wconf 89' lang='lat' dir='ltr'><strong>ad</strong></span> <span class='ocrx_word' id='word_1_361' title='bbox 1231 1653 1512 1704; x_wconf 85' lang='lat' dir='ltr'><strong>magistratus</strong></span> <span class='ocrx_word' id='word_1_362' title='bbox 1534 1650 1771 1703; x_wconf 86' lang='lat' dir='ltr'><strong>eligendos.</strong></span> 
     </span>
    </p>

    <p class='ocr_par' dir='ltr' id='par_1_11' title="bbox 1149 1712 2058 1820">
     <span class='ocr_line' id='line_1_73' title="bbox 1207 1712 2058 1768; baseline -0.006 -11"><span class='ocrx_word' id='word_1_363' title='bbox 1207 1717 1254 1757; x_wconf 83' lang='lat' dir='ltr'><strong>In</strong></span> <span class='ocrx_word' id='word_1_364' title='bbox 1275 1716 1436 1768; x_wconf 81' lang='lat' dir='ltr'><strong>rost-ris]</strong></span> <span class='ocrx_word' id='word_1_365' title='bbox 1484 1715 1535 1754; x_wconf 92' lang='lat' dir='ltr'><strong>In</strong></span> <span class='ocrx_word' id='word_1_366' title='bbox 1573 1715 1686 1764; x_wconf 84' lang='lat' dir='ltr'><strong>loco,</strong></span> <span class='ocrx_word' id='word_1_367' title='bbox 1720 1713 1834 1754; x_wconf 89' lang='lat' dir='ltr'><strong>unde</strong></span> <span class='ocrx_word' id='word_1_368' title='bbox 1866 1712 2058 1766; x_wconf 76' lang='lat' dir='ltr'><strong>publica</strong></span> 
     </span>
     <span class='ocr_line' id='line_1_74' title="bbox 1149 1778 1491 1820; baseline -0.012 0"><span class='ocrx_word' id='word_1_369' title='bbox 1149 1778 1311 1820; x_wconf 88' lang='lat' dir='ltr'><strong>fiebant</strong></span> <span class='ocrx_word' id='word_1_370' title='bbox 1333 1778 1491 1818; x_wconf 87' lang='lat' dir='ltr'><strong>edicta.</strong></span> 
     </span>
    </p>

    <p class='ocr_par' dir='ltr' id='par_1_12' title="bbox 1207 1841 1683 1893">
     <span class='ocr_line' id='line_1_75' title="bbox 1207 1841 1683 1893; baseline -0.008 -10"><span class='ocrx_word' id='word_1_371' title='bbox 1207 1843 1258 1883; x_wconf 87' lang='lat' dir='ltr'><strong>In</strong></span> <span class='ocrx_word' id='word_1_372' title='bbox 1277 1841 1409 1893; x_wconf 82' lang='lat' dir='ltr'><strong>curia]</strong></span> <span class='ocrx_word' id='word_1_373' title='bbox 1438 1841 1491 1881; x_wconf 90' lang='lat' dir='ltr'><strong>In</strong></span> <span class='ocrx_word' id='word_1_374' title='bbox 1506 1841 1683 1880; x_wconf 86' lang='lat' dir='ltr'><strong>Senatu.</strong></span> 
     </span>
    </p>

    <p class='ocr_par' dir='ltr' id='par_1_13' title="bbox 1206 1901 2041 1956">
     <span class='ocr_line' id='line_1_76' title="bbox 1206 1901 2041 1956; baseline -0.005 -11"><span class='ocrx_word' id='word_1_375' title='bbox 1206 1906 1256 1945; x_wconf 85' lang='lat' dir='ltr'><strong>In</strong></span> <span class='ocrx_word' id='word_1_376' title='bbox 1275 1906 1394 1945; x_wconf 82' lang='lat' dir='ltr'><strong>Jovis</strong></span> <span class='ocrx_word' id='word_1_377' title='bbox 1407 1904 1525 1956; x_wconf 84' lang='lat' dir='ltr'><strong>cella]</strong></span> <span class='ocrx_word' id='word_1_378' title='bbox 1554 1903 1726 1943; x_wconf 86' lang='lat' dir='ltr'><strong>Sacello</strong></span> <span class='ocrx_word' id='word_1_379' title='bbox 1743 1902 1786 1942; x_wconf 89' lang='lat' dir='ltr'><strong>in</strong></span> <span class='ocrx_word' id='word_1_380' title='bbox 1806 1901 2041 1954; x_wconf 85' lang='lat' dir='ltr'><strong>Capitolio.</strong></span> 
     </span>
    </p>

    <p class='ocr_par' dir='ltr' id='par_1_14' title="bbox 1151 1965 2053 2852">
     <span class='ocr_line' id='line_1_77' title="bbox 1204 1965 2044 2019; baseline -0.004 -11"><span class='ocrx_word' id='word_1_381' title='bbox 1204 1969 1319 2009; x_wconf 74' lang='lat' dir='ltr'><strong>Jovis</strong></span> <span class='ocrx_word' id='word_1_382' title='bbox 1350 1967 1505 2019; x_wconf 81' lang='lat' dir='ltr'><strong>Optimi</strong></span> <span class='ocrx_word' id='word_1_383' title='bbox 1539 1967 1735 2019; x_wconf 76' lang='lat' dir='ltr'><strong>Maximi]</strong></span> <span class='ocrx_word' id='word_1_384' title='bbox 1779 1967 1913 2018; x_wconf 88' lang='lat' dir='ltr'><strong>Cujus</strong></span> <span class='ocrx_word' id='word_1_385' title='bbox 1932 1965 2044 2006; x_wconf 88' lang='lat' dir='ltr'><strong>filius</strong></span> 
     </span>
     <span class='ocr_line' id='line_1_78' title="bbox 1151 2031 2044 2084; baseline -0.004 -10"><span class='ocrx_word' id='word_1_386' title='bbox 1151 2045 1248 2074; x_wconf 92' lang='lat' dir='ltr'><strong>esse</strong></span> <span class='ocrx_word' id='word_1_387' title='bbox 1281 2032 1557 2084; x_wconf 88' lang='lat' dir='ltr'><strong>credebatur,</strong></span> <span class='ocrx_word' id='word_1_388' title='bbox 1589 2037 1702 2072; x_wconf 91' lang='lat' dir='ltr'><strong>teste</strong></span> <span class='ocrx_word' id='word_1_389' title='bbox 1735 2031 1896 2082; x_wconf 89' lang='lat' dir='ltr'><strong>Gellio,</strong></span> <span class='ocrx_word' id='word_1_390' title='bbox 1929 2031 2044 2084; x_wconf 85' lang='lat' dir='ltr'><strong>quia,</strong></span> 
     </span>
     <span class='ocr_line' id='line_1_79' title="bbox 1153 2094 2047 2149; baseline -0.006 -10"><span class='ocrx_word' id='word_1_391' title='bbox 1153 2099 1266 2139; x_wconf 80' lang='lat' dir='ltr'><strong>sicut</strong></span> <span class='ocrx_word' id='word_1_392' title='bbox 1304 2098 1349 2137; x_wconf 93' lang='lat' dir='ltr'><strong>in</strong></span> <span class='ocrx_word' id='word_1_393' title='bbox 1387 2110 1483 2149; x_wconf 87' lang='lat' dir='ltr'><strong>cap.</strong></span> <span class='ocrx_word' id='word_1_394' title='bbox 1519 2097 1573 2136; x_wconf 91' lang='lat' dir='ltr'><strong>de</strong></span> <span class='ocrx_word' id='word_1_395' title='bbox 1611 2095 1794 2136; x_wconf 88' lang='lat' dir='ltr'><strong>Fiducia</strong></span> <span class='ocrx_word' id='word_1_396' title='bbox 1843 2094 2047 2145; x_wconf 86' lang='lat' dir='ltr'><strong>diximus,</strong></span> 
     </span>
     <span class='ocr_line' id='line_1_80' title="bbox 1154 2159 2046 2215; baseline -0.002 -15"><span class='ocrx_word' id='word_1_397' title='bbox 1154 2161 1268 2215; x_wconf 86' lang='lat' dir='ltr'><strong>quod</strong></span> <span class='ocrx_word' id='word_1_398' title='bbox 1304 2161 1358 2202; x_wconf 91' lang='lat' dir='ltr'><strong>de</strong></span> <span class='ocrx_word' id='word_1_399' title='bbox 1396 2160 1660 2212; x_wconf 88' lang='lat' dir='ltr'><strong>Olympiade</strong></span> <span class='ocrx_word' id='word_1_400' title='bbox 1697 2159 1894 2212; x_wconf 87' lang='lat' dir='ltr'><strong>Philippi</strong></span> <span class='ocrx_word' id='word_1_401' title='bbox 1933 2159 2046 2210; x_wconf 85' lang='lat' dir='ltr'><strong>regis</strong></span> 
     </span>
     <span class='ocr_line' id='line_1_81' title="bbox 1155 2223 2044 2278; baseline -0.003 -12"><span class='ocrx_word' id='word_1_402' title='bbox 1155 2225 1554 2278; x_wconf 84' lang='lat' dir='ltr'><strong>uxore,A1exandri</strong></span> <span class='ocrx_word' id='word_1_403' title='bbox 1569 2230 1722 2271; x_wconf 89' lang='lat' dir='ltr'><strong>matre,</strong></span> <span class='ocrx_word' id='word_1_404' title='bbox 1737 2223 1907 2277; x_wconf 90' lang='lat' dir='ltr'><strong>quidam</strong></span> <span class='ocrx_word' id='word_1_405' title='bbox 1924 2223 2044 2264; x_wconf 58' lang='lat' dir='ltr'><strong>Grav-</strong></span> 
     </span>
     <span class='ocr_line' id='line_1_82' title="bbox 1156 2286 2047 2341; baseline -0.007 -10"><span class='ocrx_word' id='word_1_406' title='bbox 1156 2292 1196 2332; x_wconf 90' lang='lat' dir='ltr'><strong>ci</strong></span> <span class='ocrx_word' id='word_1_407' title='bbox 1221 2291 1441 2330; x_wconf 85' lang='lat' dir='ltr'><strong>tradidere</strong></span> <span class='ocrx_word' id='word_1_408' title='bbox 1481 2289 1736 2341; x_wconf 86' lang='lat' dir='ltr'><strong>scriptores,</strong></span> <span class='ocrx_word' id='word_1_409' title='bbox 1763 2287 1875 2327; x_wconf 90' lang='lat' dir='ltr'><strong>idem</strong></span> <span class='ocrx_word' id='word_1_410' title='bbox 1897 2286 1952 2325; x_wconf 88' lang='lat' dir='ltr'><strong>de</strong></span> <span class='ocrx_word' id='word_1_411' title='bbox 1989 2286 2047 2325; x_wconf 87' lang='lat' dir='ltr'><strong>P.</strong></span> 
     </span>
     <span class='ocr_line' id='line_1_83' title="bbox 1157 2349 2048 2406; baseline -0.008 -12"><span class='ocrx_word' id='word_1_412' title='bbox 1157 2354 1369 2406; x_wconf 87' lang='lat' dir='ltr'><strong>Scipionis</strong></span> <span class='ocrx_word' id='word_1_413' title='bbox 1402 2359 1541 2394; x_wconf 89' lang='lat' dir='ltr'><strong>matre</strong></span> <span class='ocrx_word' id='word_1_414' title='bbox 1578 2350 1793 2391; x_wconf 82' lang='lat' dir='ltr'><strong>memoriae</strong></span> <span class='ocrx_word' id='word_1_415' title='bbox 1826 2349 2048 2402; x_wconf 89' lang='lat' dir='ltr'><strong>proditum</strong></span> 
     </span>
     <span class='ocr_line' id='line_1_84' title="bbox 1159 2412 2047 2466; baseline -0.008 -8"><span class='ocrx_word' id='word_1_416' title='bbox 1159 2424 1247 2458; x_wconf 87' lang='lat' dir='ltr'><strong>est:</strong></span> <span class='ocrx_word' id='word_1_417' title='bbox 1270 2418 1401 2457; x_wconf 86' lang='lat' dir='ltr'><strong>visum</strong></span> <span class='ocrx_word' id='word_1_418' title='bbox 1421 2417 1637 2455; x_wconf 87' lang='lat' dir='ltr'><strong>immensae</strong></span> <span class='ocrx_word' id='word_1_419' title='bbox 1651 2412 1958 2466; x_wconf 87' lang='lat' dir='ltr'><strong>magnitudinis</strong></span> <span class='ocrx_word' id='word_1_420' title='bbox 1974 2425 2047 2452; x_wconf 89' lang='lat' dir='ltr'><strong>an-</strong></span> 
     </span>
     <span class='ocr_line' id='line_1_85' title="bbox 1161 2479 2052 2533; baseline -0.009 -11"><span class='ocrx_word' id='word_1_421' title='bbox 1161 2493 1286 2533; x_wconf 82' lang='lat' dir='ltr'><strong>guem</strong></span> <span class='ocrx_word' id='word_1_422' title='bbox 1307 2492 1402 2521; x_wconf 89' lang='lat' dir='ltr'><strong>cum</strong></span> <span class='ocrx_word' id='word_1_423' title='bbox 1437 2479 1653 2531; x_wconf 87' lang='lat' dir='ltr'><strong>Scipionis</strong></span> <span class='ocrx_word' id='word_1_424' title='bbox 1686 2483 1825 2517; x_wconf 89' lang='lat' dir='ltr'><strong>matre</strong></span> <span class='ocrx_word' id='word_1_425' title='bbox 1851 2488 2052 2528; x_wconf 48' lang='lat' dir='ltr'><strong>coneum?</strong></span> 
     </span>
     <span class='ocr_line' id='line_1_86' title="bbox 1161 2538 2053 2597; baseline -0.007 -13"><span class='ocrx_word' id='word_1_426' title='bbox 1161 2545 1278 2597; x_wconf 91' lang='lat' dir='ltr'><strong>bere,</strong></span> <span class='ocrx_word' id='word_1_427' title='bbox 1297 2550 1341 2583; x_wconf 91' lang='lat' dir='ltr'><strong>et</strong></span> <span class='ocrx_word' id='word_1_428' title='bbox 1361 2557 1416 2584; x_wconf 87' lang='lat' dir='ltr'><strong>ex</strong></span> <span class='ocrx_word' id='word_1_429' title='bbox 1438 2556 1490 2583; x_wconf 92' lang='lat' dir='ltr'><strong>eo</strong></span> <span class='ocrx_word' id='word_1_430' title='bbox 1525 2541 1736 2582; x_wconf 84' lang='lat' dir='ltr'><strong>creditum</strong></span> <span class='ocrx_word' id='word_1_431' title='bbox 1766 2545 1851 2589; x_wconf 62' lang='lat' dir='ltr'><strong>est,</strong></span> <span class='ocrx_word' id='word_1_432' title='bbox 1880 2538 2053 2591; x_wconf 84' lang='lat' dir='ltr'><strong>Scipio-</strong></span> 
     </span>
     <span class='ocr_line' id='line_1_87' title="bbox 1159 2602 2048 2658; baseline -0.007 -10"><span class='ocrx_word' id='word_1_433' title='bbox 1159 2620 1257 2648; x_wconf 89' lang='lat' dir='ltr'><strong>nem</strong></span> <span class='ocrx_word' id='word_1_434' title='bbox 1308 2607 1575 2658; x_wconf 88' lang='lat' dir='ltr'><strong>concepisse,</strong></span> <span class='ocrx_word' id='word_1_435' title='bbox 1620 2617 1746 2658; x_wconf 87' lang='lat' dir='ltr'><strong>quam</strong></span> <span class='ocrx_word' id='word_1_436' title='bbox 1791 2603 1947 2644; x_wconf 83' lang='lat' dir='ltr'><strong>famam</strong></span> <span class='ocrx_word' id='word_1_437' title='bbox 1995 2602 2048 2642; x_wconf 87' lang='lat' dir='ltr'><strong>ab</strong></span> 
     </span>
     <span class='ocr_line' id='line_1_88' title="bbox 1160 2668 2050 2718; baseline -0.007 -6"><span class='ocrx_word' id='word_1_438' title='bbox 1160 2672 1338 2712; x_wconf 87' lang='lat' dir='ltr'><strong>ineunte</strong></span> <span class='ocrx_word' id='word_1_439' title='bbox 1358 2677 1488 2712; x_wconf 70' lang='lat' dir='ltr'><strong>aetate</strong></span> <span class='ocrx_word' id='word_1_440' title='bbox 1518 2669 1765 2710; x_wconf 87' lang='lat' dir='ltr'><strong>clarissimis</strong></span> <span class='ocrx_word' id='word_1_441' title='bbox 1797 2668 2050 2718; x_wconf 87' lang='lat' dir='ltr'><strong>virtutibus,</strong></span> 
     </span>
     <span class='ocr_line' id='line_1_89' title="bbox 1161 2731 2050 2788; baseline -0.004 -13"><span class='ocrx_word' id='word_1_442' title='bbox 1161 2736 1442 2788; x_wconf 86' lang='lat' dir='ltr'><strong>maximisque</strong></span> <span class='ocrx_word' id='word_1_443' title='bbox 1476 2734 1606 2774; x_wconf 88' lang='lat' dir='ltr'><strong>rebus</strong></span> <span class='ocrx_word' id='word_1_444' title='bbox 1642 2734 1776 2786; x_wconf 85' lang='lat' dir='ltr'><strong>gestis</strong></span> <span class='ocrx_word' id='word_1_445' title='bbox 1802 2731 1942 2772; x_wconf 88' lang='lat' dir='ltr'><strong>indies</strong></span> <span class='ocrx_word' id='word_1_446' title='bbox 1963 2743 2050 2771; x_wconf 87' lang='lat' dir='ltr'><strong>ma-</strong></span> 
     </span>
     <span class='ocr_line' id='line_1_90' title="bbox 1161 2797 1969 2852; baseline -0.004 -12"><span class='ocrx_word' id='word_1_447' title='bbox 1161 2800 1225 2852; x_wconf 88' lang='lat' dir='ltr'><strong>gis</strong></span> <span class='ocrx_word' id='word_1_448' title='bbox 1243 2800 1462 2852; x_wconf 84' lang='lat' dir='ltr'><strong>magisque</strong></span> <span class='ocrx_word' id='word_1_449' title='bbox 1482 2800 1600 2838; x_wconf 85' lang='lat' dir='ltr'><strong>auxit</strong></span> <span class='ocrx_word' id='word_1_450' title='bbox 1621 2804 1666 2838; x_wconf 92' lang='lat' dir='ltr'><strong>et</strong></span> <span class='ocrx_word' id='word_1_451' title='bbox 1685 2797 1969 2838; x_wconf 84' lang='lat' dir='ltr'><strong>confirmavit.</strong></span> 
     </span>
    </p>

    <p class='ocr_par' dir='ltr' id='par_1_15' title="bbox 1160 2861 2053 3234">
     <span class='ocr_line' id='line_1_91' title="bbox 1218 2861 2050 2915; baseline -0.006 -11"><span class='ocrx_word' id='word_1_452' title='bbox 1218 2863 1451 2915; x_wconf 79' lang='lat' dir='ltr'><strong>Capitolinis</strong></span> <span class='ocrx_word' id='word_1_453' title='bbox 1474 2861 1762 2914; x_wconf 76' lang='lat' dir='ltr'><strong>pulvinaribus]</strong></span> <span class='ocrx_word' id='word_1_454' title='bbox 1808 2861 2050 2901; x_wconf 84' lang='lat' dir='ltr'><strong>Lectister-</strong></span> 
     </span>
     <span class='ocr_line' id='line_1_92' title="bbox 1160 2925 2053 2977; baseline -0.003 -10"><span class='ocrx_word' id='word_1_455' title='bbox 1160 2927 1264 2977; x_wconf 87' lang='lat' dir='ltr'><strong>niis;</strong></span> <span class='ocrx_word' id='word_1_456' title='bbox 1306 2927 1511 2967; x_wconf 88' lang='lat' dir='ltr'><strong>volebant</strong></span> <span class='ocrx_word' id='word_1_457' title='bbox 1541 2926 1665 2965; x_wconf 54' lang='lat' dir='ltr'><strong>enim*</strong></span> <span class='ocrx_word' id='word_1_458' title='bbox 1687 2937 1784 2965; x_wconf 90' lang='lat' dir='ltr'><strong>eum</strong></span> <span class='ocrx_word' id='word_1_459' title='bbox 1813 2925 1960 2964; x_wconf 90' lang='lat' dir='ltr'><strong>divino</strong></span> <span class='ocrx_word' id='word_1_460' title='bbox 1978 2925 2053 2964; x_wconf 82' lang='lat' dir='ltr'><strong>ho-</strong></span> 
     </span>
     <span class='ocr_line' id='line_1_93' title="bbox 1160 2987 2051 3041; baseline -0.004 -10"><span class='ocrx_word' id='word_1_461' title='bbox 1160 3003 1264 3031; x_wconf 89' lang='lat' dir='ltr'><strong>nore</strong></span> <span class='ocrx_word' id='word_1_462' title='bbox 1282 2989 1469 3031; x_wconf 89' lang='lat' dir='ltr'><strong>afficere.</strong></span> <span class='ocrx_word' id='word_1_463' title='bbox 1514 2989 1751 3041; x_wconf 78' lang='lat' dir='ltr'><strong>Capitolinis</strong></span> <span class='ocrx_word' id='word_1_464' title='bbox 1760 2987 2051 3041; x_wconf 77' lang='lat' dir='ltr'><strong>pulvinaribus]</strong></span> 
     </span>
     <span class='ocr_line' id='line_1_94' title="bbox 1161 3050 2050 3105; baseline -0.008 -10"><span class='ocrx_word' id='word_1_465' title='bbox 1161 3053 1460 3096; x_wconf 87' lang='lat' dir='ltr'><strong>Lectisterniis</strong></span> <span class='ocrx_word' id='word_1_466' title='bbox 1496 3052 1765 3105; x_wconf 84' lang='lat' dir='ltr'><strong>Capitolinis,</strong></span> <span class='ocrx_word' id='word_1_467' title='bbox 1808 3052 1852 3091; x_wconf 90' lang='lat' dir='ltr'><strong>in</strong></span> <span class='ocrx_word' id='word_1_468' title='bbox 1897 3050 2050 3102; x_wconf 79' lang='lat' dir='ltr'><strong>quibus</strong></span> 
     </span>
     <span class='ocr_line' id='line_1_95' title="bbox 1160 3112 2050 3165; baseline -0.008 -7"><span class='ocrx_word' id='word_1_469' title='bbox 1160 3117 1416 3159; x_wconf 86' lang='lat' dir='ltr'><strong>locabantur</strong></span> <span class='ocrx_word' id='word_1_470' title='bbox 1443 3117 1690 3156; x_wconf 58' lang='lat' dir='ltr'><strong>&lt;simulacra</strong></span> <span class='ocrx_word' id='word_1_471' title='bbox 1735 3115 1947 3165; x_wconf 89' lang='lat' dir='ltr'><strong>Deorum,</strong></span> <span class='ocrx_word' id='word_1_472' title='bbox 1996 3112 2050 3151; x_wconf 89' lang='lat' dir='ltr'><strong>ad</strong></span> 
     </span>
     <span class='ocr_line' id='line_1_96' title="bbox 1163 3178 1790 3234; baseline -0.005 -14"><span class='ocrx_word' id='word_1_473' title='bbox 1163 3193 1259 3234; x_wconf 82' lang='lat' dir='ltr'><strong>quae</strong></span> <span class='ocrx_word' id='word_1_474' title='bbox 1280 3181 1545 3220; x_wconf 86' lang='lat' dir='ltr'><strong>vocabantur</strong></span> <span class='ocrx_word' id='word_1_475' title='bbox 1561 3179 1644 3230; x_wconf 86' lang='lat' dir='ltr'><strong>ipsi</strong></span> <span class='ocrx_word' id='word_1_476' title='bbox 1662 3178 1756 3219; x_wconf 89' lang='lat' dir='ltr'><strong>Dii.</strong></span> <span class='ocrx_word' id='word_1_477' title='bbox 1787 3219 1790 3222; x_wconf 11' lang='grc' dir='ltr'><em>Δ</em></span> 
     </span>
    </p>

    <p class='ocr_par' dir='ltr' id='par_1_16' title="bbox 1163 3238 2049 3600">
     <span class='ocr_line' id='line_1_97' title="bbox 1223 3238 2049 3294; baseline -0.011 -10"><span class='ocrx_word' id='word_1_478' title='bbox 1223 3243 1401 3284; x_wconf 81' lang='lat' dir='ltr'><strong>Victoria</strong></span> <span class='ocrx_word' id='word_1_479' title='bbox 1420 3242 1552 3294; x_wconf 80' lang='lat' dir='ltr'><strong>tenus]</strong></span> <span class='ocrx_word' id='word_1_480' title='bbox 1573 3243 1723 3294; x_wconf 87' lang='lat' dir='ltr'><strong>Usque</strong></span> <span class='ocrx_word' id='word_1_481' title='bbox 1740 3240 1793 3280; x_wconf 86' lang='lat' dir='ltr'><strong>ad</strong></span> <span class='ocrx_word' id='word_1_482' title='bbox 1809 3238 2049 3288; x_wconf 86' lang='lat' dir='ltr'><strong>victoriam,</strong></span> 
     </span>
     <span class='ocr_line' id='line_1_98' title="bbox 1163 3301 2049 3359; baseline -0.009 -13"><span class='ocrx_word' id='word_1_483' title='bbox 1163 3306 1265 3359; x_wconf 86' lang='lat' dir='ltr'><strong>quia</strong></span> <span class='ocrx_word' id='word_1_484' title='bbox 1283 3308 1400 3346; x_wconf 89' lang='lat' dir='ltr'><strong>ultra</strong></span> <span class='ocrx_word' id='word_1_485' title='bbox 1434 3305 1657 3346; x_wconf 88' lang='lat' dir='ltr'><strong>victoriam</strong></span> <span class='ocrx_word' id='word_1_486' title='bbox 1692 3303 1884 3343; x_wconf 89' lang='lat' dir='ltr'><strong>neutrius</strong></span> <span class='ocrx_word' id='word_1_487' title='bbox 1914 3301 2049 3339; x_wconf 90' lang='lat' dir='ltr'><strong>hostis</strong></span> 
     </span>
     <span class='ocr_line' id='line_1_99' title="bbox 1163 3363 2047 3420; baseline -0.009 -12"><span class='ocrx_word' id='word_1_488' title='bbox 1163 3368 1265 3420; x_wconf 84' lang='lat' dir='ltr'><strong>fuit,</strong></span> <span class='ocrx_word' id='word_1_489' title='bbox 1301 3369 1502 3409; x_wconf 88' lang='lat' dir='ltr'><strong>videlicet</strong></span> <span class='ocrx_word' id='word_1_490' title='bbox 1537 3379 1615 3407; x_wconf 90' lang='lat' dir='ltr'><strong>nec</strong></span> <span class='ocrx_word' id='word_1_491' title='bbox 1649 3364 1888 3414; x_wconf 82' lang='lat' dir='ltr'><strong>Annibalis,</strong></span> <span class='ocrx_word' id='word_1_492' title='bbox 1924 3363 2047 3415; x_wconf 79' lang='lat' dir='ltr'><strong>cnjus</strong></span> 
     </span>
     <span class='ocr_line' id='line_1_100' title="bbox 1165 3427 2046 3484; baseline -0.011 -11"><span class='ocrx_word' id='word_1_493' title='bbox 1165 3433 1346 3473; x_wconf 87' lang='lat' dir='ltr'><strong>salutem</strong></span> <span class='ocrx_word' id='word_1_494' title='bbox 1369 3438 1468 3484; x_wconf 91' lang='lat' dir='ltr'><strong>post</strong></span> <span class='ocrx_word' id='word_1_495' title='bbox 1489 3428 1712 3470; x_wconf 85' lang='lat' dir='ltr'><strong>victoriam</strong></span> <span class='ocrx_word' id='word_1_496' title='bbox 1741 3427 1947 3479; x_wconf 86' lang='lat' dir='ltr'><strong>protexit,</strong></span> <span class='ocrx_word' id='word_1_497' title='bbox 1968 3437 2046 3464; x_wconf 87' lang='lat' dir='ltr'><strong>nec</strong></span> 
     </span>
     <span class='ocr_line' id='line_1_101' title="bbox 1165 3488 2047 3547; baseline -0.014 -11"><span class='ocrx_word' id='word_1_498' title='bbox 1165 3503 1354 3545; x_wconf 88' lang='lat' dir='ltr'><strong>senatus,</strong></span> <span class='ocrx_word' id='word_1_499' title='bbox 1376 3496 1474 3547; x_wconf 87' lang='lat' dir='ltr'><strong>quia</strong></span> <span class='ocrx_word' id='word_1_500' title='bbox 1495 3493 1659 3542; x_wconf 81' lang='lat' dir='ltr'><strong>docuit,</strong></span> <span class='ocrx_word' id='word_1_501' title='bbox 1685 3490 1785 3543; x_wconf 83' lang='lat' dir='ltr'><strong>quid</strong></span> <span class='ocrx_word' id='word_1_502' title='bbox 1807 3501 1902 3530; x_wconf 90' lang='lat' dir='ltr'><strong>eum</strong></span> <span class='ocrx_word' id='word_1_503' title='bbox 1922 3488 2047 3530; x_wconf 84' lang='lat' dir='ltr'><strong>dece.</strong></span> 
     </span>
     <span class='ocr_line' id='line_1_102' title="bbox 1166 3559 1431 3600; baseline -0.008 -2"><span class='ocrx_word' id='word_1_504' title='bbox 1166 3566 1247 3600; x_wconf 85' lang='lat' dir='ltr'><strong>ret.</strong></span> <span class='ocrx_word' id='word_1_505' title='bbox 1279 3559 1431 3598; x_wconf 81' lang='lat' dir='ltr'><strong>Oliver.</strong></span> 
     </span>
    </p>
   </div>
  </div>
 </body>
</html>
