2346 3996
365 304 509 358 1308-

365 448 511 476 cessus
531 436 573 475 in
594 448 742 489 spuma
759 437 871 490 equi,
898 438 1093 480 similiter
1109 454 1235 495 spon·

365 500 437 550 gia
452 499 650 551 impacta,
664 507 837 540 secutus
852 501 1027 556 dicitur,
1038 516 1132 545 cum
1146 507 1236 558 pin·

365 567 490 614 geret
508 562 761 616 Popyzonta
785 565 1038 606 retinentem
1055 569 1236 620 equum!

368 627 484 678 Ergo
518 634 688 668 constat
720 629 761 669 in
794 631 962 682 pictura
980 633 1075 685 plus
1093 645 1236 674 casum

302 688 305 691 '
366 690 564 739 valuisse,
600 704 722 743 quam
744 698 897 746 artem,
924 707 975 736 eo
1005 696 1120 749 quod
1140 697 1238 750 equi

367 752 592 794 artificiose
612 754 792 807 depicti,
821 769 917 798 cum
935 760 1106 800 naribus
1139 772 1237 811 spu-

365 828 455 856 mas
495 829 562 857 ars
594 818 776 860 reddere
810 833 895 862 non
927 828 1089 875 posset,
1117 835 1238 865 casus

370 880 582 922 attulerit.
633 883 782 925 Oliver.

424 944 536 984 CAP.
560 956 646 986 xm
684 948 710 999 ς
729 951 752 987 l
804 948 858 994 Q.
876 948 1052 990 Scoevola
1069 950 1239 991 clarissi-

370 1018 457 1048 mus
475 1009 602 1059 legum
614 1015 735 1064 vates,
749 1016 786 1052 et
807 1013 1240 1066 certissimus‚quoties·

368 1081 518 1123 cunque
567 1074 614 1112 de
637 1075 731 1124 jure
744 1077 931 1127 praetorio
957 1078 1242 1130 consulebatur]

368 1134 440 1175 Ita
470 1136 612 1188 vulgo.
668 1139 777 1180 Haec
812 1141 987 1181 meliore
1019 1141 1166 1181 ordine
1196 1146 1240 1182 et

368 1199 602 1240 correctius
622 1200 666 1240 in
693 1203 1020 1254 manuscriptis:
1055 1204 1106 1250 Q.
1138 1205 1239 1245 Scoe-

368 1262 457 1301 nula
492 1262 619 1312 legum
645 1265 898 1315 certissimus,
931 1270 972 1305 et
1003 1266 1241 1308 clarissimus

368 1329 491 1375 vates,
509 1328 804 1380 quotiescunque
818 1332 866 1370 de
880 1329 974 1379 jure
991 1333 1243 1383 praediatorio

366 1389 647 1431 consulebatur.
675 1391 745 1432 Sic
765 1393 896 1433 etiam
913 1393 1065 1435 Cicero
1085 1395 1128 1434 in
1143 1396 1243 1435 Bal.

370 1448 526 1490 bians:
571 1454 710 1497 ‘Cum
744 1455 808 1494 de-
828 1456 931 1507 jure
970 1457 1244 1510 praediatorio

366 1515 700 1558 consulebatur?
733 1518 854 1569 Pigh.

426 1578 669 1632 Coesellium]
722 1582 802 1621 Vel
848 1581 1113 1624 Cassellium.
1175 1585 1246 1624 De

371 1651 455 1692 quo
477 1641 676 1682 Flaccus:
710 1644 721 1679 ἕ
745 1645 898 1687 Nescit
917 1651 1120 1699 quantum
1143 1647 1247 1688 Cas·

369 1704 513 1744 aellius
535 1703 699 1746 Aulus)

426 1769 534 1810 Ex'r.
565 1771 587 1822 ς
609 1774 628 1809 1
660 1772 854 1820 Platonis,
869 1773 958 1825 Era]
1004 1774 1131 1814 Plato
1151 1786 1248 1814 con—

372 1831 508 1872 sultus
530 1833 583 1873 de
604 1836 904 1876 constituenda
923 1837 965 1876 in
986 1849 1085 1878 arce
1106 1838 1249 1880 Palla-

366 1893 439 1934 dis
456 1907 546 1947 ara,
571 1898 644 1951 qui
665 1898 838 1950 modus,
866 1912 1014 1953 quaeve
1033 1901 1095 1941 illi
1113 1899 1251 1942 forma

374 1959 526 2001 melior
549 1973 643 2001 esse
678 1967 839 2013 posset,
858 1962 1048 2017 quamvis
1067 1964 1250 2006 Geome-

375 2022 473 2063 triae
494 2023 775 2075 peritissimus
795 2030 926 2076 esset,
959 2031 1100 2067 tamen
1120 2039 1174 2068 ne
1194 2029 1251 2068 al·

371 2086 509 2126 terius
529 2087 834 2139 professione-m
848 2089 927 2129 sibi
947 2101 1151 2141 usurpare
1166 2092 1253 2130 vel-

372 2149 416 2188 le
447 2149 681 2201 videretur,
711 2151 764 2192 ad
796 2151 1036 2203 Euclidem,
1072 2151 1253 2194 Geome-

375 2216 486 2252 tram
512 2224 588 2252 suo
622 2219 814 2264 tempore
845 2214 1021 2266 clarum,
1040 2216 1254 2257 consulto·

376 2286 447 2315 res
469 2275 631 2328 rejecit.
664 2276 772 2317 Oliv.

435 2340 713 2392 Conductores]
742 2341 826 2383 Qui
860 2341 1030 2393 publice
1051 2341 1258 2383 constitu·

380 2403 534 2443 endam
565 2416 682 2444 aram
716 2404 1029 2457 conduxerant,
1069 2406 1149 2446 hoc
1179 2410 1261 2458 est,

380 2473 502 2506 certo
523 2466 663 2519 pretio
693 2466 935 2507 faciendam
965 2477 1260 2520 susceperant.

380 2530 505 2571 Idem.
562 2531 644 2576 Qui
675 2532 926 2571 conductores
942 2543 1064 2571 sacroe
1081 2543 1163 2570 aroe
1183 2543 1263 2570 mo-

379 2593 472 2632 dum
491 2593 717 2641 acformam
736 2594 820 2643 ejus
837 2606 965 2633 secum
982 2606 1157 2635 sermone
1175 2606 1263 2634 con·

370 2655 482 2704 serre
498 2656 675 2707 conatos]
712 2657 782 2696 Ita
801 2657 939 2708 vulgo.
995 2656 1047 2696 In
1080 2656 1264 2698 Atreba-

382 2718 512 2770 tensi,
532 2719 582 2758 W
585 2719 841 2771 incheliano,
861 2727 906 2760 et
925 2721 1261 2761 Pulmanniano:

383 2782 432 2820 de
447 2782 558 2821 modo
576 2794 621 2821 ac
643 2781 780 2830 forma
811 2782 895 2832 ejus
912 2795 1038 2823 secum
1055 2796 1266 2824 sermonem

386 2844 564 2894 conferre
595 2851 768 2888 conatos.
822 2847 908 2887 Sed
940 2860 1136 2901 quaenam
1174 2849 1266 2889 haec

388 2919 461 2949 ara
483 2909 592 2949 tanti
613 2910 838 2951 moliminis
867 2923 918 2951 ac
938 2914 1099 2964 operis,
1130 2917 1179 2952 nt
1213 2912 1266 2953 de

387 2974 480 3026 ejus
514 2978 732 3015 structura
764 2975 1050 3028 concipienda
1079 2981 1146 3017 tot
1170 2988 1268 3017 con-

389 3037 494 3077 siliis
513 3035 646 3077 fuerit
665 3037 802 3090 opus?
860 3039 1003 3078 Locus
1023 3039 1125 3079 mihi
1147 3040 1270 3080 valde

392 3106 615 3154 suspectus
642 3106 723 3142 est.
781 3102 832 3142 In
852 3102 1150 3145 Wincheliano
1183 3117 1272 3145 con-

391 3167 574 3204 ductores
589 3165 664 3204 οἱα.»
681 3168 825 3205 sanctoe
844 3164 1015 3217 legitur,
1044 3172 1171 3219 atque
1192 3168 1272 3208 eti-

394 3239 463 3268 am
482 3227 698 3280 mendose,
720 3228 762 3268 ni
783 3226 941 3279 fallor-3
968 3239 1067 3268 nam
1090 3237 1196 3282 puto
1212 3231 1273 3270 le-

396 3291 583 3344 gendnm
611 3302 723 3344 esse,
754 3292 1003 3332 conductores
1019 3303 1139 3332 sacroe
1157 3293 1278 3344 arcis,

397 3361 449 3396 ut
485 3355 778 3407 intelligamus
816 3360 1036 3395 auctorem
1073 3356 1187 3409 loqui
1222 3356 1276 3396 de

399 3429 502 3458 arce
550 3417 780 3470 Minervae,
826 3416 1111 3460 celeberrimo
1150 3424 1277 3471 atque

399 3480 821 3533 magnificentissimo
854 3479 1116 3524 Athenarum
1147 3480 1279 3521 aedifi·

403 3545 486 3597 cio,
504 3546 624 3602 cujus
644 3557 761 3599 saepe
779 3544 973 3591 meminit
987 3545 1221 3587 Pausanias
1235 3545 1279 3586 in

940 320 1116 361 NOTAE
1157 322 1487 364 VARIORUM
1532 326 1597 366 IN

1298 443 1461 495 Attica,
1489 446 1533 485 in
1564 457 1615 486 ea
1634 445 1816 486 omnium
1856 446 2166 488 sanctissimum

1299 507 1507 548 Minervae
1537 509 1702 560 signum
1732 509 1786 549 de
1818 512 1924 551 coelo
1944 510 2167 563 delapsum

1297 569 1545 611 dedicatum
1563 571 1691 612 fuisse
1706 573 1912 615 scribens.
1969 574 2170 615 Meminit

1299 633 1388 685 ejus
1407 634 1509 674 item
1530 640 1677 675 noster
1688 637 1904 686 Valerius,
1921 637 1992 677 lib.
2007 649 2050 678 v.
2069 649 2168 688 cap·-

1298 699 1339 735 3.
1369 702 1411 736 et
1447 696 1520 736 lib.
1551 708 1624 738 111.
1659 710 1756 750 cap.
1787 703 1826 739 1.
1857 701 1978 751 Pigh.
2034 700 2171 742 Sacroe

1299 759 1420 809 arcis]
1448 761 1584 799 Erasa
1616 772 1718 801 vera
1749 762 1877 802 lectio
1897 763 1938 802 in
1958 763 2034 805 lib.
2053 764 2169 804 Dan.

1300 826 1347 860 et
1378 821 1644 872 adscriptum
1664 834 1768 873 orae,
1784 823 1860 863 vioe
1877 836 2015 866 sacroe.
2067 824 2171 864 Vul-

1302 888 1403 935 gata
1430 885 1560 926 lectio
1592 899 1615 924 a
1649 886 1802 938 Pighio
1836 893 1918 927 est.
1972 886 2062 927 Sed
2079 886 2172 940 quis

1301 949 1470 991 dubitet
1495 963 1656 991 sacram
1678 963 1838 1001 arcem,
1866 949 2175 992 nobilissimum

1303 1012 1547 1062 aedificium,
1559 1014 1650 1064 jam
1668 1019 1768 1054 ante
1798 1015 2024 1055 Platonem
2039 1013 2175 1054 fuisse

1303 1076 1599 1116 exstructum?
1636 1077 1922 1130 Manuscripti
1941 1077 2024 1118 mei
2043 1081 2175 1117 caete=

1303 1139 1353 1187 ri,
1380 1151 1503 1179 sacrae
1521 1152 1615 1181 arae.
1671 1141 1958 1181 Doctissimns
1985 1140 2177 1181 Mitalle·

1302 1202 1387 1242 rius
1415 1213 1531 1242 aram
1563 1201 1771 1254 Apollinis
1798 1203 1842 1244 in
1873 1204 1988 1245 Delo
2019 1203 2180 1246 intelli-

1301 1265 1386 1316 gitz
1419 1277 1543 1317 quem
1564 1266 1675 1306 vide.
1705 1267 1832 1308 Celer.

1356 1327 1425 1367 Ad
1448 1326 1664 1379 Euclidem]
1701 1328 1802 1369 Fuit
1822 1329 2044 1380 Euclides,
2064 1334 2177 1370 teste

1308 1388 1495 1438 Laertio,
1529 1389 1763 1430 Geometra
1802 1390 1981 1442 insignis
2029 1391 2178 1443 Mega-

1307 1450 1459 1503 rensis,
1492 1451 1575 1501 vel,
1608 1456 1656 1491 nt
1693 1452 1764 1492 alii
1798 1451 1963 1504 dicunt,
1999 1450 2178 1494 Gelons.

1312 1513 1416 1555 otio.

1365 1578 1490 1618 Immo
1504 1577 1757 1630 professioni]
1797 1579 1946 1619 Utitur
1973 1579 2183 1620 correcti-

1311 1652 1410 1692 one,
1455 1641 1554 1694 quia
1593 1642 1779 1692 dixerat,
1811 1642 1986 1683 scientiae
2019 1643 2155 1682 cedens
2166 1655 2183 1689 ,-

1311 1711 1407 1746 rram
1429 1705 1522 1756 ejus
1543 1704 1648 1745 artis
1668 1704 1845 1745 scientia
1862 1705 1990 1745 Plato
2008 1716 2093 1748 non
2118 1704 2188 1744 in·

1312 1767 1445 1808 ferior
1463 1774 1556 1808 erat
1577 1767 1774 1818 Euclide,
1804 1768 1882 1808 sed
1901 1779 1985 1808 non
2003 1778 2098 1808 eam
2117 1778 2184 1807 so-

1313 1831 1397 1872 lam
1429 1830 1728 1883 profitebatur.
1783 1831 1900 1883 Ergo
1925 1831 2056 1871 cessit
2086 1842 2186 1882 pro-

1314 1893 1503 1945 fessioni,
1545 1894 1645 1947 quia
1690 1893 1817 1934 Plato
1856 1893 2195 1946 Philosophiam,

1315 1957 1518 2002 Euclides
1533 1970 1634 1999 vero
1649 1957 1941 1999 Geometrlam
1960 1956 2188 2010 profiteba-

1317 2030 1403 2064 tur.
1434 2024 1539 2063 Oliv.

1371 2090 1439 2142 §2
1473 2087 1702 2140 Visendum]
1759 2089 1949 2141 Dignum
1982 2087 2096 2141 qnod
2134 2085 2189 2127 ab

1315 2151 1511 2192 omnibns
1547 2152 1782 2192 videretur.
1841 2151 1897 2191 Et
1932 2150 2023 2190 sine
2059 2149 2191 2192 dnbio

1318 2221 1512 2266 tempore
1529 2214 1690 2255 Valerii
1706 2214 1885 2255 extabat
1898 2225 2006 2266 opus
2021 2211 2125 2253 illud
2142 2217 2192 2252 ut

1320 2278 1454 2319 videri
1500 2283 1678 2330 posset;
1717 2290 1830 2319 nunc
1876 2289 1929 2317 ne
1974 2275 2193 2318 minimum

1320 2342 1492 2396 quidem
1512 2340 1602 2394 ejus
1615 2341 1838 2393 vestigium
1859 2343 2055 2393 apparet.
2072 2338 2193 2399 Idem.

1376 2408 1398 2459 ς
1418 2410 1443 2447 3
1473 2406 1664 2460 Mirifice,
1681 2403 1772 2457 Epa]
1799 2402 1885 2444 Hic
1899 2403 1986 2443 fuit
2006 2400 2196 2454 Apelles,

1322 2470 1395 2523 qui
1412 2469 1467 2509 de
1486 2469 1687 2521 operibus
1707 2468 1795 2509 suis
1814 2466 1932 2520 vulgi
1949 2475 2117 2521 quoque
2126 2463 2197 2515 ju-

1324 2533 1482 2573 dicium
1515 2532 1616 2572 dum
1647 2537 1876 2584 quaereret,
1911 2533 2024 2571 teste
2053 2526 2198 2568 Plinio

1323 2596 1398 2636 lib.
1425 2606 1575 2636 xxxv.
1604 2593 1966 2646 perfecta‘opera
1995 2603 2072 2631 sua
2103 2601 2200 2643 pro-

1325 2659 1518 2712 ponebat
1554 2659 1598 2698 in
1646 2658 1826 2710 pergula
1862 2653 2199 2704 transeuntibus,

1328 2729 1457 2775 atque
1476 2726 1572 2773 post
1592 2722 1727 2772 ipsam
1748 2719 1938 2760 tabulam
1958 2720 2116 2767 latens,
2137 2715 2200 2761 yi-

1326 2785 1403 2836 tia,
1451 2795 1546 2836 quae
1596 2786 1863 2831 notarentur,
1912 2777 2203 2829 auscultabat,

1326 2847 1498 2897 vulgum
1518 2843 1834 2896 diligentiorem
1847 2841 2057 2895 judicem,
2074 2852 2203 2896 quam

1329 2922 1390 2959 se,
1419 2906 1667 2961 praeferens.
1721 2903 1971 2960 Feruntque
2001 2917 2027 2947 a
2056 2910 2203 2946 sutore

1329 2974 1649 3027 reprehensum,
1677 2972 1790 3025 quod
1826 2972 1870 3012 in
1897 2969 2084 3024 crepidis
2118 2980 2205 3010 una

1330 3038 1443 3078 intus
1458 3036 1684 3090 panciores
1704 3035 1880 3077 fecisset
1897 3046 2037 3086 ansas,
2055 3032 2205 3074 eodem

1334 3107 1509 3154 postero
1555 3099 1624 3140 die
1676 3098 1866 3152 superbo
1909 3094 2206 3139 emendatione

1334 3165 1527 3217 pristinae
1557 3161 1857 3203 admonitionis
1877 3160 2108 3202 cavillante
2122 3158 2206 3199 cir-

1335 3240 1387 3267 ca
1406 3239 1518 3277 crus,
1542 3225 1806 3278 indignatum
1825 3221 2113 3277 prospexisse,
2133 3221 2210 3262 de-

1336 3290 1622 3338 nuntiantem,
1654 3300 1707 3329 ne
1739 3298 1869 3340 supra
1887 3285 2108 3338 crepidam
2141 3297 2210 3325 sn·

1337 3357 1405 3401 tor
1429 3352 1662 3404 judicaret.
1715 3349 1845 3394 Quod
1876 3349 2013 3402 ipsum
2041 3348 2085 3388 in
2110 3359 2210 3402 pro-

1338 3415 1527 3456 verbinm
1547 3413 1681 3454 venit.
1711 3412 1818 3452 oliv.

1391 3476 1571 3528 Ansulis]
1632 3474 1949 3517 Diminutivum
1994 3472 2048 3514 ab
2092 3482 2214 3514 ansa.

1339 3542 1448 3585 Sunt
1480 3547 1623 3586 antem
1655 3539 1828 3593 ansulae,
1865 3536 2015 3593 quibus
2047 3537 2209 3581 calcea-
