2320 4004
378 297 524 350 1116

374 429 514 469 altera
533 427 778 480 pudicorum
811 426 1054 478 affectuum,
1083 435 1249 481 postre-

377 506 447 534 ma
471 494 690 534 libidinum
717 500 761 534 et
780 506 980 535 amorum.
1035 494 1123 534 Per
1142 507 1247 534 oscu-

374 557 456 595 lum
503 557 570 596 hic
616 555 773 607 agnitio
813 555 1091 607 Semproniae‚
1135 556 1247 609 quod

374 620 567 672 Equitius
599 624 710 658 esset
744 618 907 658 Tiberii
941 618 1088 660 fratris
1120 631 1247 659 *verus

374 680 503 730 filius,
523 681 786 731 intelligitur.
828 681 943 721 Illud
965 686 1108 722 autem
1123 694 1246 722 oscu-

374 743 460 781 lum
482 743 689 782 recusavit
713 743 981 795 Sempronia.

428 804 576 848 Quibus
603 805 793 857 tenebris]
820 806 1027 848 Obscuris
1059 808 1245 860 parenti·

370 866 464 906 bus.

423 920 698 981 Protractum]
732 930 1028 973 Procreatum.

423 992 490 1042 §⁷
518 992 582 1031 An
598 992 720 1042 abigi,
746 993 832 1044 ξω]
861 994 956 1034 Hoc
990 995 1080 1034 sine
1111 994 1243 1034 dubio

365 1053 547 1104 contigit
575 1054 699 1093 Civili
719 1056 858 1105 Bello,
880 1057 992 1108 quod
1021 1057 1062 1095 in
1091 1055 1242 1096 Africa

366 1121 532 1166 gestum
547 1123 613 1156 est
629 1123 724 1168 post
739 1117 935 1169 Pompeii
951 1131 1095 1158 casum
1113 1133 1123 1158 ε
1143 1119 1240 1159 nain

363 1183 492 1229 capta
528 1178 639 1219 forte
677 1180 841 1220 triremi
871 1193 953 1220 una
981 1181 1239 1232 Caesariana,

364 1253 460 1291 quae
488 1248 767 1282 commeatum
802 1255 856 1282 ex
888 1243 1032 1283 Sicilia
1055 1243 1239 1283 advehe-

364 1303 465 1342 bat:
513 1305 701 1343 veterani
741 1305 912 1356 quidam
948 1307 1105 1346 milites
1142 1319 1235 1346 cum

361 1367 609 1406 centurione
624 1378 706 1405 uno
725 1367 779 1405 ad
797 1367 1041 1418 Scipionem
1061 1368 1236 1408 deducti

360 1434 475 1478 sunt,
499 1441 603 1480 quos
630 1429 691 1468 ita
715 1429 858 1480 Scipio
887 1430 1047 1469 dicitur
1078 1431 1235 1470 allocu-

360 1495 456 1530 tus:
487 1492 584 1530 Non
613 1498 765 1543 sponte
797 1498 954 1543 vestra,
973 1499 1093 1533 certe
1130 1494 1236 1544 scio,

356 1553 433 1592 sed
454 1554 566 1594 illius
585 1556 778 1595 scelerati
800 1557 932 1596 vestri
954 1557 1235 1609 Imperatoris

358 1616 542 1667 impulsu
571 1622 616 1657 et
642 1619 818 1670 imperio
850 1620 1169 1671 coactos-cives,
1190 1627 1235 1660 et

357 1680 564 1731 optimum
606 1694 816 1734 quemque
851 1681 1020 1722 nefarie
1058 1695 1233 1722 consec·

357 1745 470 1794 tari3
497 1756 601 1796 quos
629 1747 826 1797 quoniam
863 1745 1036 1786 fortuna
1070 1746 1112 1786 in
1141 1758 1233 1786 nos-

357 1811 465 1845 tram
488 1806 640 1846 detulit
678 1813 952 1858 potestatem,
981 1809 1018 1848 si
1039 1808 1097 1859 id,
1115 1808 1230 1861 quod

352 1866 496 1908 facere
516 1868 696 1920 debetis,
716 1871 1022 1922 rempublicam
1041 1883 1139 1912 curn
1159 1884 1231 1923 op-

354 1931 458 1971 timo
495 1945 660 1984 quoque
694 1932 941 1985 defenditis,
971 1940 1136 1974 certum
1166 1941 1231 1975 est

355 1995 473 2035 vobis
517 1996 647 2036 vitam
689 2002 735 2036 et
777 1998 999 2048 pecuniam
1047 1998 1228 2049 donare;

352 2064 617 2110 quapropter
655 2058 757 2110 quid
788 2059 981 2099 sentiatis
1017 2061 1230 2112 proloqui·

350 2119 469 2160 mini.
523 2121 631 2160 Tum
676 2122 889 2171 centurio,
926 2122 1014 2162 Pro
1050 2128 1140 2174 tuo,
1169 2123 1231 2162 in-

350 2183 458 2236 quit,
474 2196 636 2223 summo
655 2183 881 2235 beneficio,
896 2185 1056 2236 Scipio,
1073 2186 1231 2236 gratias

348 2257 446 2297 ago,
481 2259 562 2286 non
602 2247 713 2286 enim
746 2252 791 2286 te
822 2247 1135 2299 Imperatorem
1154 2261 1230 2300 ap·

348 2309 480 2359 pello,
509 2309 622 2360 quod
661 2309 761 2348 mihi
794 2309 926 2349 vitam
963 2310 1231 2351 incolumita-

347 2378 535 2424 temque,
564 2373 663 2413 belli
685 2374 785 2425 jure
805 2379 952 2425 capto,
980 2375 1228 2426 polliceris;

347 2440 392 2475 et
411 2435 552 2475 forsan
574 2435 658 2475 isto
678 2442 823 2476 uterer
843 2436 1071 2488 beneficio,
1089 2439 1123 2478 si
1143 2451 1227 2479 non

345 2498 386 2536 ei
433 2509 638 2537 summum
695 2500 835 2538 scelus
891 2500 1226 2553 adjungeretur:

345 2571 483 2610 egone
503 2567 653 2599 contra
684 2562 897 2601 Caesarem
918 2562 1227 2613 Imperatorem

346 2634 502 2673 meum,
547 2624 659 2674 apud
710 2635 834 2676 quem
881 2625 1074 2665 ordinem
1112 2626 1229 2676 duxi,

345 2686 524 2738 ejusque
550 2686 803 2736 exercitum,
830 2698 909 2737 pro
943 2687 1062 2738 cujus
1089 2687 1227 2737 digni-

344 2754 437 2789 tate
458 2749 722 2801 victoriaque
742 2750 924 2800 amplius
958 2761 1124 2790 xxxvr.
1155 2762 1226 2789 an·

345 2811 413 2850 nis
429 2811 689 2863 depugnavi,
718 2811 922 2851 adversus
955 2819 1226 2865 armatusque

291 2880 293 2882 '
345 2875 600 2914 consistam?
645 2886 783 2926 neque
825 2887 905 2926 ego
946 2875 988 2914 id
1033 2874 1226 2915 facturus

343 2949 436 2979 sum
455 2952 467 2989 ς
486 2944 532 2979 et
551 2945 596 2979 te
612 2950 886 2990 magnopere,
902 2944 951 2978 ut
968 2939 1139 2989 negotio
1153 2939 1224 2978 de·

343 3001 485 3052 sistas,
503 3001 718 3041 adhortor.
776 3001 940 3041 Contra
970 3002 1091 3052 cujus
1112 3001 1223 3040 enim

345 3064 489 3117 copias
510 3062 762 3115 contendas,
781 3065 816 3103 si
848 3064 983 3103 minus
1005 3070 1129 3104 antea
1149 3075 1216 3103 ex-

341 3132 492 3180 pertus
513 3139 574 3177 es,
588 3127 689 3166 licet
705 3137 814 3165 nunc
831 3137 1088 3177 cognoscas:
1111 3125 1222 3177 elige

343 3203 398 3230 ex
417 3191 501 3231 tuis
524 3190 742 3230 cohortem
763 3200 905 3237 unam,
936 3201 1062 3242 quam
1097 3195 1222 3241 putas

343 3265 438 3293 esse
458 3252 754 3301 firmissimam,
772 3256 817 3292 et
836 3251 1050 3292 constitue
1071 3258 1222 3292 contra

343 3331 439 3368 me;
483 3329 563 3368 ego
609 3329 664 3356 ex
710 3316 814 3356 meis
849 3317 1224 3371 commilitonibus,

344 3393 447 3434 qnos
465 3392 577 3419 nnnc
595 3380 640 3419 in
658 3383 730 3419 tua
750 3385 872 3419 tenes
889 3385 1122 3432 potestate,
1138 3391 1221 3419 nou

344 3445 524 3496 amplius
554 3443 763 3484 decimum
792 3455 1003 3496 quemque
1029 3454 1220 3482 sumam:

343 3514 447 3550 tunc
467 3519 520 3549 ex
538 3508 696 3548 virtute
717 3513 861 3548 nostra
876 3506 1107 3559 intelliges,
1120 3506 1222 3558 quid

973 311 1147 351 No'rAE
1188 310 1514 353 VARIORUM
1558 314 1622 353 IN

1312 443 1366 470 ex
1398 432 1481 471 tuis
1511 431 1643 483 copiis
1675 443 1845 483 sperare
1872 430 2053 472 debeas:
2083 435 2186 472 tunc

1311 494 1455 546 Scipio
1474 495 1676 546 irritum,
1691 491 1835 535 omnes
1848 494 2031 535 interfici
2040 495 2186 546 jussit.

1313 558 1518 597 Oliva-ius.
1571 557 1638 598 An
1655 558 1763 607 abigi
1779 558 1892 598 debet
1920 557 2104 609 Pontius]
2132 557 2185 597 In

1311 620 1405 658 aliis
1427 619 1697 670 editionibus,
1728 621 1874 672 Titius,
1894 633 1976 660 non
2002 621 2190 671 Pontius,

1307 682 1478 733 legitur.
1509 684 1600 733 Ego
1614 695 1715 722 vero
1732 680 1924 733 legerim,
1944 683 2060 723 Titus
2077 683 2187 722 Pon-

1306 744 1398 784 tius.
1454 745 1498 784 Is
1529 747 1620 796 ipse
1645 751 1728 795 est,
1760 744 1814 784 de
1844 756 1928 797 quo
1947 746 2099 785 Cicero
2127 744 2182 784 de

1306 808 1561 847 Senectute:
1593 807 1606 829 ‘
1623 808 1661 847 N
1666 819 1717 848 ec
1731 819 1804 846 vos
1821 799 1991 859 quidem
2005 808 2054 847 T.
2069 807 2186 846 Pon-

1308 870 1354 909 tii
1392 871 1651 910 centurionis
1690 870 1800 909 vires
1850 869 2032 916 habetis,
2080 878 2182 908 num

1305 931 1467 972 idcirco
1502 934 1573 973 ille
1610 938 1678 973 est
1709 931 1983 984 praestantior
2016 931 2136 971 vobis
2151 929 2182 969 θ’

1307 995 1435 1034 Coler.

1356 1055 1404 1095 Sa·
1430 1067 1471 1095 se
1494 1056 1697 1107 futurum,
1727 1055 1813 1107 ξιτ]
1841 1056 2074 1107 Discrepat
2101 1054 2183 1095 hoe

1302 1119 1397 1159 loco
1428 1119 1625 1159 Valerius
1656 1131 1679 1158 a
1712 1119 1895 1159 Caesaris
1925 1124 2184 1158 commenta·

1304 1181 1374 1220 riis
1391 1197 1402 1219 :
1428 1194 1523 1221 nam
1544 1188 1640 1234 post
1672 1182 1869 1234 Pompeii
1897 1186 2079 1222 mortem
2100 1181 2180 1220 boc

1301 1243 1461 1283 factum
1493 1243 1638 1296 fuisse,
1673 1256 1728 1284 ex
1757 1244 1888 1295 ipsius
1923 1249 2180 1285 commenta-

1300 1306 1371 1345 riis
1389 1306 1621 1356 colligitur,
1638 1307 1719 1346 nisi
1747 1307 1856 1346 alter
1888 1307 2000 1347 forte
2021 1307 2182 1347 Centu—

1299 1369 1362 1408 rio
1395 1369 1477 1408 alio
1511 1375 1703 1421 tempore
1733 1369 1944 1420 Scipionis
1978 1364 2208 1420 praes‘idio.

1298 1431 1567 1483 interceptus
1586 1432 1639 1471 ad
1659 1444 1756 1472 eum
1775 1431 1926 1471 fuisset
1953 1431 2180 1482 deductus,

1298 1496 1409 1548 quod
1441 1507 1645 1547 nusquam
1679 1507 1746 1535 me
1783 1494 1936 1546 legisse
1977 1493 2180 1538 memini:

1297 1570 1392 1597 nam
1421 1558 1533 1610 quod
1555 1557 1741 1597 nonnulli
1758 1557 1911 1597 dicunt
1931 1557 2012 1596 boc
2040 1556 2180 1596 eonti-

1296 1621 1406 1670 gisse
1424 1620 1539 1671 apud
1562 1620 1867 1659 Alchmeonem
1893 1617 2087 1669 fluvium,
2104 1617 2178 1670 qui

1297 1682 1595 1723 Macedoniam
1615 1681 1772 1722 dividit
1789 1693 1815 1720 a
1831 1681 2064 1729 Thessalia,
2078 1688 2175 1720 cum

1293 1744 1438 1796 Scipio
1466 1744 1518 1783 ad
1550 1743 1803 1795 Pompeium
1830 1748 2101 1795 properaret,
2129 1749 2178 1784 ut

1294 1808 1535 1860 expeditius
1554 1807 1638 1847 iter
1657 1806 1837 1857 faceret,
1861 1807 1926 1846 Μ.
1944 1805 2174 1845 Favonium

1293 1883 1388 1911 cum
1407 1877 1506 1910 octo
1526 1870 1770 1910 cohortibus
1789 1869 1842 1909 ad
1868 1863 2173 1909 Alchmeonem

1292 1933 1468 1974 fluvium
1504 1934 1547 1973 in
1596 1933 1795 1984 praesidio
1842 1932 2088 1983 collocavit,
2126 1937 2175 1971 et

1293 1996 1404 2049 qnod
1433 1996 1614 2036 Pontius
1650 1996 1810 2035 certior
1842 1994 1984 2035 factus
2013 1993 2068 2034 de
2100 1993 2175 2034 ad·

1292 2065 1424 2099 ventu
1465 2059 1675 2110 Scipionis
1724 2057 1857 2098 fuerit
1890 2058 2176 2109 interceptus,

1293 2127 1429 2162 totum
1454 2121 1624 2170 falsum,
1650 2127 1762 2161 teste
1783 2121 1875 2172 ipso
1895 2121 2081 2171 Caesare,
2099 2120 2172 2172 qui

1291 2184 1481 2224 ostendit
1515 2184 1676 2223 nullum
1713 2182 1775 2221 illi
1806 2181 1936 2222 fuisse
1967 2181 2174 2221 Pontium

1292 2246 1367 2287 sed
1388 2246 1580 2286 Cassium
1593 2257 1676 2284 non
1692 2245 1996 2296 interceptum,
2010 2243 2084 2284 sed
2099 2242 2173 2283 ad-

1292 2314 1423 2348 ventu
1443 2307 1625 2348 Domitii
1644 2307 1896 2347 liberatum:
1918 2317 2050 2359 quare
2065 2305 2175 2346 Cen·-

1290 2372 1517 2420 turionem‚
1539 2383 1662 2423 quem
1683 2382 1815 2422 supra
1843 2370 2044 2420 diximus,
2067 2369 2172 2408 Pon·

1290 2435 1390 2474 tium
1425 2433 1688 2473 nominatum
1727 2431 1860 2473 fuisse
1894 2432 2170 2473 crediderim.

1295 2497 1443 2536 Oliver.

1344 2562 1412 2613 §8
1439 2559 1663 2600 Antoniano
1700 2559 1815 2610 bello]
1858 2559 1954 2600 Hoc
1990 2558 2172 2611 contigit

1290 2623 1403 2662 bello
1422 2622 1554 2673 civili,
1582 2621 1698 2674 quod
1725 2634 1821 2662 cum
1855 2621 2045 2663 Antonio
2077 2633 2172 2674 ges-

1290 2689 1378 2724 tum
1399 2691 1482 2725 est.

1341 2747 1647 2798 Alexandriam]
1687 2746 1773 2787 Ubi
1809 2759 1906 2788 cum
1937 2747 2170 2798 Cleopatra

1291 2811 1476 2851 vivebat.
1739 2823 1741 2825 ’

1342 2874 1478 2924 Neque
1508 2873 1648 2912 mortis
1675 2871 1884 2924 supplicio]
1913 2871 2039 2912 Licet
2057 2881 2166 2912 mor·

1288 2941 1372 2976 tem
1396 2936 1618 2975 miniteris.

1340 2999 1455 3038 ExT.
1474 2999 1496 3050 ξ
1516 3001 1534 3036 1
1553 2996 1773 3048 Salapiam]
1789 2996 1903 3037 Urbs
1916 3001 1982 3038 est
1998 2995 2166 3048 Apulia

1286 3062 1568 3112 Dauniorum,
1596 3060 1839 3100 meretricio
1869 3059 2091 3100 Annibalis
2119 3071 2165 3099 ι-

1285 3137 1404 3166 more
1429 3124 1673 3165 nobilitata.
1727 3123 1868 3163 Testis
1895 3122 2061 3163 Plinius
2089 3121 2164 3162 lib.

1286 3200 1356 3229 111.
1375 3201 1414 3228 c.
1438 3191 1506 3228 ll.

1339 3251 1540 3302 Salapiam
1581 3254 1620 3290 et
1664 3249 1893 3301 quingentos
1945 3247 2164 3299 Numae]

1286 3315 1381 3355 Nec
1419 3314 1507 3352 sine
1544 3312 1661 3352 caede
1693 3313 1828 3351 multa
1863 3310 1975 3351 tradi
2005 3311 2166 3363 potuit,

1285 3378 1385 3430 quia
1402 3377 1525 3427 longe
1544 3375 1764 3415 fortissimi
1783 3374 1976 3427 equitum
1993 3380 2047 3413 ex
2068 3378 2162 3413 toto

1286 3439 1452 3480 Punico
1471 3436 1663 3476 exercitu
1682 3441 1834 3475 erant:
1862 3436 2008 3488 itaque
2027 3441 2160 3489 quan·-

1284 3514 1408 3556 quam
1443 3500 1674 3552 improvisa
1708 3510 1778 3540 res
1812 3498 1909 3552 fuit,
1943 3510 2025 3540 nec
2060 3507 2160 3542 usus
