2288 3990
555 299 812 339 VALERn
856 297 1098 337 MAxnui
1145 299 1260 338 mn.
1292 300 1382 338 111.
1422 299 1553 339 cAP.
1580 286 1633 338 4.

189 418 407 459 institutas
423 428 447 456 a
467 416 650 457 Romulo
668 417 862 466 auxit,ut
876 417 918 455 in
932 415 1071 456 tribus

191 481 393 522 centuriis
410 479 524 520 mille
543 487 587 519 et
617 480 799 520 trecenti
819 479 989 532 equites
1007 491 1071 518 es·

189 549 302 585 sent.

243 612 306 662 §3
335 610 400 660 In,
415 609 502 660 ξω]
530 607 728 659 Contigit
752 606 808 648 A.
826 610 883 650 U.
901 618 1070 648 cmxxv.

252 673 423 714 Ver-nam
477 673 568 713 huic
612 674 701 713 urbi
744 680 896 722 natum,
940 684 1073 723 regem

192 736 340 787 dando]
368 736 513 776 Verba
550 737 735 789 trajecta
776 736 983 786 recolligo
1027 741 1072 776 et

191 811 382 851 repono;
411 812 567 840 vernam
593 805 743 852 natum,
772 800 863 839 Ιιιιὶσ
892 799 982 839 urbi
1009 811 1072 839 re-

187 874 278 913 gem
318 863 459 903 dando.
516 863 704 903 Viliores
741 863 945 903 videlicet
980 863 1071 902 nati

193 925 324 974 servi,
351 937 481 978 quam
499 925 620 966 facti.
676 927 858 966 Plautus
890 925 944 965 ad
980 937 1073 966 cor-

193 988 429 1028 rectionem
447 996 632 1029 nostram
655 990 870 1041 apposite,
888 989 941 1028 de
956 990 1073 1029 Mer-

195 1051 315 1091 curio
337 1057 383 1090 et
401 1052 524 1091 Sosia
541 1066 552 1092 :
585 1053 597 1074 ‘
611 1053 752 1092 Satius
771 1059 839 1093 est
858 1065 924 1092 me
953 1055 1074 1105 queri

194 1113 268 1152 illo
322 1114 448 1154 modo
490 1115 761 1167 servitutem,
807 1116 933 1156 hodie
990 1117 1074 1159 Qui

193 1174 348 1216 fuerim
367 1177 477 1216 liber
495 1191 506 1217 ε
527 1179 595 1218 hic
615 1179 687 1230 qni
708 1191 837 1218 verna
856 1185 981 1219 natus
996 1185 1078 1230 est,

194 1239 415 1290 queritur.'
434 1241 545 1292 Lips.
609 1242 794 1293 Ver-nam]
821 1243 1001 1281 Servum
1022 1255 1076 1282 ex

196 1301 356 1341 ancilla
374 1310 537 1343 natum.
594 1304 734 1346 Autor
767 1306 821 1345 de
860 1306 976 1345 Viris
1019 1307 1078 1345 Il-

196 1364 416 1415 lnstribus,
471 1367 484 1388 ‘
503 1368 677 1407 Servius
700 1368 897 1418 Tullius,'
926 1369 1080 1421 inquit,

195 1427 208 1462 ἓ
226 1427 371 1468 Publii
403 1429 693 1482 Corniculani,
710 1437 755 1471 et
775 1432 956 1472 Ocrisiae
978 1445 1080 1484 cap-

198 1490 300 1530 tivae
335 1490 464 1544 filius,
504 1505 601 1533 cum
640 1495 682 1533 in
702 1494 829 1534 domo
858 1496 1081 1549 Tarquinii

199 1554 343 1595 Prisci
377 1555 651 1608 educaretur,
690 1557 871 1598 fiammae
912 1560 1080 1610 species

176 1625 180 1628 ’
198 1621 332 1667 caput
349 1617 443 1669 ejus
461 1619 686 1670 complexa
705 1619 799 1660 est.'
830 1621 936 1661 oliv.
984 1622 1081 1662 Ver-

199 1679 311 1731 nam]
339 1680 391 1720 Id
410 1688 492 1731 est,
513 1695 683 1723 servum
703 1696 755 1723 ex
777 1686 946 1726 ancilla.
968 1687 1080 1726 Livi-

198 1754 248 1782 ns
280 1747 425 1784 tamen
451 1746 544 1786 vult
574 1745 785 1788 duntaxat
814 1760 869 1788 ex
907 1750 1083 1801 captiva

198 1811 360 1848 natum.
387 1808 558 1849 Badius.

255 1871 409 1917 Quater
436 1868 601 1913 luseram
618 1874 799 1926 condere]
827 1875 878 1915 Id
899 1880 981 1927 est,
998 1876 1082 1916 lus-

201 1935 435 1975 trationem
453 1936 626 1987 civium,
658 1937 702 1977 id
737 1943 820 1990 est,
850 1938 1084 1990 inquisitio-

201 2006 301 2035 nem
319 2002 423 2048 quot
437 2003 598 2049 essent,
611 2006 656 2040 et
670 2005 877 2053 quantum
895 2001 1085 2053 posside-

201 2063 314 2110 rent,
328 2060 442 2111 quod
457 2062 607 2113 quinto
620 2075 787 2116 quoque
803 2076 913 2105 anno
929 2063 1084 2106 fiebat:

202 2122 317 2163 unde
344 2123 509 2165 lustrum
530 2137 607 2176 pro
626 2126 915 2179 quinquennio
931 2128 1086 2168 deinde

203 2193 469 2238 usurpatum.
489 2189 657 2229 Badius.

261 2248 406 2290 Servili
422 2252 666 2303 cognomine]
696 2253 812 2295 Quia
830 2253 974 2294 dictus
996 2254 1089 2295 Ser·

207 2310 308 2364 vius,
327 2318 458 2366 atque
479 2326 505 2353 a
537 2315 550 2337 ‘
569 2314 720 2355 servo’
749 2328 901 2356 nomen
927 2317 1093 2368 habuit,

211 2375 402 2427 quamvis
419 2377 511 2416 Liv.
533 2376 652 2418 dicat
670 2383 837 2430 patrem
858 2380 980 2431 hujus
996 2380 1094 2419 Ser-

210 2438 326 2478 vium
343 2441 608 2492 appellatum
640 2453 748 2490 esse,
778 2443 1018 2494 principem
1051 2444 1093 2483 in

211 2500 450 2543 Corniculo
486 2503 683 2555 civitate,
718 2512 763 2545 et
799 2506 956 2558 probat
981 2507 1095 2547 hunc

211 2574 296 2604 non
315 2576 485 2606 servum
524 2565 653 2607 fuisse
686 2567 740 2608 de
773 2581 900 2609 serva
931 2575 1094 2612 natum.

216 2627 323 2668 otio.
379 2629 526 2670 Servili
555 2633 793 2683 cognomine,
820 2637 859 2672 et
891 2634 1003 2684 regia
1027 2647 1097 2686 ap·

211 2690 419 2742 venatione
444 2694 666 2747 perplexius]
698 2696 980 2738 Demonstrat
1013 2698 1097 2738 hoc

212 2751 326 2794 idem
342 2754 385 2794 in
399 2756 702 2809 antiquissimis
717 2759 974 2811 Capitolinis
987 2773 1098 2800 mar·

214 2817 404 2858 moribus
438 2819 744 2872 triumphorum
783 2822 876 2872 ejus
914 2823 1095 2864 titulus:

215 2880 321 2921 San..
357 2882 564 2924 Tvnuvs.
586 2884 705 2925 Rex.
760 2886 857 2927 Quo
894 2887 1021 2927 titulo
1055 2893 1100 2928 et

218 2949 405 2985 statuam
454 2946 706 2999 inscriptam
743 2947 876 2990 fuisse
913 2956 1100 2992 autumo.

218 3007 327 3047 Cum
363 3007 495 3061 igitur
534 3010 595 3050 nil
631 3017 790 3063 praeter
836 3025 1100 3067 praenomen,

219 3070 397 3121 Servius,
423 3073 563 3112 Tullio
579 3073 857 3127 adjungatur,
886 3077 930 3116 id
961 3078 1101 3129 ipsum

220 3139 338 3176 recte
356 3148 591 3188 cognomen
607 3138 733 3188 dixit,
746 3151 798 3179 eo
815 3140 928 3191 quod
941 3142 1103 3182 nomini

214 3199 427 3252 Jnngitur.
484 3201 597 3241 Nam
631 3202 666 3241 si
694 3203 870 3244 tertium
901 3205 1015 3245 aliud
1035 3217 1105 3247 ac-

224 3262 417 3314 cederet,
431 3263 595 3303 Servius
610 3276 855 3316 praenomen
872 3266 1104 3319 diceretur,

225 3324 280 3365 ad
310 3324 595 3366 differentiam
627 3328 807 3368 alterius
828 3329 964 3381 tertii,
991 3331 1105 3383 quod

228 3392 331 3429 tnnc
346 3401 597 3442 cognomen.
650 3390 785 3444 Atqui
818 3394 900 3434 tria
934 3395 1108 3435 nomina

227 3450 478 3493 nobiliorum
523 3466 621 3494 cum
685 3454 864 3507 fuerint,
918 3457 1108 3498 Ausonio

230 3517 372 3565 teste5
395 3514 566 3559 Servius
599 3527 676 3558 rex
702 3518 760 3560 ob
790 3518 1107 3571 ignobilitatem

1868 286 2014 340 1097
2071 301 2074 304 ’

1136 416 1222 456 duo
1256 414 1466 458 duntaxat
1500 417 1665 467 habuit,
1701 421 1832 469 atque
1870 429 1922 456 ex
1954 417 2018 456 bis

1134 479 1317 519 alterum
1337 481 1502 520 servilis
1531 480 1788 522 conditionis
1815 479 2017 520 indicem.

1132 542 1320 593 Pighius.

1185 606 1252 656 §4
1278 605 1420 657 Varro]
1449 606 1576 649 Quod
1595 605 1740 646 humili
1763 606 1858 646 loco
1875 605 1945 646 hic
1965 606 2023 645 sit

1133 673 1258 708 natus
1294 668 1478 707 diximus
1510 670 1551 709 in
1584 681 1682 721 cap.
1717 669 1771 708 de
1803 668 2024 720 Neglecta

1134 731 1377 781 Religione.
1430 732 1535 770 Cum
1551 730 1682 781 igit‘ur
1699 729 1850 770 favore
1870 729 2026 782 plebis,

1135 794 1331 845 patribus
1370 795 1658 846 nequicquam
1704 793 2028 843 resistentibus,

1136 857 1285 896 consul
1303 863 1474 896 creatus
1504 862 1618 896 esset
1646 870 1743 897 cum
1774 858 1825 897 L.
1852 857 2027 908 Paullo,

1137 921 1387 970 gravissima
1407 921 1549 961 clades
1566 922 1652 972 illa,
1667 926 1895 973 tantopere
1912 922 2026 962 cele-

1135 983 1259 1023 brata
1303 996 1328 1023 a
1370 985 1669 1036 scriptoribus,
1703 986 1816 1036 apud
1853 985 2027 1038 Cannas

1139 1046 1309 1099 Apuliae
1348 1049 1488 1088 vicum
1522 1047 1605 1088 fuit
1642 1049 1846 1088 Romanis
1874 1049 2023 1089 illata:

1139 1110 1262 1161 cujus
1283 1116 1410 1152 autor
1430 1110 1516 1152 fuit
1534 1111 1603 1152 hic
1622 1111 1850 1151 Terentius
1866 1112 2027 1151 Varro.

1143 1175 1295 1215 Oliver.

1194 1237 1447 1288 Macellaria]
1476 1238 1529 1278 Id
1554 1245 1636 1288 est,
1662 1238 1739 1278 nbi
1761 1243 1885 1291 pater
1902 1238 2026 1279 obso-

1141 1300 1213 1340 nia
1232 1300 1276 1339 in
1296 1302 1477 1341 macello
1499 1301 1764 1343 venditabat.
1785 1303 1955 1342 Badius.

1197 1363 1488 1404 sordidissima»
1518 1366 1675 1417 mercis,
1711 1366 1800 1417 &sc-J
1831 1366 1883 1406 In
1911 1367 2029 1406 nullo

1144 1432 1341 1467 veterum
1359 1428 1557 1468 codicum
1579 1431 1801 1481 vulgatum
1831 1431 2036 1482 inqu-inari

1145 1491 1373 1541 reperitur.
1427 1491 1489 1531 At
1510 1505 1588 1544 pro
1623 1494 1737 1532 solito
1771 1494 1815 1533 in
1848 1494 2036 1534 Atreba-

1144 1552 1271 1603 tensi,
1312 1554 1445 1594 solito.
1513 1555 1676 1594 Verum
1711 1556 1950 1596 correctius
1989 1557 2034 1596 in

1146 1615 1392 1656 Cauchiano
1411 1617 1586 1669 legitur,
1607 1618 1720 1659 alito.
1772 1619 1948 1670 Melius,
1970 1618 2034 1658 in·

1146 1679 1243 1732 quit
1278 1679 1530 1732 Diomedes,
1565 1681 1722 1720 dicitur
1741 1683 1878 1733 alitus,
1906 1693 2036 1734 quam

1144 1743 1265 1794 altus,
1298 1742 1488 1784 vitandae
1537 1743 1831 1796 ambiguitatis
1878 1743 2036 1796 gratia.

1146 1806 1271 1856 Pigh.

1201 1870 1407 1922 Paullum]
1450 1871 1604 1911 Virum
1634 1869 1838 1911 videlicet
1867 1869 2039 1911 nobilis·

1148 1931 1316 1974 simum.
1373 1934 1570 1985 Contigit
1598 1932 1652 1973 A.
1672 1934 1728 1973 U.
1748 1944 1971 1974 nxxxvn.

1206 1996 1411 2048 Occidere]
1439 1997 1490 2036 Id
1511 2003 1594 2048 est,
1615 1996 1890 2037 occumbere.

1206 2059 1476 2111 Extuditque]
1505 2061 1681 2111 Legitur
1716 2065 1777 2110 et,
1806 2059 1981 2112 excudit,
1996 2058 2043 2099 id

1155 2128 1237 2173 est,
1271 2124 1502 2176 expressit.
1558 2124 1799 2165 Translatio
1835 2136 1862 2163 a
1891 2122 2044 2174 fabris,

1153 2186 1226 2239 qui
1263 2186 1426 2226 ferrum
1462 2187 1688 2239 cudentes,
1715 2189 1759 2226 in
1803 2186 2046 2239 cujuspiam

1154 2249 1431 2289 instrumenti
1451 2249 1632 2290 formam
1661 2249 1868 2290 efficiunt.
1898 2250 2049 2291 Oliver.

1212 2314 1235 2364 ξ
1257 2317 1280 2351 5
1313 2313 1377 2352 M.
1390 2314 1615 2365 Perperna]
1643 2315 1730 2355 Hic
1748 2315 1927 2355 Graecus
1948 2314 2049 2367 fuit,

1160 2380 1207 2415 et
1252 2375 1295 2414 in
1342 2376 1492 2416 urbem
1539 2380 1794 2429 peregrinus
1833 2383 2013 2418 venerat
2035 2391 2049 2428 ς

1161 2437 1319 2478 deinde
1338 2451 1434 2479 cum
1463 2451 1508 2478 se
1529 2441 1828 2491 gratiosiorem
1850 2440 2047 2492 patribus

1157 2499 1350 2554 fecisset,
1383 2508 1429 2542 et
1457 2515 1632 2555 magnas
1663 2515 1770 2556 opes
1804 2515 2050 2556 comparas-

1163 2570 1247 2616 set,
1265 2577 1316 2605 eo
1337 2567 1550 2618 processit
1568 2579 1654 2618 res,
1671 2573 1738 2618 ut,
1757 2579 1853 2608 cum
1873 2568 2051 2609 comitia

1163 2628 1446 2681 haberentur,
1475 2642 1601 2670 ausus
1630 2629 1761 2670 fuerit
1782 2636 1936 2682 petere
1952 2643 2053 2672 con-

1164 2693 1364 2744 sulatum,
1379 2704 1506 2746 quem
1524 2693 1653 2733 etiam
1671 2693 1874 2735 obtinuit.
1908 2694 2054 2735 Multa

1161 2756 1233 2797 hic
1269 2757 1334 2797 rei
1366 2757 1562 2797 militaris
1607 2757 1866 2798 documenta
1910 2757 2052 2810 dedit,

1166 2820 1276 2860 adeo
1297 2825 1346 2860 ut
1366 2821 1484 2872 prius
1505 2833 1615 2872 pene
1635 2822 1781 2860 consul
1801 2833 1927 2874 quam
1944 2821 2052 2862 civis

1164 2884 1318 2925 missus
1351 2890 1504 2925 contra
1522 2883 1814 2925 Aristonicum
1834 2885 1983 2933 fuerit,
2003 2892 2054 2926 ut

1166 2959 1298 2999 supra
1317 2947 1517 2988 diximus.
1545 2947 1945 2989 Nam—Aristonicus
1961 2961 2058 3000 rex,

1169 3011 1374 3052 Eumenis
1411 3011 1542 3063 filius,
1582 3010 1732 3051 Asiam
1769 3011 1908 3052 Attali
1937 3014 2052 3065 regis

1165 3080 1429 3116 testamento
1444 3087 1546 3127 pop.
1568 3075 1691 3114 Rom.
1719 3075 1906 3126 legatam
1925 3087 2051 3115 occu-

1165 3145 1365 3192 paverat,
1391 3139 1596 3180 adversus
1629 3150 1753 3189 quem
1783 3137 1837 3176 P.
1863 3137 2052 3176 Licinius

1166 3204 1361 3254 Crassus,
1383 3208 1429 3242 et
1447 3202 1562 3241 idem
1582 3199 1788 3241 Pontifex
1822 3199 2055 3250 Maximus,

1169 3266 1285 3318 quod
1317 3277 1534 3317 nunquam
1565 3268 1693 3303 antea
1711 3261 1871 3301 factum
1890 3260 2051 3312 fuerat,

1168 3341 1264 3371 cum
1291 3329 1487 3368 exercitu
1515 3327 1682 3374 missus,
1711 3324 1783 3376 qui
1802 3335 1892 3362 rem
1911 3322 2061 3363 infeli-

1169 3393 1278 3433 citer
1299 3392 1449 3443 gessit,
1478 3396 1524 3430 et
1544 3400 1621 3440 per
1641 3387 1812 3426 insidias
1836 3387 2051 3438 intercep-

1171 3460 1257 3505 tus,
1282 3454 1499 3494 occubuit.
1555 3452 1715 3490 Postea
1733 3460 1835 3488 vero
1855 3449 1919 3488 M.
1948 3448 2053 3488 Per·

1171 3529 1308 3571 perna
1327 3515 1566 3560 exercitum
1585 3513 1784 3553 adversus
1802 3511 1914 3552 hunc
1931 3510 2053 3556 Aris·
