2288 3990
515 297 778 341 vALERu
822 295 1065 337 MAXIMI
1110 294 1228 335 mn.
1268 294 1307 334 1.
1348 292 1484 335 cAP.
1511 280 1564 334 8.

142 427 247 470 tum,
300 418 617 474 pedamentum,
659 417 1016 458 fulcimentumve

141 485 366 541 cujuslibet
394 484 457 524 rei
488 483 600 524 basis
630 481 827 534 apposite
855 491 1017 520 nuncn-

139 557 281 604 patur.
334 545 457 588 nam
495 546 527 586 δ’
570 545 632 596 ἂν,
670 544 809 598 inquit
845 543 1018 595 Pollux,

139 614 257 655 εἴποις
271 611 343 654 τὸν
357 611 471 653 πόδα.
527 610 696 651 Bataua.

191 681 215 732 ξ
237 681 289 719 12
316 676 478 729 Aliquid
495 673 785 721 admirationis,
807 671 898 725 θα]
924 670 1017 712 Pli-

137 741 234 782 nius
249 741 326 782 lib.
339 751 423 780 vu.
439 751 536 791 cap.
551 741 618 779 52.
639 738 651 760 ‘
663 735 847 789 Aviola?
859 735 1017 789 inquit,

138 806 153 828 ‘
167 804 400 846 msularis
419 804 462 844 in
482 815 585 855 rogo
605 801 786 853 revixit,
809 805 856 840 et
887 812 1018 853 quum

137 866 355 908 subveniri
390 878 476 906 nou
519 869 706 919 poterat,
750 864 1017 916 praevalente

137 930 324 980 flamma,
379 931 500 971 vivus
546 935 775 971 crematus.
857 927 1017 969 Similis

139 1007 271 1037 eausa
287 995 331 1035 iu
350 994 400 1036 1..
420 993 570 1034 Lamia
598 993 804 1046 praetorio
819 993 913 1033 viro
933 998 1019 1033 tra-

142 1058 291 1110 ditur-3
332 1070 430 1099 nam
466 1058 515 1098 C.
551 1058 707 1098 AElium
743 1057 1017 1098 Tuberonem

141 1119 332 1176 praetura
374 1121 568 1163 functum
605 1134 633 1162 a
669 1135 775 1174 rogo
816 1122 1019 1173 relatum,

140 1186 328 1229 Messala
352 1187 492 1230 Rufus
520 1194 566 1230 et
597 1189 792 1243 plerique
813 1188 1021 1230 tradunt!

144 1251 299 1294 (Nicer.

194 1316 320 1357 Acilii
349 1316 470 1358 etium
496 1316 652 1358 Avioloe
680 1317 819 1370 rogus]
862 1318 1022 1370 Vulgo,

142 1379 279 1421 Atilii.
345 1380 473 1421 Hunc
505 1382 770 1422 consularem
806 1388 1019 1421 mortuum

142 1442 295 1484 scribit
329 1442 510 1485 Plinius.
583 1443 645 1484 At
680 1443 885 1485 habemus
923 1444 1020 1484 Mu.

144 1505 330 1546 Acilium
365 1506 560 1547 Aviolam
605 1508 833 1549 Consulem
871 1508 1022 1548 ultimo

144 1579 254 1609 auno
273 1568 441 1609 Claudii
460 1568 677 1622 Augusti3
704 1571 780 1612 sed
811 1572 927 1624 prior
951 1571 1021 1612 hic

143 1642 237 1672 esse
251 1630 421 1683 debuit,
447 1645 544 1673 cum
563 1633 736 1675 Tiberio
757 1635 920 1675 Caesari
947 1635 1021 1676 de·

141 1694 351 1736 dicaverit
394 1709 502 1748 opus
551 1698 632 1738 hoc
683 1711 804 1740 suum
852 1704 1020 1741 auctor.

142 1759 287 1802 Quare
317 1772 493 1802 necesse
522 1766 590 1803 est
607 1761 834 1804 suffectum
856 1765 1019 1804 Consu·

140 1822 224 1863 lem
251 1830 380 1864 antea
409 1823 538 1866 fuisse
570 1825 766 1866 Aviolam
799 1827 912 1867 hunc
941 1826 1020 1867 sub

140 1884 355 1939 Augusto,
401 1893 450 1928 nt
486 1888 652 1938 videbis
697 1889 742 1931 in
784 1888 1020 1931 Annalibus

139 1951 310 1991 uostris.
340 1951 524 2002 Pighius.

205 2013 364 2066 Rogas]
407 2015 566 2068 Pyram
602 2029 684 2069 pro
719 2017 936 2071 dignitate
973 2025 1021 2061 et

138 2075 386 2129 laetioribus,
398 2078 550 2132 quibus
566 2079 608 2120 in
623 2081 711 2122 vita
730 2080 905 2123 functus
926 2089 1021 2125 erat

140 2145 185 2180 et
218 2146 346 2192 prout
375 2143 659 2195 amplissimos
678 2145 958 2197 magistratus
975 2152 1022 2188 et

138 2202 322 2256 imperia
366 2211 575 2257 gesserat,
627 2207 758 2248 modo
801 2209 1022 2262 majorem,

138 2266 266 2308 modo
292 2268 497 2310 minorem
529 2275 778 2313 extruxere.
833 2273 1020 2327 Fuitque

136 2330 234 2382 lege
266 2341 351 2373 ιιι.
369 2332 634 2374 Tabularum
659 2339 849 2386 cautum,
881 2348 938 2377 ne
965 2337 1022 2378 de

138 2393 268 2445 liguis
288 2396 433 2448 politis
453 2402 754 2440 extrueretur:
786 2399 924 2440 donec
942 2413 1023 2453 per

137 2455 334 2500 funerum
370 2460 598 2512 ministros,
633 2461 706 2514 qui
741 2463 1021 2514 pollinctores

138 2523 247 2565 dieti
265 2529 380 2576 sunt,
396 2538 552 2579 corpus
569 2526 668 2579 igne
688 2528 909 2580 supposito
930 2541 1022 2571 cre-

138 2586 351 2641 mabatur,
379 2588 422 2628 in
443 2602 529 2643 qna
544 2590 786 2632 extruenda
806 2591 851 2631 id
877 2604 1020 2634 serva-

138 2656 229 2693 tum
262 2657 345 2705 est,
379 2658 427 2694 ut
454 2660 617 2707 praeter
637 2655 760 2696 arida
786 2655 920 2710 ligna,
945 2670 1020 2710 pa.

137 2726 288 2768 pyrum
307 2729 492 2771 quoque,
516 2731 603 2772 quo
634 2718 803 2760 facilius
830 2732 1022 2762 cremen-

136 2784 223 2832 tur,
249 2792 552 2836 nonnunquam
587 2796 764 2825 crocum
795 2790 842 2825 et
874 2785 1018 2827 vinum

137 2840 302 2884 affatim
319 2851 605 2898 apponerent.
660 2847 771 2888 Vide
798 2855 845 2891 et
863 2849 1019 2891 Kirch·

137 2916 336 2947 mannum
353 2906 409 2948 de
430 2908 588 2951 Funer.

189 2968 433 3023 Pedwogt']
473 2972 588 3015 Quia
605 2986 695 3015 mos
714 2980 826 3027 erat,
853 2982 902 3017 ut
921 2989 1019 3018 cum

136 3030 325 3072 cadaver
340 3033 397 3073 ad
428 3046 574 3087 rogum
607 3039 827 3089 prosecuti
858 3047 1021 3093 essent,

137 3095 287 3136 oaeteri
305 3108 451 3138 omnes
471 3099 572 3139 inde
589 3100 881 3155 discederent,
910 3117 1019 3146 unus

136 3163 305 3200 tuntum
323 3168 582 3212 remaneret,
608 3166 749 3219 quoad
775 3167 1020 3210 uuiversum

136 3233 294 3276 eorpus
317 3231 591 3270 exureretur.

189 3286 312 3328 Laeoeio
338 3287 511 3342 Lunaioe]
551 3292 732 3334 Familia
765 3293 858 3336 haec
891 3295 1020 3339 AElia.

137 3346 400 3402 Pomponius
417 3352 499 3394 JC.
535 3353 579 3394 in
611 3355 681 3396 tit.
714 3357 930 3401 Pandect.
963 3360 1018 3401 de

140 3411 265 3465 Orig.
281 3415 418 3467 duris,
431 3417 586 3458 AEliam
600 3419 825 3472 patriciam
846 3427 1020 3474 gentem

140 3476 344 3528 appellat.
397 3481 560 3523 Verum
577 3482 690 3524 sicut
714 3485 807 3525 aliis
837 3486 882 3527 in
916 3487 1020 3528 locis

139 3549 290 3590 porum
306 3540 564 3588 firmamenti
580 3552 672 3590 tota
689 3549 763 3590 illa
780 3549 1019 3605 disputatio

1857 279 1966 334 991

1081 412 1311 466 Pomponii
1336 412 1485 465 habet,
1514 412 1577 453 sie
1597 410 1640 452 in
1659 411 1851 453 hocloco
1869 424 1973 454 cum

1079 476 1238 517 AElinm
1265 477 1537 518 Tuberonem
1571 475 1802 528 patricium
1834 474 1967 517 fuisse

1081 539 1249 592 scribit,
1267 541 1495 593 perspicue
1508 539 1661 581 falsum
1678 539 1823 580 tradit.
1853 540 1968 581 Nam

1080 609 1131 644 ut
1165 603 1247 644 hoc
1283 604 1494 655 omittam,
1527 603 1722 645 tribunos
1761 602 1874 655 pleb.
1911 616 1967 644 ex

1079 667 1201 707 AEliis
1216 669 1460 721 complures
1474 667 1622 719 fuisse,
1637 666 1750 722 quod
1768 678 1871 707 sane
1887 667 1970 708 hac

1080 732 1124 772 in
1161 744 1209 772 re
1246 733 1359 773 solet
1391 733 1538 774 valere
1576 732 1825 786 plurimum,
1860 731 1971 773 illud

1078 800 1199 838 certe
1227 796 1332 836 satis
1364 810 1521 849 magno
1551 797 1814 838 documento
1846 795 1973 837 nobis

1079 872 1176 901 esse
1194 859 1341 911 debet,
1357 861 1470 913 quod
1491 874 1588 902 cum
1605 861 1839 902 Consulum
1854 860 1970 901 alter

1080 936 1106 966 e
1132 924 1278 978 plebe,
1306 926 1419 964 alter
1448 937 1473 965 e
1508 925 1703 977 patriciis
1733 929 1973 975 crearetur,

1079 997 1260 1033 auctore
1296 991 1437 1043 Livio,
1483 991 1583 1031 AElii
1625 1003 1722 1030 cum
1771 989 1975 1043 patriciis

1081 1067 1270 1108 semper,
1288 1067 1507 1108 nunquam
1528 1067 1625 1095 cum
1645 1053 1828 1106 plebeiis
1855 1065 1972 1094 com·

1079 1120 1221 1172 parati
1239 1124 1356 1160 sunt.
1412 1118 1497 1161 Qui
1517 1119 1633 1159 enim
1657 1118 1818 1171 primus
1835 1117 1969 1159 AElio-

1080 1187 1174 1225 rum
1188 1183 1456 1223 consulatum
1467 1187 1535 1223 est
1547 1181 1748 1234 adeptus,
1759 1181 1971 1234 collegam

1080 1246 1317 1299 Sulpicium
1335 1246 1501 1299 habuit,
1526 1246 1740 1287 secundus
1773 1245 1975 1296 Fabium,

1082 1312 1237 1352 tertius
1259 1311 1505 1362 Servilium,
1537 1316 1713 1364 quartus
1732 1309 1973 1361 Valerium,

1084 1386 1219 1426 usque
1240 1373 1294 1414 ad
1317 1386 1475 1414 annum
1496 1384 1660 1414 nxxcr.
1689 1385 1775 1426 quo
1796 1372 1972 1427 quidem

1084 1448 1196 1477 anno
1242 1437 1327 1478 duo
1375 1438 1562 1490 primum
1603 1449 1627 1478 e
1671 1436 1799 1490 plebe
1846 1437 1973 1478 Coss.

1084 1502 1240 1555 creati,
1268 1503 1317 1543 C.
1338 1503 1551 1556 Popillius
1572 1508 1619 1543 et
1645 1502 1700 1543 P.
1730 1501 1894 1544 AElius:
1923 1507 1977 1544 ut

1084 1566 1128 1607 in
1161 1566 1316 1607 tabulis
1346 1566 1602 1620 Capitolinis
1636 1572 1827 1608 notatum
1854 1566 1976 1608 vide-

1083 1642 1192 1670 mus.
1238 1630 1448 1670 AEliorum
1467 1636 1612 1671 autem
1629 1629 1702 1671 alii
1722 1630 1838 1671 Paeti
1857 1635 1976 1682 sunt,

1083 1693 1156 1733 alii
1173 1694 1441 1742 Tuberones,
1473 1694 1673 1746 Ligures,
1702 1694 1803 1735 Cati
1820 1699 1870 1735 et
1890 1694 1973 1734 La-

1083 1761 1198 1802 miae.
1256 1761 1414 1803 Lamiae
1433 1774 1535 1803 vero
1554 1762 1658 1803 dicti
1679 1768 1779 1803 sunt
1795 1775 1822 1803 a
1840 1762 1973 1803 Lamo

1085 1825 1354 1866 Formiarum
1375 1831 1573 1879 tyranno.
1631 1826 1838 1867 Horatius
1858 1825 1974 1867 libro

1085 1889 1332 1930 Carminum
1362 1891 1525 1932 tertiot
1558 1891 1669 1931 ‘AEli
1692 1896 1864 1932 vetusto
1895 1902 1974 1931 no-

1083 1952 1183 1994 bilis
1223 1954 1277 1995 ab
1310 1955 1443 1996 Lamo
1479 1954 1687 2009 (Quando
1725 1962 1772 1996 et
1808 1955 1976 2009 priores

1082 2016 1182 2058 hinc
1206 2018 1372 2059 Lamias
1398 2019 1546 2060 ferunt
1577 2020 1903 2070 Denominatos,
1930 2025 1978 2060 et

1082 2086 1290 2134 nepotum
1323 2083 1414 2124 Per
1443 2095 1654 2124 memores
1687 2095 1820 2136 genus
1847 2096 1975 2125 omne

1081 2143 1236 2198 fastos)
1249 2146 1443 2189 Auctore
1457 2147 1512 2188 ab
1524 2148 1598 2188 illo
1614 2147 1738 2188 ducis
1750 2147 1977 2200 originem,

1083 2209 1171 2252 Qui
1204 2210 1470 2252 Formiarum
1490 2211 1648 2252 moenia
1667 2211 1830 2253 dicitur
1847 2211 1977 2253 Priu-

1084 2286 1204 2326 cepS,
1239 2282 1286 2316 et
1322 2276 1542 2317 innantem
1581 2277 1765 2319 Maricae
1799 2277 1978 2318 Littori-

1086 2336 1164 2440 gns
1194 2339 1384 2380 tenuisse
1417 2340 1563 2393 Lyrim
1596 2342 1707 2381 Late
1735 2339 1977 2393 tyrannus-⁹

1120 2401 1236 2442 trein-

1140 2465 1254 2505 ΕΧΤ.
1311 2466 1334 2518 ξ
1372 2468 1395 2505 1
1436 2465 1577 2518 Plato]
1623 2466 1692 2507 De
1730 2465 1996 2519 Republica*

1086 2526 1159 2568 lib.
1179 2539 1227 2569 x.
1254 2534 1300 2570 et
1332 2529 1582 2572 Macrobius
1619 2530 1663 2571 in
1700 2530 1849 2572 Somu.
1882 2531 1977 2572 Sci·

1085 2591 1244 2645 pionis.

1139 2656 1162 2708 ξ
1180 2659 1206 2697 2
1237 2657 1561 2710 Eruditissimus]
1591 2658 1708 2700 Plin.
1728 2659 1836 2701 Nat.
1855 2660 1979 2704 Hist.

1084 2717 1141 2761 de
1171 2722 1379 2763 memoria
1405 2722 1483 2765 lib.
1505 2734 1591 2766 vn.
1612 2736 1712 2778 cap.
1732 2728 1800 2766 24.
1843 2725 1856 2748 ‘
1881 2726 1978 2767 Nec

1084 2784 1231 2837 aliud,'
1260 2786 1416 2839 inquit,
1445 2787 1458 2810 ‘
1480 2794 1549 2828 est
1580 2801 1704 2842 aeque
1735 2788 1891 2842 fragile
1930 2790 1974 2830 in

1082 2849 1271 2902 homine,
1299 2851 1548 2893 morborum
1578 2858 1623 2894 et
1653 2864 1776 2894 casus
1795 2853 1978 2906 injurias

1083 2918 1212 2967 atque
1232 2915 1363 2955 etiam
1381 2921 1523 2956 metus
1535 2917 1744 2968 sentiens,
1757 2917 1862 2958 alias
1877 2929 1975 2969 par-

1082 2978 1312 3030 ticulatim,
1329 2979 1435 3023 alias
1453 2980 1682 3022 universa:
1701 2981 1816 3022 ictus
1831 2982 1977 3034 lapide

1083 3042 1242 3083 oblitus
1263 3049 1330 3084 est
1350 3044 1501 3085 literas
1519 3050 1704 3095 tantum,
1725 3049 1771 3084 et
1794 3043 1978 3096 praealto

1083 3111 1202 3148 tecto
1222 3108 1369 3160 lapsus
1399 3109 1548 3149 matris
1580 3114 1628 3150 et
1657 3107 1847 3149 affinium
1877 3118 1977 3159 pro-

1082 3171 1426 3225 pinquorumque
1444 3173 1565 3225 cepit
1593 3171 1871 3214 oblivionem.
1914 3169 1975 3212 A·

1083 3233 1165 3273 lius
1182 3241 1371 3286 aegrotus
1389 3247 1607 3276 servorum
1624 3235 1768 3284 etiam,
1783 3233 1849 3272 sui
1870 3243 1974 3274 vero

1083 3297 1264 3338 nominis
1292 3297 1453 3340 oblitus
1470 3304 1538 3340 est
1552 3297 1744 3339 Messala
1762 3295 1975 3338 Corvinus

1084 3359 1276 3403 Orator-⁹

1138 3426 1161 3478 ξ
1181 3429 1205 3466 3
1237 3426 1467 3467 Mirabilior
1511 3424 1662 3476 tamen]
1714 3423 1818 3464 Duo
1861 3422 1971 3470 Mss.

1082 3488 1353 3530 Miserabilior
1371 3494 1517 3529 tamen.
1555 3487 1653 3528 Non
1676 3487 1800 3529 male.
1841 3487 1974 3528 Mise-

1083 3550 1218 3594 rabile
1236 3552 1348 3593 enim
1363 3550 1507 3593 fuerat
1520 3548 1830 3594 Atheniensem
1851 3550 1972 3592 illum
