2346 3996
407 260 547 313 1392
947 277 1267 318 Rsansus
1331 281 1686 324 ED1T10NUM

604 396 728 444 Cum
754 401 980 457 repetunt
1005 397 1157 445 vernis
1179 399 1448 449 redolentia
1472 402 1671 452 floribus
1693 419 1806 451 arva

672 475 892 524 Condere
917 476 1108 525 celestis
1133 493 1242 527 cum
1259 480 1407 544 juvat
1431 482 1546 530 artis
1571 499 1696 547 opus

604 556 687 606 Sic
710 572 829 620 age:
866 573 927 604 ne
951 557 1165 618 dubites,
1189 563 1283 609 δίο.

400 640 457 690 In
483 641 609 691 fine:
651 649 665 669 ‘
684 643 962 707 Epitomata
980 643 1027 692 in
1045 646 1220 694 Valerii
1247 648 1452 695 Maximi
1474 648 1623 696 libros
1649 666 1819 699 novem
1845 650 2087 700 dictorum
2113 652 2216 700 fac-

398 733 656 788 torumque
689 724 1065 775 memorabilium
1095 727 1349 792 diligenter
1370 738 1419 777 et
1438 738 1662 777 accurate
1684 746 1712 777 a
1737 731 1970 795 Magistro
1992 732 2216 782 ,Iohanne

398 804 618 852 Honorio
651 805 906 854 Cubitensi
935 808 1191 857 recollecta
1225 809 1468 873 impressit
1490 809 1684 874 Liptzik
1715 810 1786 858 vir
1819 810 2215 875 diligentissimus

396 885 607 933 Jacobus
632 886 880 950 Abiegnus
911 889 1179 951 (Thanner)
1211 890 1583 954 Herbipolensis
1609 894 1753 939 Anno
1777 891 1944 939 salutis
1973 894 2133 941 1503:
2166 900 2214 940 4.

398 981 508 1013 cum
535 979 693 1016 rerum
729 976 782 1016 et
813 970 1068 1018 verborum
1105 969 1593 1037 Iudice.—Freytag.
1619 973 1749 1035 App-
1779 971 1923 1019 Liter.
1948 971 2012 1020 T.
2039 985 2078 1020 1.
2103 987 2214 1035 pag.

399 1051 512 1095 504.

463 1156 527 1164 -
550 1146 663 1178 cum
695 1132 1040 1180 commentario
1069 1132 1272 1181 Oliverii
1306 1129 1692 1195 Arzignanensis,
1715 1138 1766 1179 et
1798 1129 2122 1194 pulcherrima
2154 1147 2215 1180 ac

396 1208 650 1259 utilissima
673 1211 882 1273 quadam
907 1212 1114 1268 Tabula,
1140 1212 1330 1260 noviter
1352 1211 1645 1274 excogitata,
1669 1210 1890 1274 pluribus
1913 1210 1962 1258 in
1987 1212 2107 1259 locis
2130 1200 2216 1276 per

394 1289 560 1338 Barth.
589 1291 945 1338 Matthaeatium
971 1292 1296 1351 Marosticum
1321 1309 1379 1339 ex
1405 1290 1746 1354 antiquissimo
1772 1299 1822 1339 et
1843 1291 2214 1356 castigatissime

395 1368 569 1417 codice
607 1369 920 1428 emendatus;
960 1371 1140 1419 additis
1174 1385 1338 1420 XXIV.
1377 1371 1641 1435 ExempliS,
1669 1387 1822 1434 nuper
1863 1371 1928 1418 ab
1954 1370 2081 1419 Aldo
2115 1372 2216 1420 Ro-

394 1466 537 1497 mano
562 1449 782 1500 inventis,
817 1451 1051 1509 Venetiis,
1089 1468 1178 1517 per
1211 1451 1517 1500 Albertinum
1554 1450 1613 1498 de
1649 1450 1825 1499 Lisona
1843 1451 2212 1511 Vercellensem,

395 1528 471 1575 die
497 1543 615 1577 x1v.
644 1530 952 1580 Decembris,
1002 1531 1106 1579 Fol.

465 1616 590 1660 1505
629 1611 830 1670 Eadem,
854 1612 984 1675 apud
1009 1611 1235 1660 eundem.
1271 1612 1507 1661 Venetiis.
1544 1612 1649 1661 Fol.

465 1691 592 1741 1506
626 1692 820 1755 Lipsiae.
861 1694 968 1741 Fol.
991 1710 1079 1758 per
1103 1694 1437 1742 Baccalarium
1463 1693 1732 1741 Martinum
1758 1692 2012 1757 Herbipol.
2103 1756 2106 1758 μ

464 1779 590 1821 1508
627 1773 805 1821 Valerii
825 1774 1029 1822 Maximi
1047 1791 1171 1838 opus
1190 1791 1301 1823 cum
1323 1774 1586 1837 interprete
1606 1773 1849 1821 Oliveri0:
1875 1782 1923 1820 et
1941 1773 2110 1837 paucis
2128 1790 2212 1821 an-

393 1852 750 1901 notationibus:
779 1869 898 1916 quas
926 1854 1196 1902 Arcadicus
1213 1854 1292 1902 ille
1316 1854 1409 1901 sub
1426 1853 1684 1916 Theophili
1703 1852 2211 1917 nomine'marginibus

391 1932 655 1997 inscripsit.
684 1933 739 1981 Id
755 1936 870 1982 Ant.
889 1935 1044 1983 Lenas
1060 1935 1312 2000 praeclarae
1337 1935 1511 1982 indolis
1529 1934 1810 1982 adolescens
1824 1935 2138 1998 recognovit;
2154 1951 2212 1982 eo

393 2012 618 2061 videlicet
639 2013 844 2062 consilio
866 2031 878 2062 ι
918 2024 971 2063 ut
995 2031 1083 2079 per
1095 2032 1201 2064 eam
1220 2015 1527 2063 occasionem
1546 2013 1759 2077 bicipitis
1778 2013 1902 2061 illius
1924 2015 2123 2061 monstri
2142 2015 2211 2062 la·

394 2102 578 2141 tratus:
605 2102 653 2142 et
683 2094 945 2158 plusquam
967 2096 1246 2144 cerbeream
1271 2095 1453 2143 rabiem
1481 2096 1756 2142 coblrceret:
1784 2094 1867 2141 sed
1891 2093 2211 2156 Praeceptoris

392 2173 643 2222 modestiae
666 2175 1008 2240 obtemperans
1033 2175 1094 2223 ab
1118 2175 1317 2239 incepto
1341 2174 1548 2222 destitit:
1585 2173 1816 2236 gravitate
1837 2172 2063 2220 vindictae
2089 2189 2214 2236 prae-

393 2263 576 2302 sentem
594 2254 841 2304 lenitatem
868 2262 1290 2319 compensaturus.
1318 2255 1374 2301 In
1401 2271 1500 2318 quo
1526 2254 1724 2317 quidem
1744 2269 1890 2318 opere
1915 2253 1951 2300 si
1975 2268 2086 2316 quae
2113 2269 2213 2300 me-

392 2343 582 2382 moratu
606 2334 752 2399 digna
775 2336 915 2384 facile
932 2337 1147 2384 invenire
1161 2337 1327 2400 cupis:
1355 2336 1498 2384 index
1523 2351 1668 2399 quern
1688 2333 1972 2382 Franciscus
1987 2332 2214 2382 Puteola-

391 2432 482 2463 nus
496 2416 880 2480 excogitaverat:
907 2416 1005 2464 sine
1025 2417 1119 2464 ullo
1136 2432 1297 2464 errore
1314 2414 1736 2464 commonstrabit.
1761 2414 1972 2463 Accedit
1992 2430 2004 2462 :
2027 2422 2078 2462 et
2092 2414 2212 2461 alter

390 2499 536 2548 index
579 2499 953 2547 vocabulorum:
1017 2498 1103 2561 qui
1143 2497 1193 2545 in
1229 2497 1450 2561 proxima
1488 2495 1703 2545 editione
1748 2495 2016 2559 promissus
2041 2510 2053 2542 ε
2113 2510 2210 2542 non

389 2591 597 2648 prostat.
667 2579 952 2629 Mediolani.
999 2579 1035 2626 F
1040 2579 1103 2627 ol.
1123 2606 1188 2614 —-
1205 2577 1442 2634 Oliverio‚
1484 2585 1538 2625 ut
1582 2574 1978 2624 commentarium
2019 2575 2066 2622 in
2103 2577 2211 2624 val.

394 2663 528 2711 Max.
556 2662 906 2720 conscriberet,
935 2669 1106 2709 auctor
1143 2658 1238 2707 fuit
1272 2660 1487 2709 Jacobus
1525 2656 1845 2705 Leonicenus.
1915 2655 2041 2704 Cum
2083 2655 2211 2704 enim

392 2742 543 2792 editio
568 2743 747 2792 Valerii
769 2742 902 2791 Max.
928 2741 976 2789 in
1001 2743 1162 2789 lucem
1188 2740 1382 2797 exisset,
1407 2756 1517 2803 quae
1557 2738 1606 2785 in
1631 2737 1772 2785 titulo
1797 2735 2064 2784 Omniboni
2087 2735 2213 2783 Leo-

392 2825 551 2872 niceni
575 2824 919 2872 commentario
945 2823 1179 2870 illustrata
1214 2821 1488 2877 dicebatur,
1511 2818 1729 2866 Jacobus
1763 2816 2062 2864 Leonicenus
2085 2815 2211 2864 filius

391 2906 440 2953 id
466 2904 729 2953 admodum
753 2921 876 2967 aegre
901 2903 1027 2961 tulit,
1054 2911 1101 2949 et
1126 2900 1344 2950 Oliverio
1365 2898 1621 2963 persuasit,
1643 2905 1696 2944 ut
1716 2904 1905 2961 patrem
1925 2912 2023 2959 quo
2047 2906 2214 2959 posset

393 2984 558 3034 studio
583 2984 866 3041 vindicaret,
889 2991 940 3031 et
964 2999 992 3030 a
1018 2981 1317 3046 turpissima,
1342 2997 1438 3044 qua
1475 2977 1861 3027 commaculatus
1895 2975 2070 3035 fuerat,
2096 2985 2212 3025 nota

391 3067 632 3115 liberaret.
703 3065 917 3113 Fuerunt
961 3072 1122 3112 autem
1170 3062 1403 3110 Pallacini
1443 3059 1521 3122 cuj
1532 3059 1701 3107 usdarn
1745 3056 1954 3120 imperiti
2000 3057 2210 3104 hominis

393 3162 554 3209 nugae,
581 3162 610 3193 a
650 3143 948 3209 Calphurnio
989 3160 1084 3191 non
1118 3143 1272 3190 solum
1305 3143 1564 3198 damnatae,
1591 3139 1695 3195 sed,
1725 3153 1837 3184 cum
1869 3135 1980 3197 ejus
2020 3151 2211 3184 correc-

394 3225 514 3273 tioni
530 3225 852 3282 traderentur,
872 3225 942 3272 ita
955 3224 1173 3286 rejectae,
1192 3231 1248 3271 ut
1268 3222 1469 3277 diceret,
1494 3226 1506 3246 ‘
1526 3237 1576 3267 se
1601 3218 1737 3267 malle
1758 3232 1883 3263 nova
1901 3230 2210 3278 componere,

395 3323 540 3371 quam
563 3313 660 3354 tam
687 3305 919 3354 mendosa
942 3304 1214 3366 corrigere!
1282 3301 1603 3351 Nihilominus
1634 3307 1793 3346 tamen
1818 3296 2128 3359 impressores
2150 3312 2211 3343 ex

394 3386 596 3435 avaritia
631 3386 835 3445 inducti,
861 3386 1145 3434 Omnibono
1168 3385 1274 3432 illas
1305 3400 1458 3448 nugas
1491 3381 1737 3431 ascribere
1769 3377 1872 3425 ausi
1909 3376 2117 3434 fuerant,
2155 3383 2211 3424 ut

393 3468 502 3529 ejus
526 3467 814 3516 auctoritate
839 3466 1048 3515 venalior
1070 3463 1209 3514 fieret
1226 3481 1283 3513 ac
1303 3461 1559 3528 pretiosior
1582 3458 1748 3508 editio.
1792 3459 1916 3506 Haec
1937 3456 2100 3505 omnia
2120 3471 2208 3503 nos
