2358 4036
556 284 823 327 vAme
867 282 1108 322 MAX1M1
1153 283 1272 323 [ΑΒ.
1312 283 1351 321 1.
1389 283 1526 322 cAP.
1551 270 1601 321 l.

174 411 243 453 cio
273 406 521 450 Flaminium
552 405 758 456 ablatum,
790 403 903 444 circa
931 402 1052 442 urbis

174 483 388 514 ncxxxn.
408 481 582 520 annum,
610 480 664 508 ex
689 466 914 507 Plutarchi
934 466 1052 505 Mar·

170 537 280 578 cello
299 534 506 586 colligere
526 537 606 573 est.
643 531 765 571 Idem
785 541 954 583 quoque
971 529 1052 568 Ce-

167 601 322 652 thegus
345 611 428 639 non
448 599 584 638 multo
611 602 712 650 post
732 596 870 636 aedilis
891 595 1051 635 curulis

166 668 235 704 est
259 662 415 707 factus.
434 661 592 701 deinde
614 665 790 712 praetor,
820 671 986 709 censor,
1004 663 1051 700 et

165 726 329 768 consul.
386 726 456 765 De
473 725 524 766 C.
545 724 726 765 Claudio
743 723 858 764 Diali
877 720 1049 765 flamine

166 789 370 831 abdicare
380 789 519 841 jusso,
550 787 687 828 refert
715 787 830 827 idem
858 787 953 827 Liv.
974 787 1048 828 lib.

166 863 302 893 xxvi.
358 852 474 905 quod
531 851 704 904 quidem
763 862 876 890 anno
930 851 1048 891 urbis

163 928 358 959 nexum.
379 916 542 958 factum
562 915 695 956 fuisse
728 920 910 956 constat.
953 916 1047 957 Cae-

163 986 302 1022 terum
322 982 413 1022 haec
435 981 633 1032 exempla
649 979 886 1031 Campense
903 991 1046 1019 exem-

160 1046 258 1099 plar
276 1046 355 1086 sub
375 1057 458 1085 uno
491 1044 618 1085 titulo
650 1054 733 1082 non
767 1043 916 1095 inepte
943 1055 1044 1083 con-

159 1110 314 1152 nectit.
345 1109 468 1160 Pigk.
517 1108 712 1161 Contigit
730 1107 785 1149 A.
797 1108 852 1150 U.
874 1119 1043 1150 nxmn.

159 1173 253 1215 Liv.
269 1173 346 1215 lib.
366 1185 503 1214 xxw.
786 1223 789 1226 s

213 1238 381 1278 Publius
402 1235 581 1288 Cloelius]
610 1236 694 1276 'riti
719 1235 858 1276 Cloelii
876 1236 1042 1289 aliquot

156 1300 251 1341 noti
280 1313 334 1341 ex
372 1300 518 1341 Livio:
564 1300 702 1339 nullus
734 1299 931 1350 Publius,
958 1299 1040 1339 nisi

155 1363 335 1404 Publius
374 1363 598 1404 Cornelius
643 1363 823 1403 Crassus
859 1363 1038 1403 Tribun.

154 1427 241 1466 mil.
258 1427 383 1468 Cous.
400 1432 488 1479 pot.
506 1426 631 1467 Anno
648 1426 703 1468 U.
718 1427 765 1468 C.
778 1438 1037 1468 cccnxxvn.

155 1489 334 1542 Legitur
354 1491 395 1530 in
428 1490 588 1531 Codice
619 1490 758 1530 altero
779 1489 1034 1542 Bongarsii:

147 1561 238 1610 post
252 1556 424 1597 Cloelius.
455 1555 683 1607 Scripserit
698 1554 935 1595 fortassean
947 1556 1032 1595 Va-

149 1620 280 1660 lerius
300 1626 471 1661 noster:
505 1619 711 1659 Consimili
729 1619 882 1659 ratione
896 1624 1032 1670 postea

151 1683 312 1724 Cloelius
328 1684 498 1724 Siculus.
547 1683 823 1722 Praenomina
843 1693 939 1722 raro
955 1682 1028 1723 ad-

149 1745 216 1787 dit
234 1748 446 1788 valerius.
478 1748 653 1788 Colerus.

200 1812 313 1852 Ecca
325 1824 466 1864 parum
481 1810 647 1862 curiose]
677 1810 791 1852 Quia
807 1821 919 1850 caesa
940 1809 1026 1851 vic·

147 1874 253 1927 tima
273 1880 318 1915 et
339 1876 573 1926 immolata,
590 1874 842 1915 sacerdotes
855 1876 1028 1926 propria

146 1937 271 1979 lance
307 1938 511 1990 imposita
537 1938 756 1979 debebant
794 1943 892 1978 exta
929 1939 1025 1978 dili·

145 2005 301 2053 genter
337 2002 544 2042 altaribus
580 2001 824 2052 admovere,
867 2001 1024 2044 deinde

144 2064 265 2116 quasi
283 2071 451 2105 sacrata
469 2065 707 2117 suscipere,
730 2069 776 2105 et
794 2064 856 2105 sic
876 2066 991 2105 vesci
1008 2080 1020 2108 ς

143 2126 256 2180 quod
287 2139 383 2166 cum
416 2127 477 2166 illi
507 2128 777 2179 negligenter
798 2125 1020 2180 fecissent,

140 2188 392 2230 sacerdotio
412 2190 570 2242 privati
587 2196 699 2231 sunt.
730 2192 883 2232 Oliver.

195 2253 414 2305 flaminio]
433 2253 683 2294 Sacerdotio
693 2252 902 2306 flaminis3
922 2268 1019 2296 nam

138 2316 252 2356 sicut
271 2328 296 2355 a
315 2315 522 2367 pontifice
550 2316 825 2368 pontificatus
843 2318 1018 2371 dicitur,

139 2378 203 2418 sic
222 2390 249 2417 a
268 2376 450 2430 flamine,
467 2379 548 2418 hoc
567 2385 651 2430 est,
672 2380 916 2432 sacerdote,
942 2380 1018 2422 fla·

137 2441 311 2482 minium
331 2442 633 2483 sacerdotium.

190 2505 420 2557 Coactique]
467 2506 584 2549 Quia
616 2507 861 2548 sacerdotio
896 2508 1017 2550 abire

134 2568 354 2610 nolebant.

185 2632 248 2672 At
268 2632 399 2685 Sulp.]
443 2633 637 2686 Contigit
663 2633 719 2675 A.
738 2634 793 2675 U.
824 2646 1013 2677 nxxxn.

133 2695 322 2737 circiter.

184 2758 319 2811 Apex]
347 2758 540 2811 Contigit
567 2758 622 2800 A.
643 2761 698 2801 U.
729 2772 913 2803 nxxxu.
934 2763 1014 2803 cir·

130 2822 256 2864 citer.
306 2823 426 2864 Plut.
469 2824 672 2865 Marcell.
725 2826 832 2866 Erat
867 2831 1009 2867 autem

127 2897 230 2937 apex
259 2885 304 2926 in
338 2898 500 2927 summo
530 2885 713 2928 flaminis
749 2889 863 2941 pileo
887 2889 1010 2942 virga

126 2949 287 3000 lanata,
304 2953 352 2989 ut
367 2961 495 3001 supra
513 2950 694 2990 diximus
712 2965 725 3001 ;
754 2953 834 2993 hoc
863 2961 946 3005 est,
964 2954 1007 2993 in

127 3012 249 3064 cujus
280 3014 556 3054 extremitate
587 3016 757 3056 modica
785 3017 884 3057 lana
912 3024 1006 3059 erat

126 3075 316 3127 alligata.
358 3076 586 3129 Virgilius:
617 3080 629 3101 ‘
650 3080 768 3119 Ecce
788 3081 871 3120 levi
892 3093 1003 3122 sum·

123 3150 194 3180 mo
212 3137 266 3178 de
284 3139 450 3180 vertice
478 3140 592 3181 visus
616 3142 699 3182 Iuli
720 3143 919 3185 Fundere
937 3145 1002 3185 lu-

124 3213 223 3242 men
243 3213 372 3254 apex,
391 3208 438 3243 et
456 3203 616 3244 circum
642 3212 837 3257 tempora
854 3208 1004 3260 pasci!

173 3265 202 3315 ἡ
240 3269 264 3304 5
314 3266 521 3318 occentus,
556 3267 645 3320 iffi]
701 3269 804 3322 Vix,
847 3271 1002 3324 inquit,

121 3327 257 3367 creati
285 3327 458 3369 fuerant
484 3331 688 3372 Dictator
714 3338 760 3374 et
791 3334 1002 3386 Magister

121 3389 329 3441 equitum,
346 3403 441 3431 cum
462 3393 750 3436 sacrificantes
769 3408 915 3437 vocem
935 3410 1000 3439 so·

122 3452 223 3492 ricis
241 3453 460 3506 audivere,
478 3461 523 3496 et
542 3458 837 3509 magistratum
865 3459 998 3513 depo—

122 3523 223 3554 nere
249 3517 392 3557 coacti
425 3524 538 3561 sunt.
595 3520 710 3562 Plin.
738 3523 828 3564 ait:
857 3523 868 3545 ‘
889 3524 997 3565 Con·

1888 268 1998 321 919

1114 407 1243 444 centu
1262 402 1445 444 soricum
1460 402 1602 443 dirimi
1616 402 1808 455 auspicia
1823 405 1998 445 annales

1114 468 1262 508 testati
1279 467 1409 509 sunt.’
1438 467 1545 508 oliv.
1593 466 1682 508 Alii
1704 468 1919 508 Concentus
1938 469 2000 509 le·

1114 538 1247 583 gunt;
1278 532 1354 573 sed
1374 532 1532 572 rectius
1555 533 1762 583 Oct-entus,
1780 532 1902 584 quasi
1922 532 1997 572 ob-

1111 597 1344 648 strependo
1365 609 1492 637 sonus
1507 594 1652 636 factus
1664 595 1879 636 videatur.
1908 596 1996 636 Ba·

1109 659 1211 699 dius.
1269 660 1529 700 Plutarchus
1547 672 1631 700 non
1663 659 1770 700 Fab.
1785 659 1994 708 Maximo,

1110 722 1185 762 sed
1212 722 1399 763 Minutio
1427 723 1508 764 hoc
1526 723 1589 764 ait
1619 722 1840 767 accidisse.
1881 723 1994 765 Vide

1111 786 1222 827 Plin.
1242 786 1315 827 lib.
1333 798 1437 828 vln.
1458 800 1555 840 cap.
1574 791 1644 828 ⁷5.
1675 789 1803 830 Coler.

1162 849 1185 901 ᾧ
1218 853 1244 889 6
1285 849 1583 902 Adjiciemlum]
1640 851 1808 905 Contig.
1846 851 1901 892 Α.
1934 852 1992 893 U.

1108 924 1288 955 nxnvn.

1169 977 1292 1028 Virgo
1331 978 1517 1030 Vestalis]
1562 978 1761 1031 Virgines
1787 979 1987 1020 Vestales

1106 1047 1364 1093 perpetuum
1396 1042 1539 1095 ignem
1569 1043 1817 1095 servabant,
1854 1049 1900 1083 ut
1934 1043 1989 1083 ad

1105 1106 1406 1146 simulachrum
1424 1106 1663 1146 coelestium
1676 1106 1875 1159 syderum
1894 1119 1993 1147 cus·

1104 1175 1170 1209 tos
1209 1169 1378 1222 imperii
1414 1168 1584 1210 flamma
1616 1170 1828 1222 vigilaret,
1871 1176 1986 1210 teste

1103 1232 1247 1284 Floro,
1281 1233 1354 1286 qui
1385 1233 1522 1275 dicit:
1550 1235 1562 1256 ‘
1582 1234 1725 1276 Numa
1743 1235 1985 1286 Pompilius

1100 1295 1244 1337 focum
1264 1296 1471 1350 imprimis
1486 1299 1631 1339 Vestae
1647 1298 1899 1351 Virginibus
1917 1311 1988 1338 co-

1099 1361 1272 1401 lendum
1293 1362 1431 1415 dedit,
1449 1368 1496 1404 ut
1516 1363 1570 1403 ad
1584 1363 1885 1404 simulachrum
1903 1376 1986 1404 coe-

1099 1423 1269 1463 lestium
1290 1424 1487 1477 syderum
1508 1430 1654 1466 custos
1673 1425 1846 1478 imperii
1865 1425 1986 1466 flam-

1097 1498 1165 1526 ma
1185 1487 1418 1539 vigilaret!
1464 1488 1550 1528 Alii
1569 1489 1719 1530 dicunt
1746 1489 1860 1542 quod
1885 1489 1983 1529 ideo

1095 1551 1342 1603 servabant,
1361 1557 1411 1593 ut
1426 1552 1721 1605 significarent
1737 1565 1782 1593 se
1804 1553 1864 1593 ita
1884 1564 1983 1605 per-

1093 1619 1227 1665 petuo
1259 1626 1388 1666 puras
1420 1622 1465 1656 et
1505 1616 1735 1656 inviolatas
1773 1628 1867 1657 esse
1906 1617 1981 1657 de-

1091 1677 1208 1729 bere,
1220 1679 1331 1719 sicut
1341 1679 1570 1720 inviolatus
1585 1680 1843 1721 servabatur
1854 1681 1978 1732 ignis.

1092 1742 1172 1783 His
1192 1743 1338 1795 etiam,
1356 1750 1468 1784 teste
1488 1744 1627 1795 Livio,
1641 1745 1902 1798 stipendium
1924 1745 1979 1785 de

1091 1806 1262 1859 publico
1301 1807 1392 1847 dari
1433 1809 1588 1848 statuit
1625 1809 1768 1848 Numa
1801 1808 1979 1860 Pompi-

1090 1870 1188 1919 lius,
1224 1870 1297 1922 qui
1335 1870 1417 1911 hoc
1453 1869 1742 1911 sacerdotium
1774 1871 1977 1922 instituit,

1089 1938 1138 1973 ut
1171 1933 1351 1973 assiduae
1386 1935 1538 1986 templi
1570 1934 1792 1975 antistites
1820 1942 1979 1987 essent,

1088 2008 1246 2050 easque
1285 1998 1536 2051 virginitate
1575 2004 1622 2040 et
1652 1999 1746 2039 aliis
1785 2011 1977 2040 ceremo-

1086 2061 1169 2100 niis
1188 2062 1458 2103 venerabiles
1478 2070 1525 2103 et
1543 2068 1712 2103 sanctas
1734 2061 1856 2103 fecit.

1139 2125 1300 2165 AEterni
1315 2125 1441 2178 ignis]
1490 2126 1711 2179 Perpetuo
1737 2126 1974 2168 observan-

1084 2187 1143 2228 di.
1200 2189 1428 2229 Piaculum
1457 2190 1572 2232 enim
1603 2195 1699 2231 erat
1726 2178 1871 2243 ignem
1898 2204 1972 2232 ex-

1084 2252 1239 2305 tingui,
1271 2265 1399 2305 quem
1437 2254 1576 2294 Vesta
1610 2255 1972 2307 repraesentabat.

1085 2316 1157 2355 De
1178 2329 1263 2369 qua
1283 2317 1464 2357 Ovidius
1482 2331 1493 2358 ε
1528 2318 1540 2339 ‘
1563 2318 1638 2358 Nil
1658 2318 1770 2358 aliud
1791 2319 1971 2359 Vestam

1082 2390 1208 2430 quam
1230 2391 1379 2430 puram
1402 2379 1596 2431 intellige
1628 2378 1871 2431 fiammam‚’
1889 2384 1971 2424 ὅτε.

1082 2440 1210 2482 Quod
1242 2453 1396 2482 nomen
1433 2455 1458 2482 a
1490 2442 1706 2483 Chaldaeis
1746 2442 1968 2495 profluxit.

1083 2519 1268 2556 55an
1301 2506 1344 2546 id
1365 2511 1445 2558 est,
1465 2507 1583 2557 Esca,
1610 2506 1660 2546 iis
1675 2506 1819 2558 ignem
1838 2508 1972 2548 deno-

1079 2575 1158 2611 tat.
1190 2571 1303 2612 Vide
1320 2583 1416 2624 quae
1436 2569 1620 2610 diximus
1638 2570 1693 2610 ad
1712 2570 1964 2612 Sallustium

1079 2645 1120 2685 p.
1137 2637 1206 2675 35.

1131 2699 1171 2751 §.
1192 2701 1218 2738 7
1250 2698 1445 2738 Maxima
1475 2710 1568 2738 vero
1599 2699 1771 2749 virginis
1787 2701 1964 2741 AEmilioe

1073 2762 1322 2814 discipulam]
1379 2762 1589 2802 Mendose
1627 2763 1822 2804 Maxime.
1879 2765 1963 2805 Re-

1075 2826 1244 2878 peritur
1264 2826 1378 2866 enim
1398 2826 1441 2865 in
1457 2826 1545 2866 Ms.
1568 2826 1811 2880 Campensi,
1830 2833 1961 2881 atque

1073 2889 1203 2928 etiam
1237 2888 1566 2929 Gemblacensis
1596 2894 1767 2930 vetusto
1794 2891 1963 2944 codice,

1071 2964 1198 3004 quem
1229 2952 1294 2992 vir
1313 2953 1500 3005 optimus
1535 2958 1664 3005 atque
1684 2953 1959 2995 doctissimus

1068 3015 1335 3068 Augustinus
1357 3016 1581 3057 Hunnaeus
1610 3017 1730 3058 nobis
1756 3031 1957 3071 procura-

1066 3082 1144 3134 vit,
1165 3082 1359 3122 Maximae
1388 3094 1478 3121 vero
1498 3082 1668 3133 virginis
1685 3084 1861 3123 AEmiliae
1876 3085 1956 3123 dis-

1065 3147 1246 3198 cipulam.
1287 3147 1498 3186 Correcte
1527 3147 1712 3199 quidem.
1768 3148 1956 3188 Diceba-

1064 3214 1135 3250 tur
1169 3211 1282 3250 enim
1312 3211 1325 3232 ‘
1345 3210 1482 3262 Virgo
1515 3209 1735 3261 Maxima,'
1761 3222 1855 3262 quae
1885 3211 1954 3250 vel

1063 3273 1207 3313 senior
1226 3279 1328 3313 natu
1346 3273 1530 3326 collegio
1551 3273 1790 3312 Vestalium
1809 3273 1954 3324 praesi-

1062 3338 1208 3390 debat,
1223 3339 1292 3378 vel
1312 3338 1551 3378 diutissime
1569 3338 1611 3377 in
1629 3349 1680 3377 eo
1709 3338 1952 3379 sacerdotio

1060 3399 1204 3441 fuerat
1221 3414 1232 3441 ε
1260 3401 1384 3453 cujus
1405 3406 1501 3440 erat
1516 3401 1731 3440 instruere
1750 3413 1800 3441 ac
1820 3401 1947 3443 doce-

1059 3475 1106 3503 re
1143 3463 1346 3516 reliquas·
1403 3463 1691 3503 Maximarum
1724 3476 1827 3504 vero
1866 3465 1947 3504 vir-

1060 3525 1206 3578 ginum
1227 3531 1381 3567 statuae
1403 3526 1546 3578 plures
1566 3525 1620 3566 ad
1642 3526 1778 3569 aedem
1797 3528 1942 3569 Vestae
