2346 3996
375 291 519 344 1240

435 426 459 476 ξ
486 426 512 463 4
543 421 660 462 Nihil
700 422 753 467 Q.
793 419 918 462 Fabio
954 420 1157 473 Maximo]
1188 421 1254 461 De

380 489 461 528 hoc
490 486 580 527 viro
609 486 769 526 dictum
789 494 856 526 est
886 484 961 526 lib.
982 496 1054 526 111.
1088 497 1184 538 cap.
1214 490 1255 527 5.

383 550 482 591 Fuit
498 556 639 590 autem
652 549 742 601 ejus
758 548 1046 589 adolescentia
1061 553 1148 589 tam
1163 561 1257 600 per·

382 613 486 654 ditae
511 612 707 662 luxuriae,
742 618 790 652 ut
818 612 1006 654 Quintus
1026 611 1257 664 Pompeius

383 682 544 729 praetor
582 675 768 715 urbanus
806 675 868 714 illi
905 675 1027 716 bonis
1065 675 1259 727 paternis

383 741 672 791 interdixerit,
691 753 744 781 ne
761 753 837 793 per
856 742 1002 782 luxum
1023 747 1150 795 atque
1164 741 1260 781 libi·

384 804 525 845 dinem
546 802 841 855 profunderet.
897 805 1004 845 Cum
1021 817 1066 845 se
1082 806 1133 845 ad
1153 817 1262 845 rem·

384 868 502 920 publ.
522 867 795 919 contulisset,
813 868 1137 921 magistratibus
1169 881 1263 920 per-

385 931 562 972 functus
592 943 660 972 res
697 931 951 972 clarissimas
988 932 1134 984 gessit,
1151 943 1263 983 prae-

389 995 539 1035 sertim
578 994 782 1036 adversus
820 994 1092 1047 Allobroges,
1125 995 1265 1034 Bitui-

390 1063 566 1111 tumque
605 1056 894 1098 Arvernorum
933 1070 1092 1110 regem.
1149 1059 1265 1100 Quos

390 1134 488 1162 cum
523 1121 639 1162 felici
671 1134 815 1174 pugna
867 1127 1122 1175 superasset,
1166 1122 1268 1161 inde

393 1185 474 1225 sibi
501 1186 729 1237 gloriosum
760 1192 805 1227 et
846 1186 1084 1226 immortale
1117 1195 1268 1224 nomen

394 1240 662 1300 reporta⁴vit3
683 1262 777 1289 nam
799 1256 897 1302 post
915 1251 1031 1290 illam
1046 1249 1269 1290 victoriam

395 1310 660 1365 Allobrogici
703 1325 939 1364 cognomen
976 1313 1152 1352 sortitus
1190 1318 1269 1351 est.

395 1375 620 1416 Praeterea
640 1382 727 1416 tam
747 1383 871 1428 grata
898 1376 981 1416 fuit
1001 1377 1074 1416 illa
1094 1376 1273 1417 victoria

397 1441 555 1491 populo
587 1441 792 1491 Romano,
828 1445 876 1480 ut
922 1452 1004 1493 quo
1042 1440 1136 1479 loco
1173 1438 1274 1479 caesi

399 1503 604 1556 captique
626 1503 809 1544 fuissent
827 1505 984 1554 hostes,
1005 1504 1192 1544 Senatus
1211 1503 1274 1543 in·

400 1569 518 1620 signe
539 1570 777 1621 trophaeum
808 1570 938 1610 statui
961 1569 1161 1621 jusserit,
1188 1575 1276 1608 tur-

401 1647 576 1689 remque
597 1635 801 1676 aedificari
829 1636 1014 1676 hostium
1039 1635 1182 1687 spoliis
1210 1647 1277 1674 or-

401 1705 545 1740 natam
571 1700 624 1740 ad
651 1705 784 1740 tantae
814 1700 879 1740 rei
905 1699 1160 1741 memoriam.
1192 1699 1278 1738 Oli-

402 1777 484 1805 ver.

457 1830 479 1880 ξ
500 1832 523 1868 5
558 1829 609 1873 Q.
638 1828 790 1880 Catuli]
820 1828 908 1869 Hic
929 1827 1087 1868 bellum
1108 1827 1233 1868 civile
1254 1839 1280 1866 a

405 1891 572 1944 Lepido
602 1900 763 1932 motum
799 1904 909 1944 pene
936 1892 1050 1944 prius
1079 1891 1281 1940 extinxit,

406 1968 534 2008 quam
572 1957 825 1996 suscitatum
859 1956 1048 1997 arderet.
1122 1955 1282 1995 Consul

407 2020 520 2060 enim
540 2033 637 2060 cum
659 2019 839 2072 Lepido,
867 2031 963 2059 cum
990 2030 1192 2058 novarum
1222 2029 1286 2057 re·

407 2096 501 2124 rum
519 2083 698 2135 cupidus
716 2095 793 2135 per
807 2082 1075 2122 insolentiam
1096 2081 1285 2134 Lepidus

409 2147 532 2201 syllae
553 2153 651 2187 acta
670 2146 915 2186 rescindere
933 2146 1079 2197 vellet,
1107 2157 1161 2186 ex
1179 2144 1287 2185 urbe

407 2214 524 2253 illum
546 2213 723 2252 Catulus
738 2211 885 2264 ejecit,
897 2217 1098 2264 tanquam
1114 2210 1289 2250 seditio-

410 2277 620 2317 sissimum
649 2276 878 2327 hominem,
910 2275 983 2328 qui
1013 2279 1171 2316 statum
1190 2274 1291 2315 civi-

412 2340 515 2380 tatis
536 2339 791 2391 perturbare
804 2339 1038 2379 moliretur.
1097 2338 1227 2389 Nam,
1244 2342 1291 2377 ut

413 2403 551 2456 inquit
567 2403 730 2450 Florus,
746 2416 840 2443 cum
864 2403 964 2455 jure
981 2402 1086 2444 belli
1105 2402 1294 2443 dictator

414 2468 531 2522 Sylla
557 2467 881 2520 proscripsisset
898 2466 1110 2518 inimicos,
1129 2466 1202 2517 qui
1226 2478 1293 2505 su-

416 2537 636 2583 pererant,
650 2536 882 2572 revocante
899 2530 1080 2583 Lepido,
1104 2530 1207 2584 quid
1222 2530 1295 2570 ali-

418 2594 476 2634 ud
511 2607 638 2647 quam
689 2595 742 2635 ad
787 2595 949 2635 bellum
1001 2594 1294 2635 vocabantur?

421 2659 528 2699 Cum
557 2659 851 2699 damnatorum
898 2659 1024 2710 bona,
1070 2659 1298 2698 addicente

419 2722 554 2775 Sylla,
585 2722 776 2775 quamvis
801 2723 915 2762 male
943 2728 1085 2774 capta,
1106 2722 1208 2773 jure
1237 2726 1300 2761 ta-

421 2797 535 2834 men,
579 2786 782 2838 repetitio
817 2798 964 2826 eorum
1019 2784 1300 2837 proculdubio

422 2848 711 2890 labefactabat
748 2850 1026 2902 compositam
1064 2849 1298 2889 civitatem.

424 2916 699 2968 Expediebat
719 2928 823 2968 ergo
841 2915 957 2967 quasi
979 2927 1105 2967 aegrae
1127 2915 1301 2954 sauciae-

430 2993 514 3033 que
547 2980 731 3032 reipubl.
761 2980 1033 3032 requiescere
1071 2978 1304 3031 quomodo-

429 3056 612 3096 cunque,
639 3055 693 3083 ne
732 3045 911 3083 vulnera
953 3043 1176 3083 curatione
1212 3043 1306 3095 ipsa

429 3109 787 3149 rescinderentur.
843 3109 959 3159 Ergo
991 3120 1085 3147 cum
1126 3107 1307 3148 turbidis

429 3172 723 3224 concionibus,
737 3171 858 3212 velut
871 3171 1066 3219 classico,
1087 3170 1307 3211 civitatem

434 3236 676 3287 terruisset,
707 3235 815 3276 urbe
846 3236 1007 3287 pulsus,
1025 3233 1246 3287 profectus
1265 3234 1309 3273 in

436 3301 702 3352 Heu-uriam,
718 3312 836 3340 arma
866 3298 968 3339 inde
999 3302 1046 3337 et
1074 3298 1311 3338 exercitum

437 3366 536 3407 urbi
569 3365 834 3406 admoverat.
887 3362 973 3403 Sed
998 3362 1090 3414 jam
1117 3360 1312 3401 Milvium

437 3437 629 3483 pontem,
646 3430 881 3481 collemque
899 3426 1142 3469 ,Ianiculum
1157 3426 1314 3465 Lucta-

438 3496 522 3534 tius
561 3494 757 3546 Catulus,
787 3491 1027 3544 Cneiusque
1059 3487 1311 3541 Pompeius,

441 3558 622 3610 Syllanae
659 3555 963 3597 dominationis
1005 3553 1135 3594 duces
1185 3557 1314 3604 atque

961 304 1139 344 NOTAE
1181 304 1512 345 vARlORUM
1556 307 1620 345 IN

1316 420 1526 474 signiferi,
1553 423 1636 463 alio
1665 423 1862 464 exercitu
1880 420 2193 476 insederantffa

1317 485 1466 538 quibus
1504 486 1641 537 primo
1690 487 1834 527 statim
1879 487 2041 540 impetu
2075 494 2193 530 retro

1319 549 1479 599 pulsus,
1508 549 1725 602 hostisque
1746 564 1770 590 a
1788 552 1948 592 Senatu
1961 552 2198 604 judicatus,

1318 611 1542 652 incruenta
1568 611 1670 664 fuga
1693 613 1960 665 Hetruriam‚
1980 615 2081 655 inde
2098 615 2196 656 Sar·-

1321 675 1477 716 diniam
1511 679 1718 728 recessit;
1746 679 1807 719 ibi
1843 692 2011 733 quoque
2049 679 2197 720 morbo

1323 746 1367 780 et
1405 741 1659 793 poenitentia
1703 743 1883 792 interiit,
1927 744 2198 794 victoresque

1323 814 1406 842 non
1439 809 1602 844 temere
1640 805 1681 844 in
1715 805 1912 845 civilibus
1944 806 2071 847 bellis
2094 817 2199 858 pace

1324 867 1516 906 contenti
1553 866 1742 908 fuerunt.
1790 869 1940 910 Oliver.
2013 868 2204 922 Contigit

1326 931 1379 971 A.
1399 931 1457 971 U.
1477 942 1688 973 ncxxxV.

1383 995 1509 1034 Civile
1529 995 1685 1047 bellum]
1710 996 1820 1036 Nam
1840 995 1972 1048 ejecit
1991 995 2203 1047 Lepidum

1328 1057 1408 1098 sibi
1421 1058 1626 1110 collegam
1641 1058 1684 1098 iu
1697 1060 1919 1099 consulatu
1935 1059 2047 1099 bella
2061 1058 2208 1099 civilia

1330 1122 1623 1162 suscitantem.
1679 1124 1796 1163 Dum
1829 1122 1938 1162 enim
1959 1127 2058 1163 acta
2077 1122 2205 1175 Synae

1329 1184 1577 1225 rescindere
1626 1190 1831 1236 tentaret,
1872 1191 1922 1226 ut
1975 1185 2206 1238 proscripti

1332 1260 1491 1299 omnes,
1511 1248 1885 1301 quisupcressent,
1904 1254 2210 1290 revocarentur

1332 1310 1376 1350 in
1405 1310 1573 1362 urbem,
1605 1316 1650 1350 et
1681 1323 1758 1351 sua
1785 1311 1864 1351 sibi
1883 1311 1996 1352 bona
2014 1312 2212 1352 restitue-

1334 1378 1501 1425 rentur,
1533 1374 1798 1426 gravissimas
1837 1374 2070 1415 seditiones
2102 1374 2213 1422 exci-

1335 1437 1474 1487 tabat,
1499 1443 1545 1477 et
1573 1437 1766 1490 quietum
1794 1437 1902 1490 reip.
1935 1442 2094 1478 statum
2115 1442 2213 1490 per-

1337 1500 1554 1542 turbabat.
1593 1501 1720 1541 Hunc
1732 1501 1863 1553 igitur
1879 1502 2046 1542 hostem
2061 1501 2212 1554 patriae

1338 1579 1361 1606 a
1380 1566 1539 1606 Senatu
1564 1565 1804 1617 judicatum
1826 1565 1879 1605 de
1906 1565 2050 1606 medio
2078 1570 2216 1605 sustu-

1340 1630 1404 1680 lit,
1424 1629 1615 1682 morique
1634 1629 1797 1680 coegit;
1819 1629 1969 1681 dequo
1987 1629 2182 1669 Lucanus
2200 1639 2211 1667 ε

1339 1695 1352 1716 ‘
1369 1694 1431 1733 Ut
1450 1693 1603 1732 Catulo
1615 1692 1760 1744 jacuit
1788 1691 2008 1744 Lepidus.²
2038 1691 2190 1731 Oliver.

1393 1757 1538 1798 Lucius
1580 1771 1668 1797 vero
1701 1757 1832 1810 Sylla]
1874 1756 2133 1797 Plutarchus
2174 1756 2217 1796 in

1341 1823 1443 1864 Vita
1461 1823 1588 1875 Syllae
1609 1822 1715 1862 dicit
1744 1822 1860 1861 illum
1893 1820 2002 1861 adeo
2030 1820 2072 1860 in
2098 1831 2221 1859 exer·

1345 1888 1494 1928 cendis
1527 1887 1686 1928 salibus
1718 1892 1870 1927 natura
1895 1885 2132 1927 studiosum
2153 1884 2218 1925 fu-

1346 1952 1448 2003 isse,
1478 1957 1525 1991 ut
1560 1950 1616 1990 ab
1654 1951 1831 1991 ineunte
1867 1954 1997 1990 aetate
2034 1949 2248 2002 plurima,

1348 2027 1444 2055 cum
1474 2015 1704 2067 ignominia
1731 2013 1927 2054 sodalitia
1960 2026 2056 2053 cum
2087 2013 2224 2053 mimis

1348 2085 1479 2131 atque
1500 2078 1690 2118 ridiculis
1718 2076 1955 2117 hominibus
1974 2076 2224 2128 petulanter

1348 2142 1562 2182 babuerit.
1601 2142 1761 2182 Postea
1778 2152 1892 2191 vero,
1911 2153 2005 2180 cum
2025 2139 2067 2180 in
2087 2140 2221 2180 omni·

1351 2218 1422 2245 um
1436 2217 1576 2244 rerum
1591 2205 1807 2245 dominatu
1823 2204 2082 2245 constitutus
2098 2208 2228 2255 esset,

1353 2283 1378 2310 e
1398 2281 1529 2310 scena
1544 2268 1932 2321 impudentissimos
1945 2279 2135 2322 quosque
2151 2280 2223 2309 co-

1355 2348 1473 2388 gens,
1492 2335 1605 2374 inter
1619 2333 1852 2386 potandum
1868 2332 2128 2387 quotidianis
2141 2343 2225 2372 cae·

1355 2398 1599 2439 nationibus
1613 2398 1824 2438 certabat.
1858 2398 1965 2440 Quae
1985 2407 2082 2437 cum
2102 2395 2228 2448 gra'u-

1357 2463 1467 2504 diori
1475 2463 1569 2515 jam
1588 2467 1719 2502 aetate
1738 2467 1996 2514 patraret‚et
2013 2459 2233 2500 dominan-

1359 2529 1415 2568 tis
1463 2526 1675 2579 dignitati·
1714 2525 1916 2577 probrum
1959 2528 2004 2564 et
2040 2521 2231 2563 dedecus

1359 2590 1517 2633 afferre
1537 2590 1800 2639 viderentur,
1819 2588 1953 2628 multa
1967 2587 2236 2640 negligenter

1360 2653 1606 2704 omittebat,
1639 2665 1734 2705 quae
1773 2651 1914 2691 studio
1946 2657 1992 2691 et
2026 2649 2237 2690 industria

1362 2716 1624 2768 indigebant.
1662 2714 1863 2755 Coenanti
1881 2713 2088 2767 siquidem
2106 2711 2238 2765 Syllae

1362 2780 1503 2819 nullus
1524 2779 1642 2819 circa
1661 2778 1772 2818 seria
1790 2789 1887 2817 usus
1906 2781 2016 2827 erat,
2035 2788 2132 2817 cum
2155 2775 2239 2816 alio

1365 2850 1558 2896 tempore
1578 2842 1760 2894 impiger
1779 2847 1825 2882 et
1837 2841 1994 2882 eximia
2008 2839 2241 2880 severitate

1366 2905 1499 2958 foret,
1529 2911 1578 2946 ut
1610 2917 1706 2944 cum
1739 2905 1922 2955 primum
1965 2902 2163 2942 sodalitia
2194 2906 2240 2942 et

1367 2970 1709 3023 compotationes
1728 2968 1950 3019 abjiceret,
1976 2978 2061 3006 uno
2079 2966 2245 3018 impetu

1369 3049 1437 3076 res
1479 3035 1611 3074 serias
1657 3037 1918 3084 capesseret.
1990 3031 2151 3070 Verum
2182 3030 2244 3069 ita

1370 3099 1508 3141 mimis
1524 3103 1569 3138 et
1587 3095 1861 3136 saltatoribus
1873 3093 2071 3134 addictus
2091 3093 2144 3132 ad
2157 3105 2245 3133 om-

1371 3175 1468 3202 nem
1502 3158 1837 3200 familiaritatem
1880 3167 2060 3208 pronum
2086 3166 2138 3195 se
2172 3155 2246 3195 ob-

1373 3226 1630 3276 noxiumque
1650 3219 1923 3273 subjiciebat,
1940 3223 1987 3258 ut
2005 3223 2092 3258 tam
2114 3218 2246 3259 soluti

1374 3289 1545 3330 morbus
1579 3285 1707 3326 animi
1739 3281 2027 3335 praecipitium
2059 3281 2112 3321 ad
2134 3294 2248 3322 amo·

1375 3366 1461 3404 res,
1484 3352 1723 3399 levitatem,
1742 3353 1788 3386 et
1808 3345 2036 3385 illecebras
2069 3345 2149 3386 sibi
2173 3357 2248 3397 pe-

1379 3417 1558 3469 pererit,
1578 3427 1602 3454 a
1623 3412 1773 3464 quibus
1796 3421 1878 3449 nec
1906 3408 2254 3461 provectioribus

1376 3481 1546 3535 quidem
1567 3477 1687 3518 annis
1703 3485 1796 3514 sese
1810 3471 2042 3512 revocavit.
2087 3471 2254 3512 Metro-

1379 3547 1491 3588 bium
1522 3541 1736 3583 scenicum
1774 3549 1798 3577 a
1837 3534 2101 3588 juvenilibus
2133 3535 2254 3575 annis
