2288 3990
306 284 447 339 1030

305 430 423 458 arum
443 417 622 458 modulis
641 418 682 457 in
703 417 858 470 praeliis
878 429 975 457 usos
995 428 1087 457 esse
1107 429 1171 457 re-

303 481 415 520 fert:
445 494 527 521 non
561 493 727 533 prorsus
745 493 796 520 ex
816 480 955 532 aliquo
974 480 1059 519 ritu
1078 480 1172 520 reli·

305 543 487 595 gionum,
505 555 639 596 neque
659 543 720 582 rei
746 541 896 581 divinae
925 542 1077 593 gratia,
1097 554 1170 581 ne-

302 618 384 658 que
402 607 531 646 etiam
552 612 600 646 ut
617 606 922 657 excitarentur,
939 610 1069 656 atque
1084 604 1170 644 evi·

302 667 528 708 brarentur
547 668 687 715 animi,
715 667 826 718 quod
854 679 1027 717 cornua,
1058 674 1103 707 et
1120 667 1169 706 li-

302 730 363 770 tui
385 731 638 771 moliuntur:
681 732 754 771 sed
774 737 939 780 contra,
957 736 1006 771 ut
1026 730 1169 770 mode-

299 794 497 843 ratiores,
555 793 939 847 modulatioresque
989 793 1165 834 fierent:

299 856 412 907 quod
448 856 633 896 tibicinis
671 858 1167 911 numerisUtemperatur.

299 919 417 958 Nihil
435 920 540 959 adeo
558 921 600 959 in
620 921 946 973 congrediendis
965 921 1169 972 hostibus,

298 986 428 1033 atque
448 981 489 1020 in
510 983 730 1034 principiis
762 984 1003 1034 praeliorum
1033 982 1086 1022 ad
1103 995 1167 1022 sa-

296 1043 444 1094 lutem,
462 1045 747 1097 virtutemque
767 1046 905 1096 aptius
924 1045 1022 1096 rati,
1041 1057 1166 1098 quam

298 1106 333 1146 si
356 1109 554 1158 permulsi
575 1109 685 1148 sonis
713 1108 963 1159 mitioribus,
987 1120 1071 1148 non
1090 1108 1165 1146 im-

295 1170 465 1210 modice
494 1169 740 1210 ferocirent.
796 1171 900 1210 Cum
930 1171 1166 1221 procinctae

294 1232 427 1284 igitur
439 1234 593 1272 classes
609 1238 744 1282 erant,
762 1239 805 1272 et
819 1233 1025 1272 instructa
1039 1232 1168 1281 acies,

294 1301 569 1347 coeptumque
587 1296 627 1334 in
647 1297 809 1335 hostem
831 1294 1048 1347 progredi,
1069 1293 1164 1333 tibi-

294 1357 411 1397 cines
439 1358 550 1397 inter
587 1357 820 1397 exercitum
853 1357 982 1407 positi
1013 1367 1166 1395 canere

292 1419 571 1470 incipiebant.
627 1421 691 1459 Ea
724 1420 841 1459 tibiae
875 1418 1164 1470 praecentione

292 1482 524 1533 tranquilla
542 1489 588 1522 et
614 1482 862 1533 venerabili,
882 1481 934 1520 ad
951 1481 1163 1533 quandam

293 1544 413 1596 quasi
447 1544 638 1584 militaris
675 1545 844 1584 musicae
882 1544 1163 1595 disciplinam,

291 1605 355 1645 vis
392 1611 437 1646 et
472 1606 656 1658 impetus
694 1606 891 1657 militum,
927 1618 980 1645 ne
1013 1606 1162 1656 sparsi,

290 1669 575 1722 dispalatique
587 1676 854 1722 proruerent,
867 1670 1164 1711 cohibebatur.

289 1732 345 1772 A.
370 1732 536 1772 Gellius.

343 1796 567 1847 Anapaesti]
611 1795 866 1848 Anapaestns
890 1810 964 1848 pes
995 1803 1074 1848 est,
1091 1798 1163 1850 qui

289 1857 447 1909 primas
485 1858 590 1898 duas
622 1860 806 1911 syllabas
843 1860 992 1900 breves
1020 1860 1164 1912 habet,

290 1926 336 1960 et
354 1921 544 1960 ultimam
565 1922 748 1973 longam.
940 1965 943 1968 f

343 1983 366 2034 ς
397 1987 421 2022 3
452 1983 620 2035 [nertin]
684 1985 781 2025 Ocii
817 1991 947 2036 atque
993 1984 1160 2025 inertiae

288 2045 502 2096 publicam
538 2046 650 2097 apud
687 2045 974 2087 Athenienses
1006 2055 1162 2088 morta-

285 2109 389 2148 lium
422 2109 735 2150 cordatissimos
764 2112 1079 2151 accusationem
1098 2110 1161 2151 fu-

284 2171 370 2211 isse
388 2174 602 2212 memoriae
631 2173 849 2224 proditum
875 2178 954 2214 est.
1008 2174 1161 2214 Clean-

287 2236 382 2276 thes
413 2242 459 2276 et
485 2237 769 2278 Menedemus
802 2239 1049 2290 Philosophi
1069 2241 1160 2291 ejus

284 2299 348 2338 rei
368 2312 508 2339 coram
524 2301 800 2352 Areopagitis
812 2314 982 2341 causam
997 2302 1162 2342 dixere.

281 2362 469 2414 Singulis
487 2363 712 2403 admodum
744 2364 864 2403 annis
883 2365 998 2404 cives
1018 2376 1160 2404 coram

280 2424 448 2476 judicio
467 2438 512 2465 se
533 2426 761 2477 sistebant,
790 2426 999 2466 rationem
1020 2427 1160 2467 reddi-

284 2489 386 2539 turi,
416 2489 486 2529 cui
521 2490 603 2529 arti
636 2490 729 2542 quis
762 2501 807 2529 se
845 2489 1049 2539 dedisset,
1077 2503 1160 2542 quo

286 2557 454 2603 quaestu
492 2553 623 2592 vitam
660 2553 877 2592 toleraret.
946 2553 1015 2593 Ita
1046 2554 1159 2593 enim

283 2615 559 2655 existimabat
599 2616 928 2667 sapientissimus
967 2618 1161 2669 populus,

283 2677 412 2716 vitam
433 2677 475 2717 in
495 2678 665 2717 actione
685 2678 932 2729 consistere,
960 2678 1159 2730 ignavum

282 2750 415 2790 pecus
454 2751 479 2778 a
513 2739 702 2779 civitatis
737 2753 823 2779 suae
862 2741 1157 2792 penetralibus

281 2802 526 2843 arcendum.
581 2802 699 2842 Nihil
725 2815 847 2854 aeque
867 2804 1051 2843 animum
1071 2804 1157 2856 spi-

281 2864 474 2917 ritusque
493 2865 707 2915 obtundit,
720 2879 844 2918 quam
859 2867 1028 2918 torpida
1041 2880 1157 2920 quae-

281 2927 380 2967 dam
400 2928 604 2968 remissio.
658 2926 793 2979 Ager,
812 2929 883 2980 qui
912 2935 1055 2969 aratro
1071 2942 1156 2969 non

282 2990 486 3038 sulcatur,
525 2990 665 3040 spinas
703 2996 750 3030 et
794 2991 894 3030 lolia
938 2992 1154 3044 producit,

278 3063 398 3091 mens
434 3053 633 3102 humana,
661 3063 756 3104 quae
795 3064 878 3092 non
911 3059 1155 3101 exercetur,

280 3114 483 3154 vitiorum
519 3115 663 3166 spinas
699 3114 806 3155 edit.
881 3116 1001 3157 Sicut
1037 3130 1154 3157 mare

279 3184 492 3217 mortuum
527 3177 653 3217 nullis
689 3177 879 3228 agitatur
909 3178 1050 3228 undis,
1080 3179 1152 3219 sed

279 3241 505 3293 vaporibus
520 3240 655 3280 noxiis
682 3241 882 3281 continuo
901 3241 1042 3282 aerem
1064 3241 1155 3282 infi-

280 3306 354 3356 cit,
373 3306 433 3345 ita
464 3305 535 3357 qui
568 3304 662 3343 ocio
690 3305 822 3344 veluti
848 3306 1042 3357 sepultus
1073 3313 1154 3353 est,

281 3369 478 3409 vitiorum
526 3368 698 3408 foetidos
745 3373 914 3408 eructat
961 3382 1155 3421 vapores,

279 3432 350 3483 qui
373 3432 503 3483 ipsam
525 3432 706 3472 animam
736 3443 788 3471 ex
811 3438 989 3483 augusto
1010 3432 1154 3472 ‹letru-

282 3493 387 3534 dunt
406 3495 526 3546 solio,
545 3499 587 3534 et
608 3504 730 3534 coeuo
751 3505 826 3533 suo
846 3495 1155 3534 contaminant.

860 299 1037 339 No'rAE
1079 298 1406 339 VARIORUM
1452 303 1512 340 IN

1237 418 1398 458 Coelum
1413 418 1582 470 aspice;
1603 419 1644 458 in
1665 420 1865 461 continuo
1884 424 2001 461 motu
2018 417 2106 473 est,

1233 479 1413 533 ideoque
1447 482 1550 520 nulli
1586 483 1809 522 mutationi
1859 484 2101 524 obnoxium.

1233 543 1551 583 Exercitatione
1585 556 1742 596 corpus
1772 545 2011 597 roboratur,
2037 545 2102 585 ni-

1232 604 1317 643 mia
1335 605 1454 656 quies
1472 606 1613 656 noxia,
1628 607 1791 647 viscera
1812 608 2012 658 obstruit,
2029 620 2102 647 ve-

1231 679 1305 707 nas
1325 668 1498 719 putrido
1515 669 1719 721 sanguine
1733 670 1912 722 implet:
1940 670 2100 723 ingenii

1231 743 1399 784 quoque
1454 733 1707 774 exercitatio
1756 735 1940 774 animum
1994 735 2099 775 alit:

1232 793 1509 844 cogitationes
1541 793 1685 835 fovet:
1726 796 1855 835 nimia
1888 797 2008 848 quies
2033 809 2101 836 ru-

1229 858 1374 909 bigine
1393 859 1572 911 quadam
1592 859 1727 900 laedit.
1761 860 1942 912 Thynias.

1282 922 1322 960 E
1339 922 1499 961 latebris
1512 922 1609 973 suis]
1652 923 1762 964 Quia
1794 935 1872 974 per
1903 922 2035 962 otium
2056 923 2099 962 in

1230 985 1400 1023 occulto
1421 983 1551 1023 vitam
1572 991 1726 1036 aguut;
1755 997 1850 1024 nam
1881 985 2100 1036 proprium

1229 1044 1379 1086 inertis
1398 1047 1522 1086 estin
1541 1046 1626 1086 otio
1657 1053 1701 1086 et
1724 1046 1910 1087 tenebris
1928 1046 2099 1086 delites-

1229 1120 1342 1149 cere.

1282 1172 1304 1222 §
1331 1175 1357 1211 4
1383 1171 1632 1223 Areopagus]
1665 1172 1819 1213 Graeee
1848 1171 1997 1226 Ἄρειος
2025 1170 2098 1211 πά-

1226 1246 1313 1283 ·yos,
1347 1234 1521 1274 Martius
1551 1235 1661 1274 vicus
1678 1236 1745 1275 vel
1768 1236 1993 1287 (tuniculas,
2023 1247 2099 1275 no-

1227 1307 1339 1347 men,
1357 1301 1467 1336 teste
1487 1297 1699 1336 Pausania
1718 1298 1760 1336 in
1781 1297 1956 1348 Atticis,
1969 1298 2098 1349 adep·

1227 1364 1295 1397 tus
1341 1370 1477 1408 suum,
1516 1359 1627 1410 quod
1657 1360 1776 1398 Mars
1817 1359 1877 1398 ibi
1922 1360 2100 1410 primus,

1226 1420 1490 1460 Halirrhotio
1510 1420 1756 1473 interfecto,
1775 1421 1940 1473 judicio
1959 1432 2005 1461 se
2023 1421 2099 1461 sis·

1225 1487 1319 1522 tere
1363 1482 1494 1523 fuerit
1535 1489 1727 1524 coactus.
1782 1484 1869 1523 Hic
1922 1488 2115 1523 senatus.

1225 1545 1602 1598 Areopagitarum,
1633 1559 1757 1599 quem
1784 1547 1899 1587 velut
1918 1547 2098 1587 alteram

1225 1620 1420 1648 ancoram
1456 1610 1652 1660 populari
1684 1609 1861 1660 imperio
1880 1609 2098 1649 adhaerere

1225 1671 1423 1710 voluerat
1455 1671 1596 1721 Solon,
1624 1671 1834 1723 judicium
1867 1670 2098 1711 exercebat

1225 1733 1278 1773 de
1308 1735 1442 1785 caede,
1469 1736 1642 1775 vulnere
1662 1735 1715 1775 de
1735 1735 1944 1776 industria
1962 1733 2099 1785 facto,

1224 1797 1279 1836 de
1307 1797 1519 1847 incendio,
1546 1810 1727 1849 veneno,
1757 1798 1792 1837 si
1812 1799 1907 1850 quis
1927 1809 1979 1837 eo
1993 1796 2097 1837 dato

1223 1872 1373 1900 necem
1408 1861 1639 1910 attulisset,
1682 1866 1727 1900 et
1765 1860 2013 1911 parricidio,
2043 1860 2097 1900 iis

1222 1929 1364 1964 tamen
1378 1925 1590 1975 exceptis,
1603 1924 1673 1976 qui
1689 1916 1928 1963 adulterum
1943 1923 2098 1974 depre-

1221 1987 1394 2026 hensum
1439 1999 1534 2026 cum
1589 1998 1721 2026 uxore
1763 1985 2097 2035 interfecissent,

1225 2050 1443 2101 praecipue
1481 2061 1582 2089 vero
1620 2049 1675 2088 de
1711 2049 1949 2100 impietate,
1985 2048 2098 2088 sieut

1224 2118 1405 2163 apparet
1424 2123 1477 2151 ex
1496 2123 1546 2151 eo
1566 2111 1675 2164 quod
1706 2112 1758 2151 de
1776 2111 2004 2151 Theodoro
2023 2111 2098 2151 illo

1222 2173 1364 2214 Atheo
1380 2180 1523 2213 narrat
1546 2173 1757 2214 Laertius.
1814 2173 1965 2214 Refert
1982 2174 2096 2214 idem

1221 2236 1439 2276 Socratem
1461 2236 1515 2275 ab
1534 2235 1808 2288 Areopagitis
1832 2237 2098 2286 damnatum,

1223 2299 1337 2351 quod
1358 2312 1439 2339 non
1459 2300 1629 2339 eosdem
1650 2305 1776 2351 atque
1798 2299 1952 2339 civitas
1975 2301 2095 2339 Deos

1223 2358 1425 2413 putaret,
1444 2368 1490 2401 et
1522 2374 1633 2402 nova
1660 2363 1832 2402 numina
1865 2362 2098 2403 inveheret.

1223 2424 1324 2465 Fuit
1337 2425 1429 2464 haec
1446 2424 1562 2464 curia
1568 2425 1759 2477 judicum
1771 2424 2096 2465 Atheniensium

1223 2488 1306 2526 sita
1322 2499 1404 2527 non
1426 2488 1574 2538 procul
1594 2487 1814 2539 Acropoli,
1844 2500 1996 2540 nempe
2016 2489 2098 2529 cir-

1223 2549 1330 2589 citer
1345 2548 1567 2601 προπύλαια
1587 2562 1680 2602 quae
1701 2556 1870 2601 vocant,
1899 2557 1948 2590 nt
1967 2556 2096 2591 testa-

1223 2617 1294 2651 tur
1329 2612 1594 2651 Pausanias:
1636 2612 1814 2665 ideoque
1846 2611 2097 2665 Areopagus

1223 2679 1374 2714 vocata
1393 2678 1473 2725 est,
1500 2674 1621 2726 quasi
1643 2675 1848 2714 Martium
1865 2675 2017 2715 collem
2034 2676 2096 2715 di·

1221 2749 1324 2786 cas;
1371 2737 1440 2776 vel
1485 2737 1598 2788 quod
1643 2737 1779 2777 Marti
1823 2742 2096 2779 consecratus

1221 2805 1337 2840 esset
1373 2800 1492 2840 collis
1530 2801 1625 2850 iste,
1672 2801 1741 2839 vel
1783 2801 1897 2853 quod
1931 2801 2094 2852 primus

1219 2864 1355 2914 Mars,
1370 2869 1419 2902 ut
1437 2862 1699 2912 fabulantur,
1714 2863 1844 2903 caedis
1860 2874 2030 2904 causam
2051 2863 2095 2914 in

1219 2937 1270 2966 eo
1283 2926 1450 2978 judicio
1467 2925 1663 2966 dixisset.
1719 2926 1963 2978 Antequam
1983 2928 2094 2968 actio

1217 2989 1530 3038 intenderetur,
1571 2988 1838 3040 cogebantur
1883 2995 2006 3030 actor
2046 2996 2093 3029 et

1218 3063 1315 3091 reus
1353 3051 1598 3103 gravissimo
1635 3063 1681 3091 se
1708 3051 1990 3103 jurejurando
2017 3054 2093 3093 ob-

1218 3115 1448 3166 stringere,
1472 3120 1518 3155 et
1547 3114 1610 3154 bis
1629 3113 1726 3154 inde
1747 3126 1936 3154 caussam
1955 3127 2092 3155 orare.

1217 3178 1396 3221 Judices
1411 3184 1550 3217 autem
1567 3177 1774 3216 sedebant
1790 3177 1832 3215 in
1847 3177 2012 3218 duobus
2027 3191 2093 3218 ar·

1218 3241 1385 3293 genteis
1397 3239 1608 3290 scabellis,
1627 3250 1802 3291 quorum
1825 3251 1968 3291 unum,
1984 3245 2093 3281 teste

1219 3305 1448 3354 Pausania,
1479 3303 1765 3354 contumeliae,
1791 3303 1971 3343 alterum
2006 3306 2090 3346 Im-

1219 3367 1437 3420 pudentiae
1471 3365 1688 3415 dicebant,
1721 3371 1849 3417 atque
1878 3367 1940 3406 ita
1961 3374 2091 3410 noctu

1221 3437 1266 3471 et
1284 3430 1362 3470 sub
1381 3429 1452 3468 dio
1470 3440 1631 3467 summo
1650 3439 1743 3467 cum
1761 3428 1931 3468 silentio
1947 3430 2091 3470 audie·

1223 3494 1326 3534 bant
1354 3503 1540 3542 caussaS,
1570 3489 1770 3542 adempta
1806 3493 2091 3534 conciliando—
