2346 3996
353 298 494 352 1:226

355 431 432 470 lita
451 429 630 471 fratrum
659 433 916 470 mortuorum
947 428 1130 480 vivique,
1157 429 1230 468 ob-

352 496 433 535 lita
462 495 635 547 patriae:
668 496 726 533 sic
760 499 845 543 eat,
881 492 1122 545 quicunque
1151 493 1230 531 Ro·

351 571 521 598 manum
541 558 705 610 lugebit
724 558 904 596 hostem.
965 556 1046 595 Hic
1076 555 1230 595 deiude

354 635 409 663 ex
439 623 532 673 lege
563 620 865 673 perduellionis
895 620 1116 659 damnatus
1137 622 1228 659 est3

354 690 451 725 erat
478 691 621 724 autem
661 684 730 723 lex
761 683 960 721 horrendi
1007 682 1228 722 criminis:

355 751 610 791 valenr
663 758 1057 789 PERDVELLIONEM
1105 757 1229 788 lvm-

355 823 489 853 CENT:
523 823 563 852 sl
590 822 621 852 Α
641 822 898 852 vamvuus
923 822 1228 862 PROVOCAfflT,

353 886 705 916 PRovocATloNE
741 885 977 916 cERTATo:
1021 886 1059 915 ει
1101 887 1227 915 vles:-

352 950 479 990 mN‘r,
524 948 672 978 CAPv‘r
728 949 978 988 oBNvm'ro,
1023 950 1227 979 mmmm

351 1013 524 1043 ARBom
558 1012 697 1043 RESTE
728 1012 1021 1053 svsmmm'ro,
1054 1013 1226 1042 VERRE-

352 1076 486 1116 RA'ro,
513 1076 601 1105 vm.
639 1076 784 1106 1NTRA
813 1076 1050 1106 ΡοΜοΕκιῐ
1063 1076 1117 1116 Μ,
1143 1076 1229 1105 vm.

352 1140 505 1170 Ex'rRA
523 1140 824 1171 POMOERIVM.
877 1129 974 1169 Hac
989 1129 1084 1180 lege
1113 1127 1227 1167 dam-

354 1199 495 1243 natus,
527 1205 622 1233 cum
642 1192 694 1232 ad
717 1192 918 1245 populum
937 1196 1229 1244 provocasset,

355 1256 408 1295 de
422 1255 724 1308 provocatione
747 1260 959 1296 certatum
979 1260 1058 1294 est.
1116 1254 1227 1294 Moti

353 1319 543 1360 homines
562 1320 604 1359 in
625 1331 678 1359 eo
694 1319 874 1371 judicio,
894 1319 1076 1359 maxime
1104 1323 1227 1369 patre

353 1384 537 1424 Horatio
557 1385 863 1436 proclamante,
896 1395 942 1423 se
973 1382 1100 1422 filiam
1125 1384 1228 1436 jure

354 1459 509 1487 caesam
531 1447 759 1499 judicare3
789 1448 833 1486 ni
853 1447 914 1487 ita
933 1452 1062 1498 esset,
1092 1447 1229 1498 primo

349 1509 451 1561 jure
483 1510 525 1549 in
558 1508 688 1550 filium
722 1510 1064 1551 animadversum
1085 1510 1229 1550 fnisse.

356 1573 526 1614 Orabat
559 1573 726 1624 deinde,
759 1586 811 1614 ne
847 1587 908 1625 se,
943 1587 1068 1627 quem
1105 1574 1230 1626 paulo

356 1643 456 1678 ante
484 1650 578 1678 cum
605 1638 781 1691 egregia
812 1639 948 1691 stirpe
985 1639 1229 1690 conspexis-

354 1706 467 1753 sent,
495 1701 639 1742 orbum
655 1702 800 1742 liberis
819 1701 1026 1742 facerent.
1056 1701 1231 1742 Additis

357 1764 512 1804 deinde
529 1765 705 1815 juvenis
733 1766 945 1816 laudibus,
964 1766 1230 1819 victoriaque

356 1834 495 1880 parta,
511 1828 705 1869 absoluta
717 1835 784 1869 est
800 1829 933 1882 magis
947 1829 1231 1869 admiratione

358 1891 543 1940 virtutis,
582 1905 705 1944 quam
728 1893 827 1946 jure
865 1906 1021 1933 causae.
1077 1893 1162 1933 Sed
1183 1899 1231 1934 ut

357 1954 497 1994 caedes
530 1955 670 2008 aliquo
698 1955 926 1997 manifesto
953 1957 1123 2009 piaculo
1143 1958 1231 1997 lue-

357 2026 492 2070 retur,
520 2020 771 2073 imperatum
794 2022 906 2074 patri
928 2028 974 2062 ut
1000 2020 1133 2061 filium
1161 2034 1233 2061 ex-

359 2083 495 2135 piaret
531 2084 703 2135 publica
739 2084 953 2137 pecunia3
982 2084 1034 2135 is,
1063 2084 1232 2136 quibus·

355 2147 454 2186 dam
500 2148 786 2199 piacularibus
830 2147 1048 2188 sacrificiis
1093 2148 1235 2199 factis,

357 2224 452 2264 quae
489 2212 647 2252 deinde
683 2212 801 2265 genti
837 2212 1033 2253 Horatiae
1072 2212 1235 2253 tradita

361 2279 474 2324 sunt,
523 2277 768 2316 transmisso
809 2289 886 2328 per
923 2277 1032 2316 viam
1080 2277 1235 2328 tigillo,

361 2338 502 2390 capite
544 2338 768 2390 adoperto,
813 2340 931 2380 velut
966 2339 1044 2379 sub
1080 2339 1232 2391 jugum

361 2401 703 2453 misitjnvenem.
735 2402 786 2443 Id
806 2403 929 2444 hodie
948 2402 1116 2456 publice
1131 2415 1235 2454 quo-

366 2476 446 2516 que
477 2477 646 2517 semper
667 2465 873 2507 refectum
894 2472 1065 2508 manet:
1092 2466 1233 2505 ‘soro-

363 2527 471 2567 rium
489 2529 671 2580 tigillum
685 2529 695 2546 ’
713 2536 880 2571 vocant.
901 2530 1058 2571 Livius.
1087 2530 1234 2570 Comi·
1251 2562 1254 2564 ,

365 2592 428 2643 git
447 2591 500 2631 A.
518 2593 572 2632 U.
594 2604 807 2634 Lxxxvu.

421 2656 649 2695 Conditione
687 2657 847 2708 pugnae]
901 2657 1104 2699 Quamvis
1145 2661 1234 2696 tres

363 2721 657 2760 tantummodo
679 2721 867 2769 vicisset,
898 2722 1062 2761 vicerat
1096 2726 1236 2760 tamen

364 2795 511 2823 omnes
532 2782 738 2834 Albanos,
769 2784 928 2824 sancita
946 2785 1059 2823 inter
1078 2796 1123 2823 se
1144 2785 1238 2834 lege

362 2849 538 2900 parIque
552 2846 811 2899 conditione,
831 2855 877 2887 ut
890 2853 985 2887 utra
997 2859 1095 2899 pars
1116 2847 1240 2886 vicis-

368 2918 452 2962 set,
490 2913 625 2952 altera
661 2912 773 2951 illius
826 2915 997 2963 pareret
1049 2910 1240 2962 imperio.

369 2977 519 3016 Olirer.

421 3043 444 3093 ξ
472 3044 496 3080 7
528 3041 641 3081 Intra
651 3040 799 3092 domos]
816 3040 1021 3080 Privatim
1035 3044 1238 3079 matronae

373 3110 473 3145 sunt
509 3105 551 3144 in
587 3105 672 3143 suis
707 3101 872 3143 aedibus
911 3102 1096 3154 punitae:
1145 3113 1241 3140 nam

368 3167 569 3208 mulieres
589 3167 815 3218 damnatae,
846 3172 919 3205 aut
937 3165 1144 3216 cognatis,
1171 3171 1244 3204 aut

369 3232 413 3271 in
430 3243 606 3283 quorum
621 3242 744 3269 manu
763 3235 922 3279 essent,
937 3228 1107 3268 traditae
1128 3235 1242 3277 sunt,

372 3295 522 3348 utipsi
542 3294 742 3347 privatim
776 3292 1169 3333 animadverterent
1200 3292 1242 3331 in

371 3373 457 3401 eas.
514 3359 556 3399 Si
586 3370 708 3399 nemo
741 3363 834 3398 erat
852 3356 1025 3396 idoneus
1045 3354 1244 3407 supplicii

369 3429 560 3470 exactor,
597 3423 639 3461 in
671 3421 841 3475 publico
878 3419 1244 3461 animadverteba-

375 3495 459 3529 tur.
487 3489 607 3527 Idem.

429 3553 452 3605 ᾧ
480 3554 505 3591 8
534 3549 727 3602 Publicia,
760 3548 843 3601 ἅμ]
873 3547 1065 3600 Contigit
1098 3545 1151 3588 A.
1189 3546 1245 3586 U.

935 307 1111 348 No'rAE
1156 309 1429 349 VARIORU
1442 311 1481 348 M

1524 311 1589 349 IN

1290 440 1452 470 Dxmx.

1344 494 1366 543 ᾧ
1395 497 1422 531 9
1449 493 1618 543 Egnatia·
1652 494 1798 546 autem]
1825 492 1961 534 Aulus
1999 493 2165 534 Gellius

1291 557 1345 596 de
1376 557 1588 597 Noctibus
1620 558 1781 598 Atticis
1802 558 1906 598 dicit
1925 570 2006 597 non
2027 556 2164 598 minus

1290 621 1459 672 punitas
1489 619 1621 661 fuisse
1655 622 1852 662 mulieres
1891 622 2168 675 ajudicibus,

1291 696 1383 735 quae
1406 683 1503 724 vino
1522 696 1608 723 usae
1630 691 1789 736 essent,
1805 697 1928 737 quam
1948 686 1982 725 si
2003 686 2168 726 adulte·

1290 747 1398 786 rium
1427 747 1749 798 commisissent,
1766 747 1880 787 unde
1911 750 2105 800 superius
2125 749 2166 788 in

1290 822 1384 862 cap.
1431 810 1486 850 de
1533 810 1751 850 Institutis
1797 811 1996 851 Valerius
2041 811 2168 862 dixit,

1287 875 1300 896 ‘
1317 874 1415 914 olim
1434 873 1634 914 Romanis
1654 872 1838 913 foeminis
1855 885 1956 913 usus
1979 874 2068 914 vini
2085 873 2169 914 fuit

1289 937 1490 988 ignotus!
1549 937 1647 977 Non
1680 942 1747 977 est
1777 936 1908 988 igitur
1928 943 2168 988 accusatus,

1290 1001 1446 1041 nedum
1465 1001 1703 1052 damnatus,
1737 1000 1955 1052 Metellus,
1975 1000 2048 1053 qui
2069 1009 2171 1045 uxo-

1289 1078 1377 1119 rem
1407 1069 1652 1110 necaverat,
1685 1063 1798 1116 quod
1831 1075 1926 1103 eam
1946 1063 2087 1104 vinum
2109 1063 2171 1103 bi·

1290 1127 1402 1167 bisse
1422 1125 1781 1178 deprehenderat.
1833 1126 1982 1166 Oliver.

1343 1189 1563 1241 Fuste]1ta
1578 1189 1721 1240 vulgo.
1751 1187 1853 1228 Non
1867 1189 1980 1229 male
1996 1187 2167 1241 quidam

1289 1253 1414 1293 codd.
1462 1254 1610 1303 legunt
1641 1251 1805 1301 fustim.
1862 1251 2042 1291 Factum
2087 1251 2168 1291 hoc

1292 1315 1474 1367 Egnatio
1505 1313 1736 1354 Meccnnio
1761 1313 1941 1354 ascribit
1960 1313 2073 1354 Pliu.
2093 1313 2170 1355 lib.

1291 1390 1416 1420 xxii.
1437 1392 1532 1432 cap.
1555 1382 1616 1419 13.
1795 1383 1798 1386 ⁴

1343 1443 1365 1495 ξ
1398 1446 1448 1482 10
1477 1442 1700 1482 Horridum
1742 1444 1791 1483 C.
1823 1453 1968 1494 quoque
2003 1439 2173 1493 Sulpicia·

1294 1507 1403 1546 Galli
1436 1506 1618 1546 maritale
1651 1505 1901 1558 supplicium]
1940 1505 2011 1545 Ita
2029 1504 2174 1555 vulgo.

1292 1570 1472 1622 Corrige
1489 1583 1541 1610 ex
1560 1575 1725 1622 septem
1738 1575 1932 1610 veterum
1951 1568 2053 1608 libb.
2071 1580 2173 1608 auc-

1292 1637 1479 1687 toritate,
1508 1636 1673 1687 Sulpicii
1709 1635 1820 1675 Galli
1846 1635 2024 1675 maritale
2041 1646 2175 1686 super-

1290 1700 1435 1741 cilium.
1480 1699 1664 1739 Ponitur
1685 1711 1762 1751 pro
1783 1698 2031 1744 severitate,
2060 1697 2174 1737 sicut

1291 1776 1315 1804 a
1334 1763 1539 1805 Martiale
1557 1763 1667 1803 libro
1684 1774 1711 1802 1.
1732 1761 1784 1802 ad
1805 1762 1967 1802 Caesar.
1996 1762 2008 1782 ‘
2022 1762 2173 1800 Terra-

1291 1838 1382 1867 rum
1430 1827 1646 1867 dominum
1708 1837 1819 1878 pone
1867 1822 2174 1876 supercilium.'

1291 1891 1403 1931 Item
1437 1903 1461 1930 a
1497 1890 1706 1930 Cicerone
1726 1890 1766 1929 iu
1788 1888 2038 1928 Pisoniana:
2079 1892 2090 1910 ‘
2112 1887 2174 1926 Ut

1293 1955 1367 1994 illo
1382 1954 1613 2006 supercilio
1636 1958 1834 2005 tanquam
1854 1950 2174 1990 Rhadamantus

1295 2017 1367 2056 ille
1386 2017 1466 2056 uiti
1487 2015 1731 2056 videretur.’
1789 2017 1952 2056 Rursus
1979 2015 2021 2054 in
2051 2014 2172 2054 Pria—

1297 2081 1430 2133 peiis:
1473 2080 1770 2120 ‘Conveniens
1809 2079 1934 2118 Latio
1962 2089 2073 2130 pone
2108 2089 2176 2116 su-

1298 2142 1547 2196 percilium.’
1586 2142 1850 2194 Supplicium
1872 2152 1972 2181 vero
1991 2146 2175 2180 tormen-

1300 2214 1388 2248 tum
1399 2211 1478 2258 est,
1492 2219 1574 2259 quo
1593 2207 1796 2258 plicatum
1813 2216 1966 2256 corpus
1977 2201 2177 2254 afficitur,

1298 2284 1381 2324 quo
1400 2272 1515 2311 nullo
1534 2269 1681 2311 affecit
1701 2281 1875 2309 uxorem
1902 2267 2069 2319 Gallus,
2100 2266 2173 2307 sed

1299 2335 1510 2375 duntaxat
1527 2333 1711 2374 divortio
1727 2332 1912 2384 punivit.
1945 2331 2066 2380 Pigh.

1351 2396 1534 2448 Abscisa]
1564 2396 1719 2448 Rigida
1739 2403 1784 2436 et
1803 2395 1924 2446 dura,
1940 2400 1985 2435 et
2005 2394 2065 2434 ita
2081 2393 2176 2435 bre-

1300 2463 1390 2513 vis3
1419 2476 1515 2503 nam
1551 2474 1619 2502 res
1651 2462 1772 2502 durae
1795 2474 1878 2503 uno
1898 2462 1988 2503 ictu
2010 2461 2175 2502 abscin-

1306 2526 1479 2566 duntur.
1509 2526 1614 2566 Bad.

1354 2593 1376 2643 ξ
1407 2593 1453 2630 ll
1477 2588 1746 2640 Incunabulis]
1766 2587 1925 2628 Primis
1940 2585 2177 2640 originibus

1301 2661 1347 2697 et
1366 2655 1648 2695 nutrimentis.

1357 2718 1611 2769 citeriorem]
1641 2716 1816 2768 Legitur
1836 2722 1897 2762 et,
1916 2715 2107 2755 citiorem.

1357 2786 1379 2837 ξ
1409 2787 1460 2824 12
1490 2781 1742 2832 Sempronius
1789 2779 1959 2832 Sophus]
1989 2779 2058 2818 De
2099 2778 2178 2817 hoc

1303 2846 1565 2899 Pomponius
1596 2845 1732 2886 ‚lctus
1764 2843 1832 2883 tit.
1865 2842 1918 2882 de
1957 2842 2063 2894 orig.
2086 2841 2178 2893 jur.

1303 2912 1542 2961 Falluutur,
1555 2909 1626 2962 qui
1642 2907 1832 2961 pluribus
1845 2907 1922 2947 hoc
1944 2916 2178 2957 cognomen

1303 2977 1510 3018 tribuunt.

1359 3039 1485 3091 Nota]
1516 3038 1690 3078 Macula
1707 3036 1886 3089 repudii.

1361 3101 1504 3152 Ludos]
1535 3100 1748 3140 Ludorum
1770 3098 2032 3150 spectacula.

1357 3166 1487 3205 Ludos
1516 3176 1650 3204 ausam
1684 3161 1877 3213 spectare]
1908 3160 2040 3213 Atqui
2058 3158 2181 3200 ludos

1306 3231 1500 3270 scenicos
1526 3233 1571 3268 et
1602 3226 1861 3279 gladiatores
1878 3224 1976 3263 olim
1998 3222 2183 3262 foeminis

1307 3298 1502 3345 spectare
1534 3289 1718 3329 licitum.
1774 3286 1959 3326 Licitum
1990 3297 2067 3336 per
2095 3297 2181 3325 ma-

1308 3357 1549 3407 gistratum,
1598 3364 1682 3391 non
1713 3363 1791 3402 per
1822 3349 2012 3389 maritos.
2066 3349 2183 3400 Lege

1306 3417 1641 3459 eruditissimum
1662 3413 1959 3456 casaubonum
1991 3411 2044 3451 ad
2078 3410 2184 3451 Sue-

1309 3491 1399 3524 ton.
1431 3479 1560 3520 Celer.

1362 3546 1479 3585 Ex·r.
1511 3545 1533 3598 ς
1561 3545 1583 3583 1
1614 3537 1860 3589 Archilochi]
1902 3535 2054 3578 Refert
2082 3534 2184 3576 Plu·
