2332 4036
381 291 490 345 932

379 425 604 478 pecuniam
624 437 791 466 omnem
811 425 1092 477 conquisitam
1111 426 1154 466 in
1170 427 1257 467 the-

381 500 526 528 sauros
545 489 819 539 Proserpinae
846 487 1154 540 referrijussit,
1176 502 1257 530 nec

380 557 526 592 tamen
562 551 622 590 illi
651 564 832 603 unquam
878 555 1028 603 postea
1063 554 1261 604 prosperi

382 615 606 668 quicquam
645 615 803 663 evenit,
847 614 1076 666 pulsusque
1115 615 1258 666 Italia,

379 680 566 730 turpiter
581 679 685 719 satis
699 678 874 729 ignobili
891 683 1022 731 atque
1037 679 1261 720 inhonesta

378 749 532 793 morte,
553 747 714 782 temere
737 747 864 781 nocte
878 741 1089 793 ingressus
1102 742 1258 795 Argos,

380 805 595 845 occubuit.
651 805 835 843 Senatus
875 804 1021 855 igitur,
1051 811 1258 858 quantum

379 869 430 909 ad
453 869 708 909 Pleminium
744 869 947 920 pertinet,
978 870 1113 909 Deam
1145 870 1259 909 ultus

380 938 462 984 est,
482 934 592 985 quod
623 945 725 976 vero
755 931 809 970 ad
842 933 1052 983 Pyrrhum
1076 937 1261 984 spectat,

377 999 477 1038 Dea
495 1009 540 1037 se
558 997 654 1048 ipsa
669 996 908 1036 vindicavit.
938 996 1086 1036 Oliver.

393 1086 402 1091 -
436 1062 549 1107 Quod
589 1062 741 1112 quidem
777 1061 828 1099 ad
863 1060 1047 1099 Flaminii
1077 1059 1259 1111 facinus]

377 1124 450 1165 Ita
484 1130 551 1164 est
588 1125 629 1163 in
663 1125 764 1163 Vet.
799 1122 904 1162 Cod.
958 1121 1047 1161 Alii
1079 1123 1258 1170 legunt:

381 1190 480 1235 Quae
499 1191 597 1240 quod
615 1189 664 1227 ud
688 1186 1055 1235 Pleminiifacinus.
1107 1187 1259 1225 Exter-

377 1263 432 1290 na
450 1252 528 1291 hoc
548 1251 815 1303 paragrapho
833 1250 1029 1300 exempla
1049 1250 1262 1301 incipiunt

378 1314 506 1354 cultae
535 1315 603 1352 vel
631 1315 844 1364 neglectae
879 1313 1115 1363 religionis,
1148 1314 1259 1353 utin

379 1377 607 1417 Pulmanni
642 1377 791 1416 codice
826 1380 1075 1414 annotatum
1095 1387 1259 1427 quoque

375 1440 546 1480 invenio
563 1454 574 1479 ι
605 1440 736 1491 igitur
753 1451 805 1478 eo
825 1439 919 1478 loco
939 1438 1259 1478 interserendus

378 1510 444 1544 est
464 1504 628 1544 titulus.
660 1503 845 1552 Pighius.

430 1568 582 1619 Pyrrhi
599 1566 749 1618 sordes]
772 1564 1005 1604 Avaritiam
1022 1577 1032 1604 ι
1070 1564 1131 1605 sic
1146 1564 1260 1605 enim

379 1631 564 1682 majores
581 1630 803 1670 avaritiam
822 1630 953 1668 sordes
971 1629 1261 1679 appellarunt,

379 1694 480 1746 quia
512 1695 612 1733 nihil
646 1693 858 1733 hominem
888 1691 1019 1732 faciat
1052 1691 1260 1731 sordidio-

377 1769 483 1807 rem,
500 1769 626 1808 quam
646 1755 842 1795 avaritia.

433 1822 455 1872 §
475 1825 499 1859 2
519 1818 753 1870 Masinissa]
775 1819 899 1860 Galae
917 1818 1263 1858 Massaesulorum

381 1884 514 1934 Regis
534 1882 663 1933 filius,
680 1895 776 1922 cum
794 1882 985 1932 Micipsa
1001 1887 1041 1920 et
1055 1881 1263 1920 Romanis

378 1947 619 1998 Syphacem
640 1958 773 1998 regno
792 1945 976 1996 expulit,
1005 1944 1262 1984 constantis-

382 2012 502 2051 simae
520 2011 562 2049 in
582 2012 794 2050 Romanos
814 2009 943 2059 fidei;
980 2021 1076 2049 nam
1110 2014 1155 2048 et
1175 2021 1261 2048 mo-

379 2075 492 2112 riens
514 2074 567 2113 P.
598 2073 840 2125 Scipionem
876 2072 1160 2122 AEmilianum,
1189 2071 1262 2111 ob-

379 2136 591 2176 sidentem
612 2136 914 2187 Carthaginem
935 2147 959 2174 e
980 2134 1134 2174 castris
1163 2145 1263 2173 evo-

383 2202 516 2251 cavit,
537 2206 582 2240 et
601 2200 720 2251 regni
738 2200 849 2238 inter
869 2198 1026 2237 liberos
1045 2197 1265 2238 dividendi

377 2264 471 2316 ipse
486 2269 745 2315 potestatem
762 2262 886 2302 fecit.

432 2328 651 2367 Masinissa
664 2326 756 2377 rex]
786 2326 859 2366 Sic
879 2325 922 2364 in
942 2325 1052 2363 Mss.
1072 2327 1118 2363 et
1134 2323 1175 2362 in
1197 2321 1265 2362 Ci-

382 2403 550 2431 cerone.
606 2390 695 2430 Alii
714 2390 906 2428 habent:
947 2386 1164 2426 Masinissa
1192 2398 1266 2425 rex

383 2453 660 2492 Numidarum.
717 2453 1001 2501 Quapropter
1036 2461 1061 2488 e
1090 2447 1264 2488 scholiis

378 2516 601 2566 irrepsisse
619 2515 660 2552 in
681 2518 932 2554 contextum
950 2511 1114 2551 Valerii
1132 2511 1267 2562 suspi-

383 2590 470 2619 cor.
488 2577 678 2628 Pighius.

433 2642 636 2693 Melitam]
666 2639 818 2680 Insula
845 2643 912 2678 est
936 2637 978 2676 in
997 2636 1141 2676 Siculo
1159 2635 1266 2676 mari

384 2704 542 2756 posita,
559 2703 673 2743 haud
692 2703 819 2754 longe
846 2714 871 2740 a
890 2700 1036 2740 Sicilia
1056 2699 1266 2750 periculo-

384 2778 431 2806 so
451 2765 664 2818 disjuncta
681 2766 803 2814 mari,
818 2768 869 2803 ut
889 2767 1071 2802 testatur
1097 2760 1267 2802 Plinius

386 2828 490 2868 Nat.
518 2828 636 2868 Hist.
668 2828 739 2868 lib.
761 2838 833 2867 ιιι.
855 2832 900 2866 et
921 2826 1073 2866 Cicero
1092 2824 1264 2865 Verrin.

383 2892 438 2932 In
456 2892 534 2932 hac
562 2896 706 2931 autem
736 2888 820 2929 suit
839 2889 1044 2942 oppidum
1070 2888 1264 2940 ejusdem

384 2954 582 3004 nominis,
614 2966 639 2993 a
659 2965 742 3006 quo
760 2964 843 2992 non
863 2953 986 3003 longe
1005 2951 1049 2990 in
1070 2962 1264 3002 promon-

386 3018 498 3056 torio
517 3018 681 3056 Fanum
707 3017 888 3058 ,Iunonis
919 3014 1003 3054 fuit
1028 3014 1263 3066 antiquum,

385 3093 546 3120 summa
578 3093 675 3120 cum
707 3078 956 3119 reverentia
982 3078 1263 3126 celebratum,

386 3141 441 3183 de
460 3155 545 3196 qno
565 3142 723 3184 sublati
752 3141 872 3181 fuere
904 3140 1056 3180 dentes
1085 3139 1264 3179 eburnei

387 3220 519 3260 supra
553 3207 671 3247 dicti.
700 3205 883 3246 Ovidius
919 3204 1036 3243 Fast.
1068 3214 1137 3243 111.
1170 3206 1264 3242 568.

386 3271 598 3311 ‘Fertilis
627 3274 694 3310 est
732 3269 898 3308 Melitae
931 3266 1088 3306 sterilis
1123 3266 1265 3305 vicina

391 3333 527 3374 Cofini
554 3333 716 3380 Insula,
743 3343 868 3384 quam
890 3329 1040 3382 Libyci
1064 3329 1264 3368 verberat

391 3397 507 3436 unda
524 3395 658 3435 freti!
691 3394 843 3433 Oliver‘

447 3456 744 3508 Quinqueremi]
777 3455 976 3496 Habente
994 3453 1178 3508 quinque
1199 3466 1265 3494 re-

393 3533 555 3561 morum
573 3519 759 3561 ordines.

964 310 1141 350 No'rAE
1184 311 1516 353 vARtoRUM
1562 316 1623 359 RN

1377 429 1541 470 Factum
1559 431 1782 472 Masinissa-
1810 435 1898 484 plus
1923 434 2067 487 animo,
2084 449 2198 488 quam

1322 492 1472 532 Punico
1496 495 1678 544 sanguim·
1703 497 1948 548 conveniens]
1973 498 2042 540 Ita
2066 501 2196 541 etiam

1321 554 1504 596 habetur
1514 557 1557 595 in
1568 558 1789 609 Campensi
1803 562 2050 613 exemplari.
2065 563 2117 603 In
2129 565 2201 604 ali-

1321 617 1358 657 is
1374 625 1439 658 est
1455 633 1464 658 :
1490 620 1655 660 Factum
1671 623 1893 664 Masinissoe
1911 626 2054 675 animo,
2069 628 2200 676 magis

1321 694 1438 732 quam
1456 683 1608 722 Punico
1628 685 1814 734 sanguini
1829 688 2067 728 conveniens.
2087 689 2199 730 Rec-

1322 748 1366 783 te
1386 750 1537 785 trunca
1554 747 1780 797 suppletur
1794 748 1947 789 oratio.
1967 749 2153 799 Pighius.
2175 758 2177 761 “

1376 808 1510 848 Mores
1526 809 1683 848 natione
1709 810 1844 862 pendi]
1872 810 1993 852 Sicut
2022 811 2077 852 de
2093 813 2201 853 The-

1322 869 1521 911 mistocle
1541 871 1717 924 legitur,
1749 885 1874 924 quem
1901 875 2097 926 Seriphio
2114 877 2203 916 cui·

1323 933 1419 972 dam
1451 935 1722 985 respondisse
1758 933 1930 975 ferunt:
1963 936 2058 976 Nec
2088 942 2133 977 tu
2163 939 2202 978 si

1322 1000 1597 1040 Atheniensis
1618 1012 1748 1052 esses,
1764 1001 1904 1041 clarus
1924 1013 2108 1054 unquam
2126 1015 2201 1043 ex-

1323 1063 1499 1114 titisses,
1526 1075 1607 1103 nec
1628 1075 1715 1115 ego
1744 1063 1780 1103 si
1809 1063 2028 1114 Seriphius
2059 1076 2198 1104 essem

1321 1126 1537 1177 ignobilis,
1569 1139 1663 1166 cum
1694 1126 1768 1167 ille
1805 1127 1988 1178 patriam
2033 1127 2202 1167 diceret

1322 1189 1603 1230 Themistocli
1638 1189 1806 1230 dedisse
1826 1188 2113 1230 nobilitatem.
2143 1190 2200 1229 0-

1321 1253 1433 1292 livor.

1374 1317 1440 1366 §3
1469 1315 1690 1367 Syracusis,
1721 1316 1808 1368 ξω]
1838 1317 1974 1367 Bene,
2009 1316 2202 1368 inquam,

1322 1378 1448 1428 dixit,
1488 1389 1572 1418 non
1612 1385 1814 1429 oportere
1850 1390 1990 1418 mores
2026 1378 2203 1419 natione

1322 1441 1547 1492 perpendi,
1587 1453 1683 1480 cum
1720 1441 1952 1480 Masinissa
1983 1441 2026 1480 in
2063 1440 2204 1481 media

1322 1504 1519 1545 barbarie
1539 1510 1681 1553 natus,
1712 1505 1984 1556 sacrilegium
2005 1504 2205 1552 emenda-

1324 1569 1466 1618 verit;
1522 1567 1756 1619 Dionysius
1817 1579 1920 1607 vero
1977 1567 2203 1618 Syracusis

1322 1631 1508 1684 genitus,
1528 1644 1652 1684 quam
1673 1635 1843 1671 eonstat
1861 1628 2007 1670 urbem
2029 1630 2204 1671 Graeca-

1322 1706 1416 1734 rum
1468 1693 1617 1734 fuisse·
1661 1694 2075 1745 praestantissimam,
2130 1693 2204 1734 ubi

1323 1756 1468 1795 studia
1494 1755 1771 1796 humanitatis
1786 1761 2205 1804 exercerentur-‚non

1323 1825 1465 1859 tamen
1498 1820 1551 1859 ab
1583 1820 1755 1871 ingenio
1786 1830 1862 1858 suo
1883 1818 2203 1868 discederepo-

1323 1884 1423 1933 tuit,
1448 1883 1550 1936 quin
1569 1883 1794 1934 sacrilegia
1811 1882 1947 1921 multa
1965 1880 2206 1921 committe-

1324 1950 1472 1986 rentur
1507 1945 1746 1996 Syracusis,
1785 1956 1836 1984 ac
1873 1944 1909 1982 si
1946 1943 2128 1994 diceret,
2161 1942 2207 1983 in

1323 2021 1405 2061 qua
1451 2008 1555 2048 urbe
1592 2020 1732 2047 mores
1764 2013 1809 2048 et
1846 2006 2205 2056 Philosophorum

1324 2075 1548 2122 praecepta
1581 2070 1799 2121 vigebant.
1855 2070 2077 2120 Syracusae
2116 2081 2205 2110 om·

1323 2133 1437 2172 nium
1485 2133 1740 2174 Graecarum
1795 2131 1966 2172 urbium
2022 2131 2205 2173 maxima

1325 2201 1454 2248 atque
1475 2195 1762 2246 pulcherrima
1780 2193 1878 2234 fuit.
1916 2193 2069 2235 ozia-er.

1377 2258 1614 2310 Dionysius]
1642 2257 1821 2297 Scilicet
1839 2255 2048 2307 superior.

1377 2321 1644 2372 Proserpinae]
1663 2320 1780 2360 Nihil
1794 2319 1937 2360 notius
1953 2323 2082 2370 raptu
2099 2318 2204 2358 Pro-

1326 2384 1529 2435 serpinae,
1548 2384 1591 2422 in
1609 2383 1731 2435 cujus
1763 2383 1967 2422 honorem
1996 2382 2205 2433 templum

1326 2450 1531 2485 erectum.
1589 2445 1789 2496 Orpheus
1819 2450 1963 2485 tamen
1981 2449 2026 2484 et
2045 2443 2206 2484 Pausa-

1324 2508 1415 2547 nias
1434 2508 1478 2547 in
1509 2507 1660 2547 Attica
1690 2520 1780 2547 rem
1813 2511 1980 2559 gestam
2016 2506 2206 2552 tradunt,

1326 2582 1411 2622 qua
1445 2570 1649 2621 Cephisus
1678 2570 1812 2610 amnis
1849 2570 2066 2611 Elusinem
2098 2582 2207 2621 prae-

1325 2633 1444 2672 terit.
1501 2633 1600 2672 Deo
1620 2629 1790 2684 quoque
1807 2633 2050 2683 appellatur
2066 2631 2208 2682 Hesy-

1326 2696 1435 2749 chio.
1489 2695 1615 2735 Unde
1639 2695 1769 2734 Deois
1800 2695 2063 2745 Proserpina
2091 2692 2206 2746 apud

1327 2751 1577 2798 Ausonium.
1631 2758 1765 2797 Simul
1803 2757 1877 2796 illa
1914 2770 2009 2803 cum
2047 2758 2204 2797 Cerere

1327 2821 1368 2860 in
1389 2821 1612 2861 Eleusiniis
1633 2821 1764 2860 sacris
1784 2819 2023 2861 colebatur.
2077 2821 2208 2863 Thes-

1327 2887 1548 2938 mophoria
1600 2887 1642 2926 in
1688 2887 1887 2926 honorem
1934 2886 2206 2935 Proserpinae

1326 2957 1476 3001 raptus
1524 2950 1708 2989 maximo
1754 2961 1850 2990 cum
1895 2949 2012 2988 luctu
2060 2959 2205 2988 mense

1326 3013 1598 3064 Pyanepside
1624 3013 1907 3061 habebantur,
1931 3023 2056 3063 quem
2075 3009 2210 3063 σπόρι-

1324 3089 1397 3124 μον
1439 3075 1539 3115 ideo
1585 3087 1773 3114 mensem
1819 3074 2058 3126 appellavit
2101 3074 2203 3114 Plu-

1327 3138 1513 3178 tarchus.

1377 3200 1532 3251 Locris]
1561 3200 1671 3240 Vide
1699 3210 1829 3249 supra
1846 3197 1897 3237 ad
1920 3197 2119 3248 Exempl.
2137 3200 2204 3237 20.

1377 3263 1471 3303 Jovz·
1499 3261 1701 3314 Olympio]
1727 3261 1957 3312 Templum
1985 3259 2068 3300 fuit
2083 3260 2205 3301 Jovis

1328 3327 1518 3378 Olympii
1565 3326 1606 3364 in
1657 3324 1761 3364 urbe
1808 3323 2054 3364 Acarnania
2095 3321 2204 3361 haud

1328 3389 1476 3439 procul
1494 3400 1519 3426 a
1537 3386 1777 3438 Syracusis,
1804 3385 1914 3425 sicut
1931 3385 2024 3424 vult
2051 3383 2206 3423 Cicero

1327 3453 1370 3492 in
1392 3451 1612 3492 Verrinis:
1635 3451 1646 3472 ‘
1665 3449 1792 3501 Alia,’
1809 3448 1966 3501 inquit,
1983 3449 1996 3471 ‘
2010 3447 2110 3488 urbs
2125 3454 2207 3498 est,

1326 3515 1437 3559 haud
1471 3514 1620 3566 procul
1650 3524 1676 3552 a
1705 3512 1941 3564 Syracusis,
1961 3511 2029 3552 cui
2049 3522 2202 3552 nomen
