2346 3996
596 326 858 367 VALERII
902 324 1146 364 MAXIMI

251 453 350 488 tuor
377 446 420 487 in
456 444 556 486 ae‘re
591 445 733 497 spatia
764 442 1055 496 designabat:
1086 443 1128 483 in

250 513 432 562 oriente,
459 509 573 563 quod
605 510 786 550 anticam
802 507 1067 561 appellabat,
1087 507 1132 547 in

250 575 480 617 occidente
498 574 724 626 posticam,
742 574 784 613 in
819 572 999 614 meridie
1029 573 1133 613 dex-

251 645 380 688 tram,
403 639 446 678 iu
466 637 761 690 septentrione
783 649 884 677 vero
905 637 1135 677 sinistram.

251 703 312 743 Et
330 713 425 742 cum
441 701 534 741 haec
554 701 835 753 designasset,
862 700 1135 754 concipiebat

250 765 409 816 animo,
422 777 518 818 quae
531 766 651 817 signa
663 765 776 805 mitti
790 766 937 816 vellet,
956 765 1025 805 vel
1045 766 1135 805 vul-

253 834 386 880 tures,
405 830 475 869 vel
490 830 671 882 aquilas,
692 830 758 869 vel
770 829 985 870 columbas
1003 842 1015 870 ι
1035 829 1135 869 inde

255 893 517 946 expectabat
539 894 730 947 nunquid
751 900 995 948 appareret,
1022 894 1136 948 quod

255 957 290 996 si
328 956 615 1008 apparuisset,
655 957 929 998 existimabat
962 959 1138 1010 placere

257 1019 374 1071 Diis,
387 1020 424 1060 si
443 1019 596 1070 miuus,
608 1031 692 1059 non
715 1021 901 1071 placere.
933 1020 1084 1063 Oliver.

316 1083 518 1135 Quidquid
533 1082 609 1122 sibi
627 1084 719 1123 dare
728 1084 866 1132 facere
880 1087 1074 1135 oporteret
1091 1096 1142 1124 ex

259 1146 473 1200 bonafide]
490 1146 705 1188 Videlicet
720 1159 774 1187 ex
793 1146 881 1187 fide
901 1148 1011 1188 bona
1023 1147 1141 1200 judi-

260 1216 398 1263 caret,
413 1211 612 1264 quicquid
625 1217 847 1264 oporteret
861 1212 1000 1264 ipsum
1016 1213 1142 1253 Clau-

260 1274 376 1316 dium
399 1275 546 1317 facere
579 1282 706 1330 atque
728 1282 934 1329 praestare
949 1277 1030 1329 ipsi
1051 1277 1145 1318 Cal-

259 1340 427 1392 purnio.
483 1339 566 1379 His
596 1339 738 1380 verbis
757 1340 990 1381 utebantur
1009 1341 1146 1382 Juris·

262 1402 462 1443 consulti.
475 1403 589 1443 Bona
599 1409 740 1444 autem
743 1403 851 1456 fides
862 1404 1038 1455 dicitur,
1049 1417 1146 1445 cum

261 1465 615 1521 id,quodldictum
626 1479 676 1507 ac
690 1467 940 1519 promissum
954 1468 1145 1520 est,bene

266 1542 316 1570 ac
335 1535 454 1570 recte
471 1529 537 1571 fit.
595 1530 739 1583 Atque
765 1531 880 1572 inter
897 1538 1146 1572 contractus

265 1594 390 1635 bonae
419 1593 520 1635 fidei
539 1594 668 1634 etiam
689 1595 861 1647 Emptio
880 1601 926 1635 et
942 1595 1147 1635 Venditio

267 1659 407 1698 locum
426 1658 571 1710 habet,
586 1657 711 1699 sicuti
740 1670 793 1698 ex
813 1658 841 1700 J
847 1659 1147 1699 urisconsulto·

269 1732 362 1761 rum
385 1721 504 1762 libris
523 1726 717 1773 apparet.

324 1787 348 1839 ἢ
375 1789 401 1826 2
443 1786 611 1837 Notum,
650 1785 736 1837 θα]
785 1787 957 1838 Contig.
999 1786 1053 1827 A.
1092 1788 1146 1828 U.

271 1860 474 1891 nctxxv.
502 1850 688 1891 circiter.

325 1916 510 1968 Expensa
520 1914 650 1967 ferri]
672 1914 829 1957 Afferri
848 1920 894 1956 et
908 1917 1151 1968 computari

272 1982 477 2033 tanquam
510 1991 700 2032 expensa
733 1992 757 2019 a
789 1992 850 2030 se,
878 1979 959 2020 hoc
993 1986 1078 2032 est,
1108 1993 1153 2020 se

271 2050 420 2086 mutuo
438 2045 659 2098 accepisse
679 2045 733 2085 ab
750 2046 939 2087 Otacilia
952 2047 1155 2087 Lateren-

275 2109 326 2150 si.
356 2106 525 2150 Badius.

291 2179 294 2182 “
328 2173 569 2213 mser-ictam
589 2171 900 2224 foeneratricem]
927 2172 1156 2225 Apertam,

275 2247 361 2276 non
406 2235 718 2276 dissimulatam
739 2250 752 2287 3
797 2236 882 2285 vel,
924 2247 1069 2276 acrem
1112 2240 1159 2276 et

278 2299 498 2340 immitem.

334 2363 454 2404 Inani
495 2364 766 2416 stipulatione]
817 2364 940 2403 Vana
984 2363 1160 2416 promis-

277 2427 411 2468 sione.
466 2427 622 2480 Neque
656 2428 768 2467 enim
807 2433 1041 2468 consecuta
1078 2434 1163 2479 est,

282 2492 398 2545 qnod
426 2492 622 2545 optabat.
680 2492 791 2532 Nam
811 2492 992 2544 stipulari
1013 2497 1080 2532 est
1100 2492 1161 2531 in-

281 2560 518 2607 terrogare.
575 2555 793 2606 stipulatio
841 2561 1001 2604 autem,
1049 2561 1163 2596 teste

280 2619 536 2670 Pomponio,
569 2625 638 2659 est
666 2619 889 2659 verborum
920 2620 1166 2672 conceptio,

280 2681 435 2735 quibus
461 2683 511 2735 is,
539 2683 610 2735 qui
629 2683 936 2734 interrogatur,
964 2682 1166 2723 daturum

281 2745 552 2787 facturumve
572 2745 615 2786 id
634 2746 750 2799 quod
771 2747 1082 2798 interrogatum
1099 2751 1167 2787 est

282 2810 506 2862 respondit
524 2825 535 2851 z
556 2811 820 2863 etUlpianus
836 2810 1074 2863 Aquilianae
1091 2809 1168 2851 sti·

284 2873 516 2925 pulationis
549 2875 756 2914 meminit.
817 2875 931 2915 Nam
967 2873 1166 2927 Aquilius

282 2936 421 2978 JCtus
450 2936 735 2988 peritissimus
770 2935 869 2988 fuit,
897 2938 969 2990 qui
1008 2938 1169 2989 primus

286 2999 341 3039 de
369 2999 468 3041 dolo
498 3001 608 3040 malo
635 3001 775 3052 legem
795 3001 916 3051 tulit,
940 3007 989 3042 ut
1013 3002 1168 3042 Cicero

287 3061 426 3103 refert
458 3061 714 3103 Officiorum
746 3063 871 3104 libro.
928 3064 1015 3104 Hic
1037 3064 1169 3115 igitur

285 3125 542 3166 sententiam
561 3131 709 3166 contra
725 3126 835 3167 hanc
851 3126 1082 3167 Otaciliam
1103 3132 1170 3166 tu-

286 3189 351 3230 lit.
383 3188 490 3236 Oliv-

343 3254 366 3305 ᾗ
402 3255 427 3292 3
482 3252 628 3303 Multo,
673 3251 758 3303 ξω]
816 3252 986 3303 Contig.
1031 3251 1084 3291 A.
1114 3253 1169 3293 U.

290 3325 449 3355 nemu.
527 3336 529 3338 ·

344 3380 507 3420 Summa
533 3380 656 3420 totius
682 3379 804 3431 dotis]
833 3381 894 3421 Ut
929 3385 1063 3420 totam
1093 3381 1167 3436 ‘¹⁰ss

293 3448 381 3482 tem
401 3444 665 3485 restitueret.

347 3507 371 3559 ᾧ
388 3510 413 3547 4
435 3507 552 3547 Furta·
563 3507 786 3559 damnatus]
805 3509 1022 3548 Caeterum
1043 3508 1173 3559 prisci

297 3580 464 3622 quoque
486 3571 621 3611 nostri
640 3571 742 3612 Jcti
761 3572 841 3612 hoc
875 3570 986 3612 i‘dem
1023 3571 1076 3612 de
1108 3573 1173 3611 his

1192 327 1310 365 Lm.
1351 328 1482 367 v111.
1523 328 1658 368 cAP.
1684 314 1740 366 3.
1938 316 2080 371 1285

1194 446 1403 498 sentiunt,
1432 448 1504 500 qui
1536 449 1647 490 ultra
1668 460 1792 502 quam
1823 447 1984 490 dictum
2018 454 2084 491 est

1194 509 1312 561 equis
1330 511 1611 552 commodatis
1640 514 1866 553 vehuntur.
1901 512 2009 552 oliv.

1248 572 1447 624 Ariciam]
1476 575 1588 616 Urbs
1609 575 1796 616 distabat
1811 575 1864 616 ab
1880 575 1988 616 urbe
2009 576 2087 617 de-

1196 646 1288 675 cem
1305 636 1492 677 millibus
1510 651 1727 689 passuum:
1763 639 1882 680 dicta
1908 640 1962 681 ab
1993 640 2088 681 Ari·

1197 699 1264 740 cia
1284 700 1446 751 puella.
1490 702 1615 743 Idem.

1252 763 1364 806 CAP.
1388 776 1459 806 ιιι.
1502 767 1752 808 Verecundioe
1778 769 1900 821 stola]
1931 768 2087 821 Neque

1198 827 1241 867 in
1262 827 1468 867 Senatum
1489 829 1634 869 venire
1655 828 1868 882 foeminas,
1893 829 1960 870 fas
1979 835 2088 872 erat.

1198 890 1356 946 Itaque
1376 898 1475 942 post
1494 891 1790 933 Semiamiram
1813 894 2093 946 Heliogabali

1199 961 1399 1006 matrem,
1427 967 1580 996 severe
1614 963 1787 998 cautum
1817 963 1901 1009 est,
1932 970 1985 997 ne
2013 970 2092 999 un·

1202 1029 1330 1071 quam
1352 1017 1504 1058 mulier
1533 1018 1576 1057 in
1603 1019 1809 1060 Senatum
1842 1020 2094 1073 ingredere-

1204 1087 1291 1135 tur,
1322 1088 1455 1136 utque
1475 1082 1627 1123 inferis
1649 1084 1742 1135 ejus
1764 1090 1899 1136 caput
1930 1085 2096 1125 dicare-

1203 1151 1276 1188 tur
1319 1147 1714 1200 devovereturque,
1761 1159 1839 1200 per
1882 1160 2011 1200 quem
2050 1146 2096 1186 id

1204 1210 1518 1252 essetfactum:
1540 1216 1692 1252 auctor
1710 1210 1997 1264 Lampridius.
2021 1211 2098 1250 Co-

1210 1277 1327 1316 lerus.

1263 1339 1313 1379 In
1335 1338 1429 1388 foro
1449 1343 1486 1378 et
1505 1337 1693 1390 judiciis]
1722 1339 1844 1380 Sicut
1863 1338 2048 1380 Laronia
2067 1352 2093 1378 a

1207 1402 1419 1444 ‚Iuvenale
1456 1402 1705 1443 introducta
1731 1403 1825 1443 Sat.
1854 1415 1908 1444 11.
1941 1405 1953 1425 ‘
1975 1403 2099 1443 Nun-

1210 1466 1315 1520 quid
1337 1479 1413 1507 nos
1433 1467 1596 1519 agimus
1623 1478 1774 1507 causas
1796 1467 1811 1506 ?
1838 1466 2097 1518 civiliajura

1210 1529 1418 1571 Novimus
1437 1530 1451 1569 ?
1471 1535 1545 1570 aut
1563 1530 1652 1570 ullo
1676 1529 1858 1583 strepitu
1879 1528 1973 1569 fora
2006 1542 2100 1570 ves·

1210 1599 1279 1634 tra
1295 1605 1513 1634 movemus
1529 1593 1558 1633 ?’
1590 1594 1738 1633 Oliver.

1265 1660 1286 1709 ᾧ
1317 1661 1343 1697 2
1388 1657 1577 1708 Afrania,
1621 1657 1709 1709 Bra]
1753 1657 1921 1708 Contig.
1959 1656 2012 1697 A.
2044 1658 2102 1698 U.

1212 1732 1341 1761 Dccv.
1402 1721 1502 1761 Gaia
1520 1719 1692 1770 Afrania
1708 1721 1852 1762 Licinii
1869 1720 2103 1761 Bructionis

1211 1785 1330 1837 uxor]
1360 1785 1429 1825 Ita
1449 1786 1590 1838 vulgo.
1648 1786 1801 1826 Colon.
1821 1791 1866 1824 et
1885 1784 2102 1825 Winchel.

1212 1849 1421 1890 muliebre
1444 1862 1689 1901 praenomen
1724 1849 1977 1890 omittentes
2010 1860 2105 1888 cor-

1215 1914 1377 1955 rectius
1402 1914 1493 1954 haec
1516 1913 1731 1966 produnt;
1759 1912 1936 1962 Afrania
1956 1912 2107 1953 Licinii

1217 1979 1428 2019 Buccionis
1445 1979 1637 2019 senatoris
1654 1991 1768 2019 uxor.
1799 1977 1945 2030 Atque
1955 1977 2106 2018 eodem

1217 2043 1344 2083 modo
1378 2042 1649 2083 Cauchianus
1671 2042 1828 2095 aliique
1847 2041 1941 2082 fere
1961 2052 2107 2082 omnes

1217 2107 1514 2160 manuscripti.
1570 2106 1789 2147 Buce-iones
1822 2119 1847 2146 a
1867 2106 2003 2146 bucca
2020 2106 2108 2146 die-

1220 2171 1269 2223 ti,
1293 2170 1648 2224 quemadmodum
1685 2171 1906 2212 Labeones
1926 2184 1951 2211 a
1968 2170 2109 2212 labiis.

1222 2234 1348 2285 Pigh.

1275 2299 1342 2338 Aa
1371 2299 1418 2337 C.
1438 2299 1635 2339 Caesarem
1661 2299 1824 2339 tertium
1848 2298 2015 2350 itemque
2046 2298 2109 2338 M.

1222 2361 1433 2402 Seu-vilium
1448 2363 1670 2415 Consulem]
1684 2363 1754 2403 Ita
1770 2364 1909 2414 vulgo.
1928 2362 2109 2403 Mende-

1225 2438 1270 2466 se
1292 2426 1481 2467 citantur
1499 2427 1541 2466 hi
1562 2427 1775 2479 consules,
1805 2427 1916 2467 sicut
1944 2439 1999 2467 ex
2018 2427 2107 2470 Αυ-ι

1224 2493 1325 2532 nali.
1358 2492 1513 2533 nostris
1543 2492 1777 2532 constabit.
1833 2492 1932 2532 Hoc
1966 2497 2110 2532 autem

1224 2557 1319 2596 loco
1338 2562 1435 2596 sunt
1455 2556 1516 2598 ita
1532 2554 1814 2595 restituendi:
1844 2554 1912 2595 Ad
1946 2555 1994 2595 C.
2024 2555 2113 2594 Cae-

1224 2633 1352 2660 sarem
1383 2615 1544 2671 iterum,
1570 2623 1687 2672 atque
1717 2620 1766 2660 P.
1794 2618 2005 2659 Smilium
2022 2631 2112 2658 ema-

1225 2686 1341 2725 cules.
1397 2684 1524 2726 Quod
1563 2684 1694 2724 etiam
1721 2695 1776 2724 ex
1812 2682 2113 2735 manuscriptis

1227 2748 1319 2789 fere
1342 2748 1545 2800 colligere
1564 2752 1644 2792 est.
1683 2747 1809 2798 Pigh.
1830 2794 1833 2797 Α
1864 2746 1932 2787 Ad
1954 2747 2001 2785 C.
2025 2746 2112 2785 (ἔα-

1227 2810 1373 2863 sarem]
1413 2812 1554 2852 Locus
1584 2808 1837 2850 manifestus
1872 2808 2032 2860 mendi,
2067 2815 2115 2849 et

1229 2875 1408 2916 omissus
1437 2885 1641 2914 numerus
1670 2873 1915 2916 consulatus
1936 2872 2113 2912 alterius

1229 2938 1285 2980 P.
1315 2938 1498 2979 Servilii.
1553 2937 1709 2991 Itaque
1750 2936 1979 2977 lectionem
2017 2936 2115 2976 libri

1231 3002 1430 3043 Danielis
1450 3002 1612 3054 absque
1627 3013 1748 3041 mora
1761 3001 2025 3052 amplector:
2047 3000 2115 3039 Ad

1235 3066 1283 3106 C.
1303 3066 1495 3106 Caesarem
1510 3077 1581 3106 111.
1599 3065 1744 3105 iterum
1762 3065 1813 3104 ad
1833 3065 1885 3104 P.
1901 3064 2114 3104 Servitium

1235 3130 1346 3170 Coss.
1413 3121 1540 3170 Licet
1574 3130 1687 3168 enim
1726 3130 1870 3168 Caesar
1890 3127 2113 3167 continuos

1233 3193 1476 3233 consulatus
1507 3193 1704 3244 gesserit,
1734 3196 1781 3230 nt
1810 3190 1960 3230 scribit
1981 3190 2116 3229 Tran-

1232 3255 1404 3308 quillus,
1422 3260 1565 3294 tamen
1581 3261 1625 3293 et
1643 3254 1737 3305 ejus
1757 3253 1999 3292 consulatus
2015 3252 2119 3291 titu-

1233 3317 1286 3356 lis
1300 3316 1686 3370 distinguebantur.
1707 3313 1957 3353 Suetonius:
1979 3314 1990 3335 ‘
2005 3313 2115 3352 Ter-

1234 3382 1342 3420 tium
1374 3386 1420 3421 et
1452 3386 1650 3433 quartum
1684 3376 1951 3416 consulatum
1986 3375 2113 3416 titulo

1235 3452 1361 3485 tenus
1397 3442 1559 3497 gessit!
1608 3442 1733 3480 Color.
1811 3440 1857 3477 C.
1900 3438 2112 3490 Coesarem]

1234 3509 1261 3549 J
1268 3508 1395 3548 ulium
1419 3507 1631 3546 Caesarem
1650 3503 1802 3541 iterum
1824 3504 1869 3539 et
1885 3500 2112 3541 Servilium

1237 3572 1356 3612 Coss.
1410 3570 1481 3609 Ita
1512 3566 1612 3607 libri
1645 3563 1834 3605 nonnulli
1865 3563 2040 3614 habent,
2069 3569 2115 3603 et
