2346 3996
635 340 901 382 VALERII
946 339 1188 380 MAXIMI

290 463 471 518 liqueat,
489 459 536 502 in
555 458 670 501 aliud
691 466 860 513 tempus
879 458 1104 500 differtur:
1125 465 1170 500 et

290 527 334 566 in
354 525 524 576 tabulis,
553 523 588 564 si
609 523 820 576 scriptum
840 529 936 563 erat
960 524 1016 574 A,
1049 522 1171 562 abso-

288 589 494 630 lutionem
513 586 673 627 factam
692 597 790 627 esse
819 585 1167 640 significabatur;

286 654 443 694 sivero
462 653 521 703 D,
555 650 804 691 damnatum
836 662 954 690 reum
984 661 1079 690 esse
1109 649 1192 690 in·.

286 710 572 769 telligebant3
590 713 666 754 sed
683 713 718 753 si
736 712 1032 765 differebatur,
1048 713 1090 752 in
1105 717 1168 752 ta·

284 779 393 821 bulis
408 778 769 832 imprimebantur
789 779 834 819 N
850 783 895 819 et
913 778 963 819 L.
1019 777 1072 818 Id
1094 789 1166 817 au-

285 848 372 884 tem
391 841 610 896 significat
628 853 713 882 non
735 841 917 894 liquere.
947 842 1074 881 Idem.

338 909 362 960 ξ
390 909 442 947 12
470 906 616 958 Pueri]
653 905 707 946 Id
737 910 824 955 est,
855 904 1059 956 pusionis,
1092 901 1165 957 qul

282 970 325 1011 in
345 970 544 1011 cubiculo
575 968 690 1009 illius
723 967 1001 1009 dormitabat.
1053 968 1165 1008 Sunt

281 1032 356 1087 qui
373 1031 561 1074 habeant
572 1031 687 1085 pueri
703 1031 783 1084 sui,
803 1030 918 1084 quod
938 1030 972 1070 si
993 1035 1074 1084 est,
1100 1031 1163 1071 di-

281 1099 427 1138 cemus
442 1108 621 1150 puernm
642 1095 827 1136 adulteri
846 1095 889 1135 in
910 1095 1022 1136 idem
1045 1095 1163 1136 cubi-

278 1160 421 1202 culum
441 1160 597 1202 callide
614 1160 865 1212 immissum,
887 1165 934 1201 ut
954 1161 989 1201 si
1011 1159 1163 1215 depre-

275 1224 434 1266 hensus
467 1223 581 1265 forte
619 1228 754 1276 esset,
786 1235 837 1264 eo
870 1223 1160 1264 excusationis

275 1286 545 1340 confugeret.
577 1287 679 1328 Bad.

329 1355 363 1406 §K
375 1356 425 1394 13
457 1355 556 1393 Cum
570 1353 780 1405 parricidii
795 1352 970 1405 causam]
991 1353 1078 1393 Hic
1093 1352 1158 1394 fu·

273 1417 360 1458 erit
378 1418 539 1460 Caelius
559 1418 631 1458 ille
661 1416 816 1470 Rufus,
851 1418 904 1458 ad
939 1430 1065 1471 quem
1095 1419 1158 1457 Μ.

275 1481 430 1523 Cicero
449 1492 502 1522 ex
522 1481 677 1523 Cilicia
706 1481 895 1537 scripsit,
926 1494 1011 1524 non
1045 1481 1157 1523 affir-

272 1545 496 1586 maverim.
528 1545 680 1585 Oliver.

329 1607 574 1661 Tarracinae]
592 1606 815 1661 Oppidum
828 1609 950 1650 estin
964 1610 1157 1662 Volscis,

268 1671 384 1724 quod
399 1671 499 1712 olim
513 1671 730 1713 Trachina
741 1671 983 1721 dicebatur,
1003 1680 1155 1726 postea

268 1734 425 1775 Anxur
452 1735 634 1788 dictum,
662 1735 776 1789 quod
796 1736 855 1777 ibi
871 1737 1049 1790 Jupiter
1076 1737 1155 1778 im·

268 1797 413 1840 herbis
428 1792 658 1841 coleretur.

318 1864 483 1905 DAnN.
513 1866 537 1918 ξ
567 1869 589 1905 1
620 1864 771 1906 Lucius
787 1863 937 1917 Scipio]
956 1864 1001 1905 Is
1015 1864 1155 1906 frater

266 1926 464 1969 Africani
478 1926 581 1981 fuit,
596 1928 668 1982 qui
684 1928 739 1969 ad
751 1928 934 1982 Sipilum
948 1938 1154 1982 montem,

264 1991 410 2044 legato
438 1989 592 2044 fratre,
630 1991 892 2033 Antiochum
910 2005 1056 2046 regem
1076 1994 1152 2047 Sy-

264 2056 341 2098 rioe
377 2057 495 2107 vicit,
519 2062 576 2115 „et
612 2058 735 2112 regni
768 2064 894 2112 parte
932 2059 1150 2112 privavit;

261 2120 381 2162 unde
411 2119 627 2163 Asiaticus
649 2121 793 2163 dictus
812 2127 905 2164 est:
934 2129 1032 2176 post
1052 2136 1150 2164 reus

261 2183 460 2236 pecuniae
480 2185 754 2237 interceptae,
788 2196 843 2225 ne
861 2185 904 2225 in
924 2197 1148 2228 carcerem

261 2242 512 2299 duceretur,
530 2246 753 2289 Gracchus
774 2254 900 2301 pater
918 2249 1017 2291 trib.
1030 2250 1148 2302 pleb.

261 2309 522 2352 intercessit.
578 2310 746 2352 Auctor
771 2318 840 2353 est
868 2313 1033 2353 Plinius
1053 2326 1145 2354 ora-

260 2378 345 2415 tor.
375 2374 530 2416 Oliver.

313 2438 482 2491 Inclytis
523 2439 835 2493 cognominibus]
876 2442 990 2482 Nam
1033 2442 1146 2484 alter

258 2500 511 2555 Africanus,
527 2504 640 2544 alter
660 2502 881 2545 Asiaticus
901 2504 1043 2546 dictus
1062 2510 1143 2547 est.

314 2568 342 2619 ς·
364 2568 392 2606 2
422 2566 470 2607 C.
489 2578 579 2606 vero
599 2566 795 2619 Deciano]
838 2567 924 2609 Hic
943 2569 1060 2609 nulla
1078 2569 1141 2609 in-

257 2629 388 2681 vidia,
414 2628 492 2670 sed
524 2641 670 2671 errore
696 2631 856 2685 linguae
895 2629 1034 2673 factus
1073 2639 1142 2674 est

257 2702 430 2734 noxius.

313 2758 420 2798 Nam
436 2770 524 2799 cum
548 2758 604 2798 P.
631 2757 817 2810 Furium]
850 2758 936 2799 Hic
952 2759 1040 2799 sine
1062 2760 1139 2800 du-

254 2820 328 2862 bio
341 2825 423 2874 est,
437 2833 564 2874 quem
578 2820 761 2873 legimus
769 2820 923 2863 furoris
940 2823 1137 2866 Catilinae

251 2883 431 2925 socium.
487 2883 601 2923 Nam
618 2883 784 2937 Cicero,
805 2892 1043 2926 convocato
1062 2887 1138 2927 Se-

251 2952 373 2998 natu,
402 2945 457 2987 de
475 2946 541 2986 his
559 2946 758 3000 primum,
775 2948 846 3002 qui
865 2949 907 2988 in
929 2950 1138 2990 custodiis

254 3010 406 3052 traditi
435 3016 596 3063 essent,
623 3011 726 3051 item
746 3011 800 3052 de
818 3013 869 3053 L.
891 3012 1056 3066 Cassio,
1080 3014 1136 3054 P.

252 3074 491 3126 Umbreno,
509 3074 563 3116 P.
582 3074 728 3126 Furio,
746 3076 800 3118 Q.
823 3075 1008 3129 Anneio,
1029 3090 1135 3129 quos

251 3139 386 3194 legati
418 3141 758 3193 nominaverant,
790 3143 938 3183 retulit
954 3143 1059 3195 quid
1080 3143 1134 3184 de

249 3201 330 3258 his,
347 3205 381 3246 si
401 3204 662 3258 deprehensi
695 3205 856 3260 forent,
876 3206 970 3248 fieri
992 3209 1133 3260 place-

248 3273 332 3310 ret.
364 3269 514 3311 Oliver.

305 3327 439 3372 Morte
467 3331 584 3373 Lucii
617 3333 850 3387 Saturnini]
892 3333 1132 3376 Seditiosis-

247 3391 344 3434 simi
377 3394 472 3447 viri,
497 3396 568 3448 qui
586 3395 860 3438 Gracchanas
879 3398 998 3451 leges
1019 3411 1131 3439 asse-

250 3467 349 3498 rere
369 3468 454 3498 non
474 3458 656 3512 destitit,
685 3459 858 3502 favente
878 3461 1038 3513 Mario,
1058 3461 1132 3515 qui

250 3520 543 3572 postmodum,
560 3527 727 3564 mutata
745 3525 976 3578 sententia,
1011 3525 1131 3565 illum

248 3595 303 3625 ex
324 3584 585 3629 auctoritate
600 3586 802 3642 Senatus,
827 3589 928 3642 quia
961 3589 1130 3641 conspi-

1978 332 2121 386 1283

1236 466 1409 502 raverat
1441 462 1482 502 in
1521 474 1634 513 eum,
1671 460 1847 502 tandem
1891 462 2122 514 oppressit.

1236 524 1360 564 Idem.
1404 529 1407 531 ’

1289 587 1312 638 ξ
1339 591 1363 627 3
1395 587 1618 641 Suffiagiis
1651 601 1739 629 eum
1770 592 1854 628 tota
1891 589 2023 628 concio
2051 602 2119 641 op-

1230 651 1397 702 pressit]
1427 652 1497 692 Ita
1525 653 1664 704 vulgo.
1718 652 1771 692 In
1806 651 2035 691 Pulmann.
2073 657 2120 692 et

1233 713 1402 756 Susian.
1420 718 1503 754 tota
1539 719 1734 765 cognatm*
1763 714 1839 755 sed
1873 707 2035 756 rectius
2073 715 2118 755 in

1234 775 1531 829 Atrebatensi,
1577 782 1661 817 tota
1706 777 1897 830 cognitio,
1942 779 2117 830 legitur.

1234 841 1517 892 cognationem
1543 854 1645 882 vero
1666 853 1743 893 pro
1756 842 1954 894 judicum
1989 843 2116 884 colle-

1236 341 1354 383 um.
1395 342 1528 382 vm.
1570 342 1703 382 cAP.
1729 330 1781 382 1.

1231 903 1301 955 gio
1317 903 1453 955 ponit.
1508 904 1745 944 Damnatus
1783 904 1894 944 enim
1931 903 2032 952 fult,
2067 911 2118 946 ut

1229 977 1283 1005 ex
1300 966 1442 1007 Cicer.
1459 967 1693 1007 Rabiriana
1713 967 2006 1019 intelligimus,
2027 981 2114 1010 non

1228 1043 1254 1071 a
1285 1032 1493 1072 concione
1525 1031 1690 1083 populi,
1723 1030 1799 1070 sed
1821 1031 1875 1071 ab
1896 1033 2115 1084 equitibus

1227 1094 1448 1148 Romanis,
1478 1108 1612 1148 penes
1645 1088 1751 1147 quos
1778 1100 1880 1134 tunc
1907 1096 2115 1148 temporis

1227 1164 1352 1199 erant
1363 1159 1548 1212 judicia.
1577 1159 1705 1210 Pigh.

1280 1224 1303 1275 ς
1331 1226 1356 1263 4
1385 1223 1614 1274 Adjiciatur
1649 1224 1712 1263 his
1747 1223 1935 1276 Claudia]
1977 1223 2111 1264 Anni—

1225 1283 1322 1327 bale
1341 1287 1512 1327 Italiam
1546 1292 1745 1328 vastante
1763 1299 1817 1327 ex
1838 1299 2045 1340 responso
2066 1288 2114 1327 li-

1225 1349 1397 1390 brorum
1434 1351 1740 1404 Sibyllinorum
1760 1355 1900 1390 mater
1921 1350 2064 1389 Deum
2087 1362 2113 1389 a

1223 1414 1484 1454 Pessinunte
1519 1414 1748 1465 accersita,
1793 1426 1891 1454 cum
1927 1413 2111 1453 adverso

1221 1477 1381 1529 Tyberi
1415 1479 1662 1531 veheretur,
1691 1484 1876 1531 repente
1906 1478 2027 1518 navis
2067 1479 2111 1518 in

1223 1541 1313 1581 alto
1330 1543 1474 1594 stetit,
1503 1548 1548 1583 et
1569 1555 1666 1583 cum
1687 1542 1847 1584 moveri
1867 1542 1992 1583 nullis
2009 1542 2109 1582 viri-

1222 1603 1302 1645 bus
1336 1611 1499 1657 posset,
1526 1618 1581 1646 ex
1615 1606 1739 1647 libris
1759 1607 1995 1659 cognitum,
2015 1608 2108 1646 cas-

1220 1668 1397 1709 tissimae
1435 1669 1607 1710 demum
1639 1669 1827 1711 foeminae
1856 1683 1985 1710 manu
2018 1683 2107 1711 mo·

1220 1733 1312 1772 veri
1333 1745 1473 1785 posse.
1520 1733 1631 1774 Tum
1652 1734 1835 1775 Claudia
1856 1733 1978 1786 virgo
1997 1734 2106 1774 Ves-

1218 1797 1335 1848 talis,
1371 1796 1480 1838 falso
1501 1797 1679 1839 crimine
1706 1798 1861 1839 incesti
1888 1804 2106 1851 suspecta,

1218 1863 1358 1901 Deam
1381 1862 1538 1915 oravit,
1557 1869 1606 1904 ut
1623 1863 1658 1903 si
1673 1875 1718 1903 se
1733 1863 1933 1916 pudicam
1954 1863 2106 1915 sciret,

1218 1932 1488 1979 sequeretur,
1508 1940 1700 1982 zonaque
1715 1929 1934 1981 imposita,
1949 1941 2104 1969 navem

1216 1990 1366 2038 movit,
1386 1991 1685 2032 simulachrum
1705 1992 1853 2033 matris
1872 1994 2014 2032 Deum
2031 1992 2106 2032 ad·

1215 2052 1353 2095 vexit.
1410 2054 1644 2095 Suetonius
1689 2056 1733 2095 in
1775 2055 1868 2096 vita
1912 2056 2099 2097 Tiberii:

1214 2116 1410 2158 ‘Extant
1436 2124 1484 2159 et
1502 2117 1770 2160 foeminarum
1805 2121 2006 2172 exempla
2039 2120 2103 2160 di-

1214 2192 1338 2221 versa
1351 2193 1489 2234 aeque,
1504 2182 1539 2221 si
1554 2182 1728 2235 quidem
1743 2182 1939 2235 ejtlsdem
1961 2183 2101 2235 gentis

1212 2248 1395 2298 utraque
1418 2246 1595 2286 Claudia
1631 2245 1729 2298 fuit,
1763 2251 1810 2287 et
1827 2258 1923 2299 quae
1944 2259 2101 2287 navem

1211 2322 1310 2349 cum
1345 2311 1479 2350 sacris
1511 2313 1662 2352 matris
1703 2313 1849 2353 Deum
1870 2313 2003 2353 Idaeae
2024 2314 2099 2355 ob-

1209 2374 1446 2415 haerentem
1484 2376 1688 2417 Tiberino
1727 2377 1837 2418 vado
1890 2378 2099 2430 extraxit,

1210 2443 1391 2489 precata
1424 2440 1662 2492 propalam,
1694 2444 1743 2479 ut
1762 2439 1820 2480 ita
1841 2439 2012 2480 demum
2032 2453 2098 2480 se-

1208 2506 1432 2554 queretur,
1453 2502 1487 2542 si
1519 2502 1600 2542 sibi
1619 2503 1828 2555 pudicitia
1848 2509 2094 2555 constaret3

1208 2568 1254 2603 et
1268 2577 1363 2617 quae
1378 2577 1489 2605 novo
1501 2578 1618 2606 more
1627 2566 1839 2619 judicium
1854 2566 2097 2617 majestatis

1206 2629 1322 2680 apud
1341 2631 1543 2682 populum
1564 2631 1717 2671 mulier
1731 2630 1879 2682 subiit,
1916 2630 2029 2684 quod
2050 2631 2095 2671 in

1204 2691 1401 2732 conferta
1437 2693 1734 2747 multitudine,
1781 2707 1898 2746 aegre
1941 2707 2094 2747 proce-

1204 2756 1336 2797 dente
1369 2763 1590 2810 carpento,
1609 2759 1749 2810 palam
1770 2764 2017 2811 optaverat,
2047 2766 2095 2799 ut

1202 2818 1338 2861 frater
1367 2834 1468 2862 suus
1489 2823 1682 2863 Pulcher
1701 2823 1995 2874 revivisceret,
2027 2830 2094 2864 at·

1203 2895 1286 2935 que
1325 2883 1481 2924 iterum
1518 2885 1973 2938 classenramitteret,
2007 2900 2091 2939 quo

1200 2946 1340 2986 minor
1355 2948 1484 2988 turba
1497 2949 1647 2988 Romae
1662 2947 1804 2991 foret?
1833 2951 1942 2991 Sunt
1956 2956 2001 2990 et
2018 2951 2094 2991 alii

1200 3015 1397 3051 auctores
1435 3011 1564 3063 hujus
1596 3012 1800 3053 historiae.
1851 3014 2088 3054 Liv.‘Ma—

1201 3078 1335 3114 tronae
1366 3074 1574 3126 primores
1607 3075 1814 3128 civitatis,
1847 3077 1964 3116 inter
1984 3088 2089 3128 quas

1199 3137 1324 3178 unius
1345 3130 1535 3180 Claudiae
1553 3139 1720 3192 insigne
1734 3151 1888 3180 nomen
1902 3144 1984 3190 est,
1998 3141 2091 3180 De-

1198 3213 1265 3242 am
1286 3213 1511 3254 accepere.
1551 3203 1632 3242 Cui
1651 3202 1795 3253 dubia,
1815 3207 1863 3242 ut
1884 3201 2085 3253 traditur,

1198 3271 1326 3308 antea
1370 3268 1486 3309 fama
1524 3268 1750 3309 clariorem
1787 3266 1840 3306 ad
1874 3270 2089 3318 posteros,

1197 3335 1287 3370 tam
1313 3331 1515 3384 religioso
1543 3330 1794 3381 ministerio,
1830 3329 2083 3381 pudicitiam

1196 3395 1336 3440 fecit!
1365 3399 1424 3439 Et
1458 3398 1640 3439 Ovidius
1673 3397 1791 3437 Fast.
1828 3406 1893 3436 ιν.
1943 3395 2081 3446 ‘Sup-

1196 3461 1320 3512 plicis
1333 3462 1443 3503 alma
1459 3467 1559 3514 tuae,
1576 3460 1761 3513 genitrix
1780 3457 1981 3499 foecuuda
1994 3459 2080 3498 De-

1196 3536 1333 3577 orum,
1364 3525 1529 3575 Accipe
1568 3523 1646 3562 sub
1678 3530 1798 3562 certa
1831 3519 2080 3560 conditione

1195 3600 1363 3642 preces.
1419 3588 1552 3627 Casta
1569 3597 1727 3638 negor:
1759 3583 1795 3624 si
1818 3589 1864 3624 tu
1884 3581 2077 3634 damnas,
