<?xml version="1.0" encoding="UTF-8"?>
<!DOCTYPE html PUBLIC "-//W3C//DTD XHTML 1.0 Transitional//EN"
    "http://www.w3.org/TR/xhtml1/DTD/xhtml1-transitional.dtd">
<html xmlns="http://www.w3.org/1999/xhtml" xml:lang="en" lang="en">
 <head>
  <title>
</title>
<meta http-equiv="Content-Type" content="text/html;charset=utf-8" />
  <meta name='ocr-system' content='tesseract 3.04.00' />
  <meta name='ocr-capabilities' content='ocr_page ocr_carea ocr_par ocr_line ocrx_word'/>
</head>
<body>
  <div class='ocr_page' id='page_1' title='image "./factorumdictorum03valeuoft_0255.png"; bbox 0 0 2320 4004; ppageno 0'>
   <div class='ocr_carea' id='block_1_1' title="bbox 554 290 1635 343">
    <p class='ocr_par' dir='ltr' id='par_1_1' title="bbox 554 290 1635 343">
     <span class='ocr_line' id='line_1_1' title="bbox 554 290 1635 343; baseline -0.003 1"><span class='ocrx_word' id='word_1_1' title='bbox 554 302 815 343; x_wconf 66' lang='lat' dir='ltr'>VAhEmi</span> <span class='ocrx_word' id='word_1_2' title='bbox 862 302 1103 340; x_wconf 79' lang='lat' dir='ltr'><strong>MAX1M1</strong></span> <span class='ocrx_word' id='word_1_3' title='bbox 1153 303 1268 340; x_wconf 71' lang='lat' dir='ltr'><strong>[AB.</strong></span> <span class='ocrx_word' id='word_1_4' title='bbox 1302 303 1384 342; x_wconf 84' lang='grc' dir='ltr'>ιν.</span> <span class='ocrx_word' id='word_1_5' title='bbox 1421 301 1555 340; x_wconf 81' lang='lat' dir='ltr'>cAP.</span> <span class='ocrx_word' id='word_1_6' title='bbox 1581 290 1635 341; x_wconf 87' lang='grc'>7.</span> 
     </span>
    </p>
   </div>
   <div class='ocr_carea' id='block_1_2' title="bbox 177 422 1073 2012">
    <p class='ocr_par' dir='ltr' id='par_1_2' title="bbox 177 422 1073 2012">
     <span class='ocr_line' id='line_1_2' title="bbox 234 422 1064 478; baseline -0.008 -9"><span class='ocrx_word' id='word_1_7' title='bbox 234 425 535 478; x_wconf 60' lang='lat' dir='ltr'>Mithridatem]</span> <span class='ocrx_word' id='word_1_8' title='bbox 568 422 845 466; x_wconf 81' lang='lat' dir='ltr'>Mithridates</span> <span class='ocrx_word' id='word_1_9' title='bbox 865 422 998 464; x_wconf 88' lang='lat' dir='ltr'><strong>Ponti</strong></span> <span class='ocrx_word' id='word_1_10' title='bbox 1018 427 1064 462; x_wconf 92' lang='lat' dir='ltr'>et</span> 
     </span>
     <span class='ocr_line' id='line_1_3' title="bbox 181 487 1064 545; baseline -0.008 -12"><span class='ocrx_word' id='word_1_11' title='bbox 181 493 397 545; x_wconf 74' lang='lat' dir='ltr'>Bithyniae</span> <span class='ocrx_word' id='word_1_12' title='bbox 427 502 505 530; x_wconf 85' lang='lat' dir='ltr'>rex</span> <span class='ocrx_word' id='word_1_13' title='bbox 542 490 731 541; x_wconf 86' lang='lat' dir='ltr'>inclytus</span> <span class='ocrx_word' id='word_1_14' title='bbox 767 487 867 539; x_wconf 85' lang='lat' dir='ltr'>fuit,</span> <span class='ocrx_word' id='word_1_15' title='bbox 896 487 950 527; x_wconf 89' lang='lat' dir='ltr'>de</span> <span class='ocrx_word' id='word_1_16' title='bbox 981 498 1064 539; x_wconf 91' lang='lat' dir='ltr'>quo</span> 
     </span>
     <span class='ocr_line' id='line_1_4' title="bbox 181 551 1065 596; baseline -0.008 0"><span class='ocrx_word' id='word_1_17' title='bbox 181 556 350 596; x_wconf 79' lang='lat' dir='ltr'>Plinius</span> <span class='ocrx_word' id='word_1_18' title='bbox 382 554 486 594; x_wconf 87' lang='lat' dir='ltr'>Nat.</span> <span class='ocrx_word' id='word_1_19' title='bbox 513 553 629 593; x_wconf 87' lang='lat' dir='ltr'>Hist.</span> <span class='ocrx_word' id='word_1_20' title='bbox 658 553 732 593; x_wconf 88' lang='lat' dir='ltr'>lib.</span> <span class='ocrx_word' id='word_1_21' title='bbox 753 563 868 593; x_wconf 83' lang='lat' dir='ltr'>xxv.</span> <span class='ocrx_word' id='word_1_22' title='bbox 896 551 958 591; x_wconf 87' lang='lat' dir='ltr'>sic</span> <span class='ocrx_word' id='word_1_23' title='bbox 979 556 1065 590; x_wconf 88' lang='lat' dir='ltr'>tra-</span> 
     </span>
     <span class='ocr_line' id='line_1_5' title="bbox 181 615 1064 658; baseline -0.006 0"><span class='ocrx_word' id='word_1_24' title='bbox 181 617 275 658; x_wconf 82' lang='lat' dir='ltr'>dit:</span> <span class='ocrx_word' id='word_1_25' title='bbox 305 619 318 641; x_wconf 83' lang='lat'><strong><em>⁴</em></strong></span> <span class='ocrx_word' id='word_1_26' title='bbox 340 616 623 658; x_wconf 82' lang='lat' dir='ltr'>Mithridates</span> <span class='ocrx_word' id='word_1_27' title='bbox 657 615 866 656; x_wconf 87' lang='lat' dir='ltr'>maximus</span> <span class='ocrx_word' id='word_1_28' title='bbox 902 626 978 654; x_wconf 88' lang='lat' dir='ltr'>sua</span> <span class='ocrx_word' id='word_1_29' title='bbox 1007 625 1064 653; x_wconf 83' lang='lat' dir='ltr'>ae·</span> 
     </span>
     <span class='ocr_line' id='line_1_6' title="bbox 181 677 1064 734; baseline -0.005 -14"><span class='ocrx_word' id='word_1_30' title='bbox 181 687 274 720; x_wconf 85' lang='lat' dir='ltr'>tate</span> <span class='ocrx_word' id='word_1_31' title='bbox 303 692 466 734; x_wconf 87' lang='lat' dir='ltr'>regum,</span> <span class='ocrx_word' id='word_1_32' title='bbox 503 692 631 733; x_wconf 89' lang='lat' dir='ltr'>quem</span> <span class='ocrx_word' id='word_1_33' title='bbox 662 677 900 719; x_wconf 88' lang='lat' dir='ltr'>debellavit</span> <span class='ocrx_word' id='word_1_34' title='bbox 935 677 1064 717; x_wconf 89' lang='lat' dir='ltr'>Pom·</span> 
     </span>
     <span class='ocr_line' id='line_1_7' title="bbox 177 740 1064 794; baseline -0.005 -11"><span class='ocrx_word' id='word_1_35' title='bbox 177 743 319 794; x_wconf 86' lang='lat' dir='ltr'>peius,</span> <span class='ocrx_word' id='word_1_36' title='bbox 335 743 522 783; x_wconf 86' lang='lat' dir='ltr'>omnium</span> <span class='ocrx_word' id='word_1_37' title='bbox 541 750 642 783; x_wconf 89' lang='lat' dir='ltr'>ante</span> <span class='ocrx_word' id='word_1_38' title='bbox 671 755 716 782; x_wconf 91' lang='lat' dir='ltr'>se</span> <span class='ocrx_word' id='word_1_39' title='bbox 737 741 982 794; x_wconf 87' lang='lat' dir='ltr'>genitorum</span> <span class='ocrx_word' id='word_1_40' title='bbox 1000 740 1064 780; x_wconf 92' lang='lat' dir='ltr'>di-</span> 
     </span>
     <span class='ocr_line' id='line_1_8' title="bbox 182 804 1064 859; baseline -0.003 -13"><span class='ocrx_word' id='word_1_41' title='bbox 182 807 488 859; x_wconf 83' lang='lat' dir='ltr'>ligentissimus</span> <span class='ocrx_word' id='word_1_42' title='bbox 509 807 611 847; x_wconf 87' lang='lat' dir='ltr'>vitae</span> <span class='ocrx_word' id='word_1_43' title='bbox 639 805 774 846; x_wconf 87' lang='lat' dir='ltr'>fuisse</span> <span class='ocrx_word' id='word_1_44' title='bbox 802 804 1064 858; x_wconf 81' lang='lat' dir='ltr'>argumentis</span> 
     </span>
     <span class='ocr_line' id='line_1_9' title="bbox 180 867 1065 924; baseline -0.005 -13"><span class='ocrx_word' id='word_1_45' title='bbox 180 877 470 924; x_wconf 78' lang='lat' dir='ltr'>praeterquam</span> <span class='ocrx_word' id='word_1_46' title='bbox 500 870 616 911; x_wconf 83' lang='lat' dir='ltr'>fama</span> <span class='ocrx_word' id='word_1_47' title='bbox 651 870 923 922; x_wconf 81' lang='lat' dir='ltr'>intelligitur.</span> <span class='ocrx_word' id='word_1_48' title='bbox 976 867 1065 909; x_wconf 89' lang='lat' dir='ltr'>Uni</span> 
     </span>
     <span class='ocr_line' id='line_1_10' title="bbox 182 931 1064 988; baseline -0.003 -14"><span class='ocrx_word' id='word_1_49' title='bbox 182 934 224 974; x_wconf 90' lang='lat' dir='ltr'>ei</span> <span class='ocrx_word' id='word_1_50' title='bbox 242 935 538 987; x_wconf 86' lang='lat' dir='ltr'>excogitatum</span> <span class='ocrx_word' id='word_1_51' title='bbox 558 934 750 988; x_wconf 88' lang='lat' dir='ltr'>quotidie</span> <span class='ocrx_word' id='word_1_52' title='bbox 772 944 983 974; x_wconf 88' lang='lat' dir='ltr'>venenum</span> <span class='ocrx_word' id='word_1_53' title='bbox 1005 931 1064 972; x_wconf 91' lang='lat' dir='ltr'>bi-</span> 
     </span>
     <span class='ocr_line' id='line_1_11' title="bbox 183 998 1064 1053; baseline -0.005 -13"><span class='ocrx_word' id='word_1_54' title='bbox 183 1000 288 1041; x_wconf 85' lang='lat' dir='ltr'>bere</span> <span class='ocrx_word' id='word_1_55' title='bbox 327 1000 602 1053; x_wconf 83' lang='lat' dir='ltr'>praesumptis</span> <span class='ocrx_word' id='word_1_56' title='bbox 638 998 857 1048; x_wconf 87' lang='lat' dir='ltr'>remediis,</span> <span class='ocrx_word' id='word_1_57' title='bbox 889 1002 937 1037; x_wconf 88' lang='lat' dir='ltr'>ut</span> <span class='ocrx_word' id='word_1_58' title='bbox 964 1008 1064 1037; x_wconf 88' lang='lat' dir='ltr'>con-</span> 
     </span>
     <span class='ocr_line' id='line_1_12' title="bbox 182 1062 1062 1117; baseline -0.005 -12"><span class='ocrx_word' id='word_1_59' title='bbox 182 1064 412 1106; x_wconf 87' lang='lat' dir='ltr'>suetudine</span> <span class='ocrx_word' id='word_1_60' title='bbox 432 1066 529 1117; x_wconf 83' lang='lat' dir='ltr'>ipsa</span> <span class='ocrx_word' id='word_1_61' title='bbox 557 1064 776 1104; x_wconf 87' lang='lat' dir='ltr'>innoxium</span> <span class='ocrx_word' id='word_1_62' title='bbox 795 1062 951 1103; x_wconf 68' lang='lat' dir='ltr'>fieret!</span> <span class='ocrx_word' id='word_1_63' title='bbox 993 1062 1062 1101; x_wconf 89' lang='lat' dir='ltr'>De</span> 
     </span>
     <span class='ocr_line' id='line_1_13' title="bbox 184 1125 1066 1180; baseline -0.006 -12"><span class='ocrx_word' id='word_1_64' title='bbox 184 1128 308 1180; x_wconf 80' lang='lat' dir='ltr'>cujus</span> <span class='ocrx_word' id='word_1_65' title='bbox 339 1128 550 1168; x_wconf 84' lang='lat' dir='ltr'>memoria</span> <span class='ocrx_word' id='word_1_66' title='bbox 586 1128 716 1180; x_wconf 87' lang='lat' dir='ltr'>paulo</span> <span class='ocrx_word' id='word_1_67' title='bbox 751 1125 867 1167; x_wconf 87' lang='lat' dir='ltr'>infra</span> <span class='ocrx_word' id='word_1_68' title='bbox 903 1126 965 1166; x_wconf 88' lang='lat' dir='ltr'>sic</span> <span class='ocrx_word' id='word_1_69' title='bbox 1003 1126 1066 1165; x_wconf 70' lang='lat' dir='ltr'>in·</span> 
     </span>
     <span class='ocr_line' id='line_1_14' title="bbox 183 1190 1066 1243; baseline -0.005 -11"><span class='ocrx_word' id='word_1_70' title='bbox 183 1191 299 1243; x_wconf 78' lang='lat' dir='ltr'>quit3</span> <span class='ocrx_word' id='word_1_71' title='bbox 329 1193 342 1213; x_wconf 91' lang='lat'><strong>‘</strong></span> <span class='ocrx_word' id='word_1_72' title='bbox 364 1192 500 1232; x_wconf 84' lang='lat' dir='ltr'>Istum</span> <span class='ocrx_word' id='word_1_73' title='bbox 521 1192 659 1232; x_wconf 90' lang='lat' dir='ltr'>solum</span> <span class='ocrx_word' id='word_1_74' title='bbox 681 1191 925 1231; x_wconf 84' lang='lat' dir='ltr'>mortalium</span> <span class='ocrx_word' id='word_1_75' title='bbox 959 1190 1066 1242; x_wconf 87' lang='lat' dir='ltr'>[Mi-</span> 
     </span>
     <span class='ocr_line' id='line_1_15' title="bbox 184 1254 1066 1307; baseline -0.003 -12"><span class='ocrx_word' id='word_1_76' title='bbox 184 1254 435 1307; x_wconf 86' lang='lat' dir='ltr'>thridatem]</span> <span class='ocrx_word' id='word_1_77' title='bbox 465 1255 618 1306; x_wconf 88' lang='lat' dir='ltr'>viginti</span> <span class='ocrx_word' id='word_1_78' title='bbox 638 1254 805 1295; x_wconf 87' lang='lat' dir='ltr'>duabus</span> <span class='ocrx_word' id='word_1_79' title='bbox 829 1254 986 1304; x_wconf 83' lang='lat' dir='ltr'>linguis</span> <span class='ocrx_word' id='word_1_80' title='bbox 1005 1254 1066 1292; x_wconf 90' lang='lat' dir='ltr'>lo·</span> 
     </span>
     <span class='ocr_line' id='line_1_16' title="bbox 183 1316 1067 1370; baseline -0.003 -12"><span class='ocrx_word' id='word_1_81' title='bbox 183 1325 331 1358; x_wconf 89' lang='lat' dir='ltr'>cutum</span> <span class='ocrx_word' id='word_1_82' title='bbox 349 1325 517 1360; x_wconf 89' lang='lat' dir='ltr'>certum</span> <span class='ocrx_word' id='word_1_83' title='bbox 547 1323 629 1370; x_wconf 90' lang='lat' dir='ltr'>est,</span> <span class='ocrx_word' id='word_1_84' title='bbox 659 1329 740 1358; x_wconf 89' lang='lat' dir='ltr'>nee</span> <span class='ocrx_word' id='word_1_85' title='bbox 769 1318 824 1358; x_wconf 87' lang='lat' dir='ltr'>de</span> <span class='ocrx_word' id='word_1_86' title='bbox 858 1316 1067 1369; x_wconf 86' lang='lat' dir='ltr'>subjectis</span> 
     </span>
     <span class='ocr_line' id='line_1_17' title="bbox 183 1380 1068 1433; baseline -0.003 -11"><span class='ocrx_word' id='word_1_87' title='bbox 183 1382 386 1433; x_wconf 87' lang='lat' dir='ltr'>gentibus</span> <span class='ocrx_word' id='word_1_88' title='bbox 415 1383 549 1422; x_wconf 90' lang='lat' dir='ltr'>ullum</span> <span class='ocrx_word' id='word_1_89' title='bbox 577 1382 791 1422; x_wconf 85' lang='lat' dir='ltr'>hominem</span> <span class='ocrx_word' id='word_1_90' title='bbox 828 1393 907 1432; x_wconf 87' lang='lat' dir='ltr'>per</span> <span class='ocrx_word' id='word_1_91' title='bbox 933 1380 1068 1419; x_wconf 88' lang='lat' dir='ltr'>inter-</span> 
     </span>
     <span class='ocr_line' id='line_1_18' title="bbox 184 1443 1068 1498; baseline -0.003 -13"><span class='ocrx_word' id='word_1_92' title='bbox 184 1450 354 1496; x_wconf 88' lang='lat' dir='ltr'>pretem</span> <span class='ocrx_word' id='word_1_93' title='bbox 382 1446 648 1498; x_wconf 85' lang='lat' dir='ltr'>appellatum</span> <span class='ocrx_word' id='word_1_94' title='bbox 681 1445 734 1485; x_wconf 90' lang='lat' dir='ltr'>ab</span> <span class='ocrx_word' id='word_1_95' title='bbox 763 1457 817 1484; x_wconf 91' lang='lat' dir='ltr'>eo</span> <span class='ocrx_word' id='word_1_96' title='bbox 850 1443 970 1484; x_wconf 87' lang='lat' dir='ltr'>annis</span> <span class='ocrx_word' id='word_1_97' title='bbox 1000 1447 1068 1483; x_wconf 84' lang='lat'>56.</span> 
     </span>
     <span class='ocr_line' id='line_1_19' title="bbox 187 1507 1070 1562; baseline -0.002 -13"><span class='ocrx_word' id='word_1_98' title='bbox 187 1509 343 1562; x_wconf 84' lang='lat' dir='ltr'>quibus</span> <span class='ocrx_word' id='word_1_99' title='bbox 361 1509 589 1561; x_wconf 83' lang='lat' dir='ltr'>regnavit.&#39;</span> <span class='ocrx_word' id='word_1_100' title='bbox 646 1509 775 1552; x_wconf 81' lang='lat' dir='ltr'>Quod</span> <span class='ocrx_word' id='word_1_101' title='bbox 807 1513 853 1548; x_wconf 87' lang='lat' dir='ltr'>et</span> <span class='ocrx_word' id='word_1_102' title='bbox 886 1507 1004 1548; x_wconf 84' lang='lat' dir='ltr'>Gen.</span> <span class='ocrx_word' id='word_1_103' title='bbox 1023 1513 1070 1547; x_wconf 90' lang='lat' dir='ltr'>et</span> 
     </span>
     <span class='ocr_line' id='line_1_20' title="bbox 183 1570 1069 1625; baseline -0.003 -13"><span class='ocrx_word' id='word_1_104' title='bbox 183 1574 320 1614; x_wconf 90' lang='lat' dir='ltr'>Solin.</span> <span class='ocrx_word' id='word_1_105' title='bbox 335 1572 578 1622; x_wconf 79' lang='lat' dir='ltr'>affirmavit,</span> <span class='ocrx_word' id='word_1_106' title='bbox 594 1573 682 1625; x_wconf 90' lang='lat' dir='ltr'>qui,</span> <span class='ocrx_word' id='word_1_107' title='bbox 700 1570 813 1625; x_wconf 89' lang='lat' dir='ltr'>quod</span> <span class='ocrx_word' id='word_1_108' title='bbox 834 1571 970 1622; x_wconf 83' lang='lat' dir='ltr'>majus</span> <span class='ocrx_word' id='word_1_109' title='bbox 986 1577 1069 1621; x_wconf 92' lang='lat' dir='ltr'>est,</span> 
     </span>
     <span class='ocr_line' id='line_1_21' title="bbox 188 1634 1070 1690; baseline -0.006 -12"><span class='ocrx_word' id='word_1_110' title='bbox 188 1649 534 1690; x_wconf 85' lang='lat' dir='ltr'>unumquemque</span> <span class='ocrx_word' id='word_1_111' title='bbox 549 1648 624 1676; x_wconf 91' lang='lat' dir='ltr'>suo</span> <span class='ocrx_word' id='word_1_112' title='bbox 636 1638 810 1676; x_wconf 90' lang='lat' dir='ltr'>nomine</span> <span class='ocrx_word' id='word_1_113' title='bbox 827 1646 881 1675; x_wconf 82' lang='lat' dir='ltr'>ex</span> <span class='ocrx_word' id='word_1_114' title='bbox 897 1639 964 1674; x_wconf 93' lang='lat' dir='ltr'>tot</span> <span class='ocrx_word' id='word_1_115' title='bbox 978 1634 1070 1673; x_wconf 89' lang='lat' dir='ltr'>mil-</span> 
     </span>
     <span class='ocr_line' id='line_1_22' title="bbox 185 1697 1070 1753; baseline -0.006 -11"><span class='ocrx_word' id='word_1_116' title='bbox 185 1702 296 1742; x_wconf 84' lang='lat' dir='ltr'>libus</span> <span class='ocrx_word' id='word_1_117' title='bbox 317 1701 537 1753; x_wconf 79' lang='lat' dir='ltr'>appellare</span> <span class='ocrx_word' id='word_1_118' title='bbox 556 1700 729 1739; x_wconf 90' lang='lat' dir='ltr'>solitum</span> <span class='ocrx_word' id='word_1_119' title='bbox 755 1698 886 1738; x_wconf 83' lang='lat' dir='ltr'>fnisse</span> <span class='ocrx_word' id='word_1_120' title='bbox 905 1697 1070 1748; x_wconf 87' lang='lat' dir='ltr'>dicunt,</span> 
     </span>
     <span class='ocr_line' id='line_1_23' title="bbox 185 1765 1071 1820; baseline -0.006 -12"><span class='ocrx_word' id='word_1_121' title='bbox 185 1768 367 1820; x_wconf 83' lang='lat' dir='ltr'>perinde</span> <span class='ocrx_word' id='word_1_122' title='bbox 399 1768 547 1819; x_wconf 87' lang='lat' dir='ltr'>lingua</span> <span class='ocrx_word' id='word_1_123' title='bbox 577 1772 623 1807; x_wconf 90' lang='lat' dir='ltr'>et</span> <span class='ocrx_word' id='word_1_124' title='bbox 649 1766 846 1807; x_wconf 84' lang='lat' dir='ltr'>oratione</span> <span class='ocrx_word' id='word_1_125' title='bbox 874 1765 1071 1805; x_wconf 85' lang='lat' dir='ltr'>uniuscu-</span> 
     </span>
     <span class='ocr_line' id='line_1_24' title="bbox 177 1828 1073 1884; baseline -0.003 -13"><span class='ocrx_word' id='word_1_126' title='bbox 177 1831 336 1884; x_wconf 86' lang='lat' dir='ltr'>jusque</span> <span class='ocrx_word' id='word_1_127' title='bbox 356 1843 439 1871; x_wconf 88' lang='lat' dir='ltr'>non</span> <span class='ocrx_word' id='word_1_128' title='bbox 457 1830 598 1870; x_wconf 85' lang='lat' dir='ltr'>minus</span> <span class='ocrx_word' id='word_1_129' title='bbox 625 1830 732 1870; x_wconf 86' lang='lat' dir='ltr'>scite</span> <span class='ocrx_word' id='word_1_130' title='bbox 750 1842 875 1882; x_wconf 88' lang='lat' dir='ltr'>quam</span> <span class='ocrx_word' id='word_1_131' title='bbox 909 1828 946 1868; x_wconf 88' lang='lat' dir='ltr'>si</span> <span class='ocrx_word' id='word_1_132' title='bbox 971 1840 1073 1880; x_wconf 84' lang='lat' dir='ltr'>gen-</span> 
     </span>
     <span class='ocr_line' id='line_1_25' title="bbox 186 1894 1073 1949; baseline -0.003 -13"><span class='ocrx_word' id='word_1_133' title='bbox 186 1897 272 1937; x_wconf 86' lang='lat' dir='ltr'>tilis</span> <span class='ocrx_word' id='word_1_134' title='bbox 288 1897 380 1949; x_wconf 83' lang='lat' dir='ltr'>ejus</span> <span class='ocrx_word' id='word_1_135' title='bbox 402 1895 556 1936; x_wconf 83' lang='lat' dir='ltr'>fuisset</span> <span class='ocrx_word' id='word_1_136' title='bbox 583 1895 775 1935; x_wconf 89' lang='lat' dir='ltr'>locutum</span> <span class='ocrx_word' id='word_1_137' title='bbox 794 1894 943 1934; x_wconf 87' lang='lat' dir='ltr'>fuisse.</span> <span class='ocrx_word' id='word_1_138' title='bbox 1000 1894 1073 1933; x_wconf 92' lang='lat' dir='ltr'>De</span> 
     </span>
     <span class='ocr_line' id='line_1_26' title="bbox 184 1958 1070 2012; baseline -0.002 -14"><span class='ocrx_word' id='word_1_139' title='bbox 184 1959 311 2012; x_wconf 87' lang='lat' dir='ltr'>cujus</span> <span class='ocrx_word' id='word_1_140' title='bbox 339 1965 479 2000; x_wconf 90' lang='lat' dir='ltr'>morte</span> <span class='ocrx_word' id='word_1_141' title='bbox 504 1959 625 1999; x_wconf 87' lang='lat' dir='ltr'>varia</span> <span class='ocrx_word' id='word_1_142' title='bbox 644 1958 826 1998; x_wconf 84' lang='lat' dir='ltr'>tradunt</span> <span class='ocrx_word' id='word_1_143' title='bbox 844 1963 1070 1998; x_wconf 86' lang='lat' dir='ltr'>auctores:</span> 
     </span>
    </p>
   </div>
   <div class='ocr_carea' id='block_1_3' title="bbox 117 2019 1074 2074">
    <p class='ocr_par' dir='ltr' id='par_1_3' title="bbox 117 2019 1074 2074">
     <span class='ocr_line' id='line_1_27' title="bbox 117 2019 1074 2074; baseline 0 -13"><span class='ocrx_word' id='word_1_144' title='bbox 117 2019 120 2021; x_wconf 73' lang='grc'><strong>’</strong></span> <span class='ocrx_word' id='word_1_145' title='bbox 187 2034 284 2062; x_wconf 87' lang='lat' dir='ltr'>nam</span> <span class='ocrx_word' id='word_1_146' title='bbox 314 2023 386 2063; x_wconf 88' lang='lat' dir='ltr'>alii</span> <span class='ocrx_word' id='word_1_147' title='bbox 414 2022 564 2063; x_wconf 88' lang='lat' dir='ltr'>dicunt</span> <span class='ocrx_word' id='word_1_148' title='bbox 597 2023 757 2062; x_wconf 89' lang='lat' dir='ltr'>victum</span> <span class='ocrx_word' id='word_1_149' title='bbox 791 2034 816 2061; x_wconf 90' lang='lat' dir='ltr'>a</span> <span class='ocrx_word' id='word_1_150' title='bbox 848 2022 1074 2074; x_wconf 88' lang='lat' dir='ltr'>Pompeio,</span> 
     </span>
    </p>
   </div>
   <div class='ocr_carea' id='block_1_4' title="bbox 180 2086 1078 3593">
    <p class='ocr_par' dir='ltr' id='par_1_4' title="bbox 180 2086 1078 2955">
     <span class='ocr_line' id='line_1_28' title="bbox 187 2086 1072 2140; baseline 0 -14"><span class='ocrx_word' id='word_1_151' title='bbox 187 2099 320 2140; x_wconf 91' lang='lat' dir='ltr'>quum</span> <span class='ocrx_word' id='word_1_152' title='bbox 352 2087 435 2127; x_wconf 89' lang='lat' dir='ltr'>sibi</span> <span class='ocrx_word' id='word_1_153' title='bbox 463 2093 645 2134; x_wconf 89' lang='lat' dir='ltr'>mortem</span> <span class='ocrx_word' id='word_1_154' title='bbox 676 2086 836 2128; x_wconf 87' lang='lat' dir='ltr'>inferre</span> <span class='ocrx_word' id='word_1_155' title='bbox 857 2087 1072 2127; x_wconf 88' lang='lat' dir='ltr'>decrevis-</span> 
     </span>
     <span class='ocr_line' id='line_1_29' title="bbox 184 2150 1074 2202; baseline -0.002 -12"><span class='ocrx_word' id='word_1_156' title='bbox 184 2157 273 2202; x_wconf 85' lang='lat' dir='ltr'>set,</span> <span class='ocrx_word' id='word_1_157' title='bbox 291 2151 599 2192; x_wconf 87' lang='lat' dir='ltr'>violentissima</span> <span class='ocrx_word' id='word_1_158' title='bbox 628 2162 795 2191; x_wconf 90' lang='lat' dir='ltr'>venena</span> <span class='ocrx_word' id='word_1_159' title='bbox 825 2150 1074 2202; x_wconf 85' lang='lat' dir='ltr'>sumpsisse,</span> 
     </span>
     <span class='ocr_line' id='line_1_30' title="bbox 188 2212 1074 2267; baseline -0.003 -13"><span class='ocrx_word' id='word_1_160' title='bbox 188 2214 376 2267; x_wconf 90' lang='lat' dir='ltr'>deniqne</span> <span class='ocrx_word' id='word_1_161' title='bbox 394 2227 440 2254; x_wconf 91' lang='lat' dir='ltr'>se</span> <span class='ocrx_word' id='word_1_162' title='bbox 459 2215 601 2267; x_wconf 83' lang='lat' dir='ltr'>gladio</span> <span class='ocrx_word' id='word_1_163' title='bbox 622 2213 904 2254; x_wconf 84' lang='lat' dir='ltr'>transfixisse.</span> <span class='ocrx_word' id='word_1_164' title='bbox 931 2212 1074 2253; x_wconf 87' lang='lat' dir='ltr'>Autor</span> 
     </span>
     <span class='ocr_line' id='line_1_31' title="bbox 190 2277 1074 2318; baseline -0.001 -1"><span class='ocrx_word' id='word_1_165' title='bbox 190 2277 246 2318; x_wconf 88' lang='lat' dir='ltr'>de</span> <span class='ocrx_word' id='word_1_166' title='bbox 265 2278 384 2317; x_wconf 85' lang='lat' dir='ltr'>Viris</span> <span class='ocrx_word' id='word_1_167' title='bbox 413 2278 649 2318; x_wconf 85' lang='lat' dir='ltr'>illustribus</span> <span class='ocrx_word' id='word_1_168' title='bbox 682 2277 792 2318; x_wconf 91' lang='lat' dir='ltr'>dicit</span> <span class='ocrx_word' id='word_1_169' title='bbox 809 2279 926 2317; x_wconf 88' lang='lat' dir='ltr'>illum</span> <span class='ocrx_word' id='word_1_170' title='bbox 946 2289 1074 2317; x_wconf 91' lang='lat' dir='ltr'>vene-</span> 
     </span>
     <span class='ocr_line' id='line_1_32' title="bbox 188 2339 1076 2392; baseline -0.002 -12"><span class='ocrx_word' id='word_1_171' title='bbox 188 2353 289 2381; x_wconf 88' lang='lat' dir='ltr'>num</span> <span class='ocrx_word' id='word_1_172' title='bbox 310 2341 606 2392; x_wconf 84' lang='lat' dir='ltr'>assumpsisse,</span> <span class='ocrx_word' id='word_1_173' title='bbox 636 2352 722 2392; x_wconf 92' lang='lat' dir='ltr'>quo</span> <span class='ocrx_word' id='word_1_174' title='bbox 751 2339 876 2380; x_wconf 89' lang='lat' dir='ltr'>tarde</span> <span class='ocrx_word' id='word_1_175' title='bbox 906 2345 1076 2391; x_wconf 85' lang='lat' dir='ltr'>agente,</span> 
     </span>
     <span class='ocr_line' id='line_1_33' title="bbox 191 2403 1077 2455; baseline -0.001 -11"><span class='ocrx_word' id='word_1_176' title='bbox 191 2415 491 2455; x_wconf 81' lang='lat' dir='ltr'>percussorem</span> <span class='ocrx_word' id='word_1_177' title='bbox 511 2404 686 2444; x_wconf 87' lang='lat' dir='ltr'>Gallum</span> <span class='ocrx_word' id='word_1_178' title='bbox 701 2403 974 2444; x_wconf 87' lang='lat' dir='ltr'>atrocivultu</span> <span class='ocrx_word' id='word_1_179' title='bbox 993 2407 1077 2443; x_wconf 90' lang='lat' dir='ltr'>ter-</span> 
     </span>
     <span class='ocr_line' id='line_1_34' title="bbox 191 2466 1076 2518; baseline 0 -12"><span class='ocrx_word' id='word_1_180' title='bbox 191 2467 322 2508; x_wconf 86' lang='lat' dir='ltr'>ritum</span> <span class='ocrx_word' id='word_1_181' title='bbox 350 2478 594 2518; x_wconf 88' lang='lat' dir='ltr'>revocasse,</span> <span class='ocrx_word' id='word_1_182' title='bbox 626 2471 672 2506; x_wconf 91' lang='lat' dir='ltr'>et</span> <span class='ocrx_word' id='word_1_183' title='bbox 700 2467 743 2506; x_wconf 90' lang='lat' dir='ltr'>in</span> <span class='ocrx_word' id='word_1_184' title='bbox 774 2466 940 2506; x_wconf 86' lang='lat' dir='ltr'>caedem</span> <span class='ocrx_word' id='word_1_185' title='bbox 959 2479 1076 2506; x_wconf 87' lang='lat' dir='ltr'>suam</span> 
     </span>
     <span class='ocr_line' id='line_1_35' title="bbox 189 2529 1078 2583; baseline -0.002 -12"><span class='ocrx_word' id='word_1_186' title='bbox 189 2543 363 2572; x_wconf 84' lang='lat' dir='ltr'>manum</span> <span class='ocrx_word' id='word_1_187' title='bbox 401 2530 662 2583; x_wconf 85' lang='lat' dir='ltr'>trepidantis</span> <span class='ocrx_word' id='word_1_188' title='bbox 699 2530 932 2582; x_wconf 86' lang='lat' dir='ltr'>adjuvisse.</span> <span class='ocrx_word' id='word_1_189' title='bbox 990 2529 1078 2570; x_wconf 88' lang='lat' dir='ltr'>Alii</span> 
     </span>
     <span class='ocr_line' id='line_1_36' title="bbox 192 2593 1077 2634; baseline -0.001 -1"><span class='ocrx_word' id='word_1_190' title='bbox 192 2605 294 2634; x_wconf 87' lang='lat' dir='ltr'>vero</span> <span class='ocrx_word' id='word_1_191' title='bbox 335 2593 585 2634; x_wconf 88' lang='lat' dir='ltr'>acutissimo</span> <span class='ocrx_word' id='word_1_192' title='bbox 625 2605 793 2633; x_wconf 89' lang='lat' dir='ltr'>veneno</span> <span class='ocrx_word' id='word_1_193' title='bbox 837 2593 1077 2633; x_wconf 82' lang='lat' dir='ltr'>extinctum</span> 
     </span>
     <span class='ocr_line' id='line_1_37' title="bbox 190 2654 1077 2710; baseline 0.001 -14"><span class='ocrx_word' id='word_1_194' title='bbox 190 2654 324 2697; x_wconf 85' lang='lat' dir='ltr'>fuisse</span> <span class='ocrx_word' id='word_1_195' title='bbox 362 2663 577 2709; x_wconf 82' lang='lat' dir='ltr'>asserunt,</span> <span class='ocrx_word' id='word_1_196' title='bbox 615 2669 796 2710; x_wconf 91' lang='lat' dir='ltr'>quorum</span> <span class='ocrx_word' id='word_1_197' title='bbox 832 2657 1077 2710; x_wconf 86' lang='lat' dir='ltr'>opinionem</span> 
     </span>
     <span class='ocr_line' id='line_1_38' title="bbox 180 2720 1076 2775; baseline 0 -15"><span class='ocrx_word' id='word_1_198' title='bbox 180 2720 391 2761; x_wconf 78' lang='lat' dir='ltr'>Lucanus</span> <span class='ocrx_word' id='word_1_199' title='bbox 409 2726 582 2762; x_wconf 87' lang='lat' dir='ltr'>secutus</span> <span class='ocrx_word' id='word_1_200' title='bbox 602 2726 670 2762; x_wconf 85' lang='lat' dir='ltr'>est</span> <span class='ocrx_word' id='word_1_201' title='bbox 687 2722 758 2762; x_wconf 89' lang='lat' dir='ltr'>lib.</span> <span class='ocrx_word' id='word_1_202' title='bbox 778 2733 810 2762; x_wconf 92' lang='lat'>1.</span> <span class='ocrx_word' id='word_1_203' title='bbox 831 2734 962 2775; x_wconf 90' lang='lat' dir='ltr'>quum</span> <span class='ocrx_word' id='word_1_204' title='bbox 983 2721 1076 2760; x_wconf 86' lang='lat' dir='ltr'>dix-</span> 
     </span>
     <span class='ocr_line' id='line_1_39' title="bbox 189 2783 1076 2838; baseline 0 -15"><span class='ocrx_word' id='word_1_205' title='bbox 189 2783 252 2824; x_wconf 82' lang='lat' dir='ltr'>it:</span> <span class='ocrx_word' id='word_1_206' title='bbox 281 2783 295 2806; x_wconf 93' lang='lat'>‘</span> <span class='ocrx_word' id='word_1_207' title='bbox 314 2784 423 2824; x_wconf 89' lang='lat' dir='ltr'>Post</span> <span class='ocrx_word' id='word_1_208' title='bbox 445 2784 692 2838; x_wconf 84' lang='lat' dir='ltr'>Cilicasque</span> <span class='ocrx_word' id='word_1_209' title='bbox 721 2797 870 2838; x_wconf 85' lang='lat' dir='ltr'>vagos,</span> <span class='ocrx_word' id='word_1_210' title='bbox 899 2790 947 2825; x_wconf 93' lang='lat' dir='ltr'>et</span> <span class='ocrx_word' id='word_1_211' title='bbox 966 2784 1076 2836; x_wconf 89' lang='lat' dir='ltr'>lapsi</span> 
     </span>
     <span class='ocr_line' id='line_1_40' title="bbox 189 2847 1077 2900; baseline -0.001 -13"><span class='ocrx_word' id='word_1_212' title='bbox 189 2847 378 2888; x_wconf 86' lang='lat' dir='ltr'>Pontica</span> <span class='ocrx_word' id='word_1_213' title='bbox 409 2848 524 2900; x_wconf 86' lang='lat' dir='ltr'>regis</span> <span class='ocrx_word' id='word_1_214' title='bbox 552 2849 714 2889; x_wconf 85' lang='lat' dir='ltr'>Praelia</span> <span class='ocrx_word' id='word_1_215' title='bbox 746 2848 974 2889; x_wconf 87' lang='lat' dir='ltr'>barbarico</span> <span class='ocrx_word' id='word_1_216' title='bbox 1003 2848 1077 2887; x_wconf 88' lang='lat' dir='ltr'>vix</span> 
     </span>
     <span class='ocr_line' id='line_1_41' title="bbox 190 2913 887 2955; baseline 0.004 -3"><span class='ocrx_word' id='word_1_217' title='bbox 190 2919 486 2954; x_wconf 87' lang='lat' dir='ltr'>consummata</span> <span class='ocrx_word' id='word_1_218' title='bbox 504 2913 700 2954; x_wconf 89' lang='lat' dir='ltr'>veneno.&#39;</span> <span class='ocrx_word' id='word_1_219' title='bbox 735 2914 887 2955; x_wconf 82' lang='lat' dir='ltr'>Oliver.</span> 
     </span>
    </p>

    <p class='ocr_par' dir='ltr' id='par_1_5' title="bbox 189 2976 1078 3220">
     <span class='ocr_line' id='line_1_42' title="bbox 247 2976 1077 3031; baseline 0.006 -17"><span class='ocrx_word' id='word_1_220' title='bbox 247 2976 464 3027; x_wconf 75' lang='lat' dir='ltr'>conjugem</span> <span class='ocrx_word' id='word_1_221' title='bbox 492 2977 626 3029; x_wconf 83' lang='lat' dir='ltr'>suum]</span> <span class='ocrx_word' id='word_1_222' title='bbox 670 2978 782 3018; x_wconf 89' lang='lat' dir='ltr'>Sunt</span> <span class='ocrx_word' id='word_1_223' title='bbox 811 2979 884 3030; x_wconf 91' lang='lat' dir='ltr'>qui</span> <span class='ocrx_word' id='word_1_224' title='bbox 911 2977 1077 3031; x_wconf 88' lang='lat' dir='ltr'>dicant,</span> 
     </span>
     <span class='ocr_line' id='line_1_43' title="bbox 189 3039 1076 3093; baseline 0.003 -14"><span class='ocrx_word' id='word_1_225' title='bbox 189 3051 276 3080; x_wconf 90' lang='lat' dir='ltr'>non</span> <span class='ocrx_word' id='word_1_226' title='bbox 305 3039 572 3081; x_wconf 83' lang='lat' dir='ltr'>Mithridatis</span> <span class='ocrx_word' id='word_1_227' title='bbox 606 3053 781 3082; x_wconf 86' lang='lat' dir='ltr'>uxorem</span> <span class='ocrx_word' id='word_1_228' title='bbox 819 3041 971 3093; x_wconf 88' lang='lat' dir='ltr'>fuisse,</span> <span class='ocrx_word' id='word_1_229' title='bbox 999 3043 1076 3083; x_wconf 84' lang='lat' dir='ltr'>sed</span> 
     </span>
     <span class='ocr_line' id='line_1_44' title="bbox 189 3103 1078 3156; baseline 0.003 -13"><span class='ocrx_word' id='word_1_230' title='bbox 189 3103 493 3154; x_wconf 67' lang='lat' dir='ltr'>concubinam</span> <span class='ocrx_word' id='word_1_231' title='bbox 521 3105 643 3156; x_wconf 78' lang='lat' dir='ltr'>enjus</span> <span class='ocrx_word' id='word_1_232' title='bbox 659 3105 889 3146; x_wconf 85' lang='lat' dir='ltr'>sententiae</span> <span class='ocrx_word' id='word_1_233' title='bbox 903 3106 1078 3146; x_wconf 88' lang='lat' dir='ltr'>Plutar-</span> 
     </span>
     <span class='ocr_line' id='line_1_45' title="bbox 190 3166 698 3220; baseline 0.006 -15"><span class='ocrx_word' id='word_1_234' title='bbox 190 3166 294 3206; x_wconf 79' lang='lat' dir='ltr'>chus</span> <span class='ocrx_word' id='word_1_235' title='bbox 311 3167 355 3206; x_wconf 91' lang='lat' dir='ltr'>in</span> <span class='ocrx_word' id='word_1_236' title='bbox 373 3167 463 3208; x_wconf 82' lang='lat' dir='ltr'>vita</span> <span class='ocrx_word' id='word_1_237' title='bbox 484 3168 698 3220; x_wconf 90' lang='lat' dir='ltr'>Pompeii.</span> 
     </span>
    </p>

    <p class='ocr_par' dir='ltr' id='par_1_6' title="bbox 192 3229 1077 3398">
     <span class='ocr_line' id='line_1_46' title="bbox 250 3229 1077 3283; baseline 0.006 -14"><span class='ocrx_word' id='word_1_238' title='bbox 250 3229 405 3282; x_wconf 73' lang='lat' dir='ltr'>Effusis</span> <span class='ocrx_word' id='word_1_239' title='bbox 420 3232 628 3272; x_wconf 78' lang='lat' dir='ltr'>charitatis</span> <span class='ocrx_word' id='word_1_240' title='bbox 652 3231 833 3283; x_wconf 77' lang='lat' dir='ltr'>habenis]</span> <span class='ocrx_word' id='word_1_241' title='bbox 863 3234 972 3274; x_wconf 88' lang='lat' dir='ltr'>Late</span> <span class='ocrx_word' id='word_1_242' title='bbox 1003 3246 1077 3274; x_wconf 83' lang='lat' dir='ltr'>ex·</span> 
     </span>
     <span class='ocr_line' id='line_1_47' title="bbox 192 3293 1076 3348; baseline 0.007 -16"><span class='ocrx_word' id='word_1_243' title='bbox 192 3293 340 3335; x_wconf 81' lang='lat' dir='ltr'>tensis.</span> <span class='ocrx_word' id='word_1_244' title='bbox 394 3294 520 3334; x_wconf 89' lang='lat' dir='ltr'>Sicut</span> <span class='ocrx_word' id='word_1_245' title='bbox 549 3307 684 3348; x_wconf 87' lang='lat' dir='ltr'>equus</span> <span class='ocrx_word' id='word_1_246' title='bbox 718 3294 865 3336; x_wconf 83' lang='lat' dir='ltr'>effusis</span> <span class='ocrx_word' id='word_1_247' title='bbox 898 3297 1076 3338; x_wconf 83' lang='lat' dir='ltr'>habenis</span> 
     </span>
     <span class='ocr_line' id='line_1_48' title="bbox 194 3355 508 3398; baseline 0.01 -5"><span class='ocrx_word' id='word_1_248' title='bbox 194 3355 283 3395; x_wconf 79' lang='lat' dir='ltr'>late</span> <span class='ocrx_word' id='word_1_249' title='bbox 302 3358 508 3398; x_wconf 74' lang='lat' dir='ltr'>excurrit.</span> 
     </span>
    </p>

    <p class='ocr_par' dir='ltr' id='par_1_7' title="bbox 195 3419 1077 3593">
     <span class='ocr_line' id='line_1_49' title="bbox 195 3419 1075 3472; baseline 0.008 -15"><span class='ocrx_word' id='word_1_250' title='bbox 195 3447 198 3450; x_wconf 74' lang='lat'><em>-</em></span> <span class='ocrx_word' id='word_1_251' title='bbox 249 3419 318 3469; x_wconf 77' lang='lat'>§2</span> <span class='ocrx_word' id='word_1_252' title='bbox 350 3420 502 3472; x_wconf 69' lang='lat' dir='ltr'>Totius]</span> <span class='ocrx_word' id='word_1_253' title='bbox 532 3422 643 3462; x_wconf 89' lang='lat' dir='ltr'>Nam</span> <span class='ocrx_word' id='word_1_254' title='bbox 667 3423 982 3464; x_wconf 79' lang='lat' dir='ltr'>Lacedaemonii</span> <span class='ocrx_word' id='word_1_255' title='bbox 1000 3424 1075 3464; x_wconf 87' lang='lat' dir='ltr'>ali-</span> 
     </span>
     <span class='ocr_line' id='line_1_50' title="bbox 196 3485 1077 3541; baseline 0.008 -17"><span class='ocrx_word' id='word_1_256' title='bbox 196 3485 365 3535; x_wconf 86' lang='lat' dir='ltr'>quando</span> <span class='ocrx_word' id='word_1_257' title='bbox 389 3487 637 3529; x_wconf 83' lang='lat' dir='ltr'>Graecorum</span> <span class='ocrx_word' id='word_1_258' title='bbox 658 3489 878 3541; x_wconf 88' lang='lat' dir='ltr'>principes</span> <span class='ocrx_word' id='word_1_259' title='bbox 898 3489 1077 3531; x_wconf 85' lang='lat' dir='ltr'>fuerunt</span> 
     </span>
     <span class='ocr_line' id='line_1_51' title="bbox 195 3547 753 3593; baseline 0.009 -6"><span class='ocrx_word' id='word_1_260' title='bbox 195 3547 382 3589; x_wconf 80' lang='lat' dir='ltr'>subactis</span> <span class='ocrx_word' id='word_1_261' title='bbox 400 3549 753 3593; x_wconf 79' lang='lat' dir='ltr'>Atheniensibus·</span> 
     </span>
    </p>
   </div>
   <div class='ocr_carea' id='block_1_5' title="bbox 1869 290 2011 344">
    <p class='ocr_par' dir='ltr' id='par_1_8' title="bbox 1869 290 2011 344">
     <span class='ocr_line' id='line_1_52' title="bbox 1869 290 2011 344; baseline 0.021 -3"><span class='ocrx_word' id='word_1_262' title='bbox 1869 290 2011 344; x_wconf 78' lang='lat'>1155</span> 
     </span>
    </p>
   </div>
   <div class='ocr_carea' id='block_1_6' title="bbox 1124 417 2050 3599">
    <p class='ocr_par' dir='ltr' id='par_1_9' title="bbox 1126 417 2014 601">
     <span class='ocr_line' id='line_1_53' title="bbox 1186 417 2014 473; baseline -0.001 -13"><span class='ocrx_word' id='word_1_263' title='bbox 1186 420 1348 461; x_wconf 75' lang='lat' dir='ltr'>Uxorioe</span> <span class='ocrx_word' id='word_1_264' title='bbox 1363 420 1468 473; x_wconf 80' lang='lat' dir='ltr'>fidei</span> <span class='ocrx_word' id='word_1_265' title='bbox 1494 417 1703 471; x_wconf 77' lang='lat' dir='ltr'>specimen]</span> <span class='ocrx_word' id='word_1_266' title='bbox 1749 418 2014 460; x_wconf 86' lang='lat' dir='ltr'>Cleombroti</span> 
     </span>
     <span class='ocr_line' id='line_1_54' title="bbox 1127 484 2014 537; baseline 0.001 -14"><span class='ocrx_word' id='word_1_267' title='bbox 1127 496 1302 524; x_wconf 86' lang='lat' dir='ltr'>uxorem</span> <span class='ocrx_word' id='word_1_268' title='bbox 1339 485 1582 537; x_wconf 84' lang='lat' dir='ltr'>intelligere</span> <span class='ocrx_word' id='word_1_269' title='bbox 1618 484 1806 534; x_wconf 88' lang='lat' dir='ltr'>videtur,</span> <span class='ocrx_word' id='word_1_270' title='bbox 1839 484 1895 524; x_wconf 90' lang='lat' dir='ltr'>de</span> <span class='ocrx_word' id='word_1_271' title='bbox 1928 497 2014 537; x_wconf 84' lang='lat' dir='ltr'>qua</span> 
     </span>
     <span class='ocr_line' id='line_1_55' title="bbox 1126 546 1877 601; baseline 0.003 -14"><span class='ocrx_word' id='word_1_272' title='bbox 1126 546 1389 588; x_wconf 87' lang='lat' dir='ltr'>Plutarchus</span> <span class='ocrx_word' id='word_1_273' title='bbox 1408 549 1450 588; x_wconf 89' lang='lat' dir='ltr'>in</span> <span class='ocrx_word' id='word_1_274' title='bbox 1470 548 1627 601; x_wconf 82' lang='lat' dir='ltr'>Agide.</span> <span class='ocrx_word' id='word_1_275' title='bbox 1663 549 1877 590; x_wconf 77' lang='lat' dir='ltr'>Corradus,</span> 
     </span>
    </p>

    <p class='ocr_par' dir='ltr' id='par_1_10' title="bbox 1124 611 2019 1229">
     <span class='ocr_line' id='line_1_56' title="bbox 1181 611 2012 665; baseline 0.001 -15"><span class='ocrx_word' id='word_1_276' title='bbox 1181 612 1253 663; x_wconf 77' lang='lat'>§3</span> <span class='ocrx_word' id='word_1_277' title='bbox 1285 612 1457 665; x_wconf 79' lang='lat' dir='ltr'>Minyoe]</span> <span class='ocrx_word' id='word_1_278' title='bbox 1497 612 1749 653; x_wconf 89' lang='lat' dir='ltr'>Herodotus</span> <span class='ocrx_word' id='word_1_279' title='bbox 1796 611 1908 652; x_wconf 86' lang='lat' dir='ltr'>libro</span> <span class='ocrx_word' id='word_1_280' title='bbox 1947 623 2012 651; x_wconf 79' lang='lat' dir='ltr'>lv.</span> 
     </span>
     <span class='ocr_line' id='line_1_57' title="bbox 1125 674 2015 727; baseline -0.001 -12"><span class='ocrx_word' id='word_1_281' title='bbox 1125 674 1211 715; x_wconf 91' lang='lat' dir='ltr'>Sed</span> <span class='ocrx_word' id='word_1_282' title='bbox 1231 674 1492 715; x_wconf 90' lang='lat' dir='ltr'>Plutarchus</span> <span class='ocrx_word' id='word_1_283' title='bbox 1521 675 1576 716; x_wconf 88' lang='lat' dir='ltr'>de</span> <span class='ocrx_word' id='word_1_284' title='bbox 1606 677 1746 717; x_wconf 86' lang='lat' dir='ltr'>Claris</span> <span class='ocrx_word' id='word_1_285' title='bbox 1768 675 1878 716; x_wconf 89' lang='lat' dir='ltr'>Mul.</span> <span class='ocrx_word' id='word_1_286' title='bbox 1909 676 2015 727; x_wconf 88' lang='lat' dir='ltr'>Tyr-</span> 
     </span>
     <span class='ocr_line' id='line_1_58' title="bbox 1127 740 2014 793; baseline 0.001 -14"><span class='ocrx_word' id='word_1_287' title='bbox 1127 740 1278 779; x_wconf 86' lang='lat' dir='ltr'>rhenas</span> <span class='ocrx_word' id='word_1_288' title='bbox 1296 745 1438 781; x_wconf 86' lang='lat' dir='ltr'>vocat.</span> <span class='ocrx_word' id='word_1_289' title='bbox 1461 742 1674 781; x_wconf 75' lang='lat' dir='ltr'>Corradus.</span> <span class='ocrx_word' id='word_1_290' title='bbox 1732 741 1903 793; x_wconf 72' lang='lat' dir='ltr'>Minya»,</span> <span class='ocrx_word' id='word_1_291' title='bbox 1921 753 2014 792; x_wconf 80' lang='lat' dir='ltr'>quo·</span> 
     </span>
     <span class='ocr_line' id='line_1_59' title="bbox 1124 803 2015 856; baseline 0.001 -13"><span class='ocrx_word' id='word_1_292' title='bbox 1124 816 1217 844; x_wconf 83' lang='lat' dir='ltr'>ram</span> <span class='ocrx_word' id='word_1_293' title='bbox 1243 803 1374 856; x_wconf 78' lang='lat' dir='ltr'>origo]</span> <span class='ocrx_word' id='word_1_294' title='bbox 1402 803 1566 856; x_wconf 84' lang='lat' dir='ltr'>Minyae</span> <span class='ocrx_word' id='word_1_295' title='bbox 1598 805 1747 856; x_wconf 89' lang='lat' dir='ltr'>populi</span> <span class='ocrx_word' id='word_1_296' title='bbox 1779 804 2015 844; x_wconf 76' lang='lat' dir='ltr'>Thessaliae</span> 
     </span>
     <span class='ocr_line' id='line_1_60' title="bbox 1127 867 2016 920; baseline -0.001 -12"><span class='ocrx_word' id='word_1_297' title='bbox 1127 880 1211 908; x_wconf 88' lang='lat' dir='ltr'>una</span> <span class='ocrx_word' id='word_1_298' title='bbox 1233 880 1330 908; x_wconf 91' lang='lat' dir='ltr'>cum</span> <span class='ocrx_word' id='word_1_299' title='bbox 1351 868 1509 910; x_wconf 85' lang='lat' dir='ltr'>Jasone</span> <span class='ocrx_word' id='word_1_300' title='bbox 1530 874 1576 907; x_wconf 92' lang='lat' dir='ltr'>et</span> <span class='ocrx_word' id='word_1_301' title='bbox 1596 868 1770 908; x_wconf 77' lang='lat' dir='ltr'>caeteris</span> <span class='ocrx_word' id='word_1_302' title='bbox 1789 867 2016 920; x_wconf 84' lang='lat' dir='ltr'>Argonau-</span> 
     </span>
     <span class='ocr_line' id='line_1_61' title="bbox 1128 930 2015 983; baseline 0 -12"><span class='ocrx_word' id='word_1_303' title='bbox 1128 931 1185 971; x_wconf 91' lang='lat' dir='ltr'>tis</span> <span class='ocrx_word' id='word_1_304' title='bbox 1203 930 1256 970; x_wconf 90' lang='lat' dir='ltr'>ad</span> <span class='ocrx_word' id='word_1_305' title='bbox 1276 931 1459 973; x_wconf 87' lang='lat' dir='ltr'>insulam</span> <span class='ocrx_word' id='word_1_306' title='bbox 1480 931 1664 971; x_wconf 91' lang='lat' dir='ltr'>Colchos</span> <span class='ocrx_word' id='word_1_307' title='bbox 1679 933 1939 983; x_wconf 86' lang='lat' dir='ltr'>navigarunt</span> <span class='ocrx_word' id='word_1_308' title='bbox 1960 932 2015 971; x_wconf 86' lang='lat' dir='ltr'>ad</span> 
     </span>
     <span class='ocr_line' id='line_1_62' title="bbox 1130 995 2019 1046; baseline -0.001 -10"><span class='ocrx_word' id='word_1_309' title='bbox 1130 1008 1307 1036; x_wconf 89' lang='lat' dir='ltr'>aureum</span> <span class='ocrx_word' id='word_1_310' title='bbox 1356 995 1494 1035; x_wconf 86' lang='lat' dir='ltr'>vellus</span> <span class='ocrx_word' id='word_1_311' title='bbox 1543 995 1815 1046; x_wconf 89' lang='lat' dir='ltr'>rapiendum.</span> <span class='ocrx_word' id='word_1_312' title='bbox 1890 995 2019 1035; x_wconf 91' lang='lat' dir='ltr'>Unde</span> 
     </span>
     <span class='ocr_line' id='line_1_63' title="bbox 1130 1056 2018 1111; baseline -0.003 -10"><span class='ocrx_word' id='word_1_313' title='bbox 1130 1058 1261 1101; x_wconf 89' lang='lat' dir='ltr'>Ovid.</span> <span class='ocrx_word' id='word_1_314' title='bbox 1301 1059 1413 1100; x_wconf 88' lang='lat' dir='ltr'>Met.</span> <span class='ocrx_word' id='word_1_315' title='bbox 1453 1069 1521 1098; x_wconf 82' lang='lat' dir='ltr'>xr.</span> <span class='ocrx_word' id='word_1_316' title='bbox 1585 1058 1597 1079; x_wconf 89' lang='lat'>‘</span> <span class='ocrx_word' id='word_1_317' title='bbox 1626 1058 1811 1111; x_wconf 88' lang='lat' dir='ltr'>Jamque</span> <span class='ocrx_word' id='word_1_318' title='bbox 1854 1056 2018 1098; x_wconf 85' lang='lat' dir='ltr'>fretum</span> 
     </span>
     <span class='ocr_line' id='line_1_64' title="bbox 1130 1122 2018 1176; baseline -0.006 -13"><span class='ocrx_word' id='word_1_319' title='bbox 1130 1124 1295 1176; x_wconf 86' lang='lat' dir='ltr'>Minyae</span> <span class='ocrx_word' id='word_1_320' title='bbox 1344 1124 1554 1175; x_wconf 86' lang='lat' dir='ltr'>Pagasaea</span> <span class='ocrx_word' id='word_1_321' title='bbox 1591 1134 1737 1175; x_wconf 89' lang='lat' dir='ltr'>puppe</span> <span class='ocrx_word' id='word_1_322' title='bbox 1781 1122 2018 1163; x_wconf 65' lang='lat' dir='ltr'>secabant:</span> 
     </span>
     <span class='ocr_line' id='line_1_65' title="bbox 1133 1189 1282 1229; baseline 0.007 -1"><span class='ocrx_word' id='word_1_323' title='bbox 1133 1189 1282 1229; x_wconf 76' lang='lat' dir='ltr'>Oliver.</span> 
     </span>
    </p>

    <p class='ocr_par' dir='ltr' id='par_1_11' title="bbox 1126 1251 2050 1433">
     <span class='ocr_line' id='line_1_66' title="bbox 1126 1251 2050 1305; baseline -0.001 -13"><span class='ocrx_word' id='word_1_324' title='bbox 1126 1268 1131 1271; x_wconf 88' lang='lat'>·</span> <span class='ocrx_word' id='word_1_325' title='bbox 1185 1252 1323 1294; x_wconf 79' lang='lat' dir='ltr'>Insula</span> <span class='ocrx_word' id='word_1_326' title='bbox 1339 1252 1542 1305; x_wconf 80' lang='lat' dir='ltr'>concepta]</span> <span class='ocrx_word' id='word_1_327' title='bbox 1571 1252 1639 1292; x_wconf 91' lang='lat' dir='ltr'>Ibi</span> <span class='ocrx_word' id='word_1_328' title='bbox 1661 1252 1772 1292; x_wconf 92' lang='lat' dir='ltr'>enim</span> <span class='ocrx_word' id='word_1_329' title='bbox 1794 1251 2021 1304; x_wconf 87' lang='lat' dir='ltr'>Argonau-</span> <span class='ocrx_word' id='word_1_330' title='bbox 2048 1262 2050 1265; x_wconf 77' lang='grc'>’</span> 
     </span>
     <span class='ocr_line' id='line_1_67' title="bbox 1132 1315 2022 1368; baseline 0 -12"><span class='ocrx_word' id='word_1_331' title='bbox 1132 1321 1188 1356; x_wconf 79' lang='lat' dir='ltr'>tae</span> <span class='ocrx_word' id='word_1_332' title='bbox 1212 1316 1394 1367; x_wconf 81' lang='lat' dir='ltr'>benigne</span> <span class='ocrx_word' id='word_1_333' title='bbox 1415 1317 1592 1368; x_wconf 89' lang='lat' dir='ltr'>excepti</span> <span class='ocrx_word' id='word_1_334' title='bbox 1621 1315 1744 1356; x_wconf 85' lang='lat' dir='ltr'>fuere</span> <span class='ocrx_word' id='word_1_335' title='bbox 1774 1315 1829 1356; x_wconf 88' lang='lat' dir='ltr'>ab</span> <span class='ocrx_word' id='word_1_336' title='bbox 1860 1316 2022 1368; x_wconf 83' lang='lat' dir='ltr'>Hypsi-</span> 
     </span>
     <span class='ocr_line' id='line_1_68' title="bbox 1131 1380 1587 1433; baseline 0.002 -14"><span class='ocrx_word' id='word_1_337' title='bbox 1131 1380 1230 1432; x_wconf 88' lang='lat' dir='ltr'>pyle</span> <span class='ocrx_word' id='word_1_338' title='bbox 1251 1381 1402 1433; x_wconf 85' lang='lat' dir='ltr'>regina</span> <span class='ocrx_word' id='word_1_339' title='bbox 1419 1381 1587 1421; x_wconf 88' lang='lat' dir='ltr'>Lemni.</span> 
     </span>
    </p>

    <p class='ocr_par' dir='ltr' id='par_1_12' title="bbox 1132 1443 2023 1802">
     <span class='ocr_line' id='line_1_69' title="bbox 1187 1443 2021 1497; baseline -0.001 -13"><span class='ocrx_word' id='word_1_340' title='bbox 1187 1444 1296 1484; x_wconf 73' lang='lat' dir='ltr'><strong>CAP.</strong></span> <span class='ocrx_word' id='word_1_341' title='bbox 1320 1457 1404 1485; x_wconf 81' lang='lat' dir='ltr'>vu.</span> <span class='ocrx_word' id='word_1_342' title='bbox 1437 1445 1609 1484; x_wconf 79' lang='lat' dir='ltr'>Deserta</span> <span class='ocrx_word' id='word_1_343' title='bbox 1615 1445 1783 1497; x_wconf 75' lang='lat' dir='ltr'>sutura]</span> <span class='ocrx_word' id='word_1_344' title='bbox 1825 1443 2021 1486; x_wconf 81' lang='lat' dir='ltr'>Quaestio</span> 
     </span>
     <span class='ocr_line' id='line_1_70' title="bbox 1132 1507 2021 1559; baseline 0 -13"><span class='ocrx_word' id='word_1_345' title='bbox 1132 1515 1229 1548; x_wconf 89' lang='lat' dir='ltr'>erat</span> <span class='ocrx_word' id='word_1_346' title='bbox 1262 1508 1377 1559; x_wconf 87' lang='lat' dir='ltr'>apud</span> <span class='ocrx_word' id='word_1_347' title='bbox 1410 1513 1599 1558; x_wconf 84' lang='lat' dir='ltr'>veteres,</span> <span class='ocrx_word' id='word_1_348' title='bbox 1635 1519 1690 1546; x_wconf 90' lang='lat' dir='ltr'>an</span> <span class='ocrx_word' id='word_1_349' title='bbox 1722 1507 1914 1547; x_wconf 88' lang='lat' dir='ltr'>amicitia</span> <span class='ocrx_word' id='word_1_350' title='bbox 1945 1518 2021 1546; x_wconf 86' lang='lat' dir='ltr'>na-</span> 
     </span>
     <span class='ocr_line' id='line_1_71' title="bbox 1133 1570 2023 1611; baseline -0.001 -1"><span class='ocrx_word' id='word_1_351' title='bbox 1133 1576 1232 1611; x_wconf 84' lang='lat' dir='ltr'>tura</span> <span class='ocrx_word' id='word_1_352' title='bbox 1247 1584 1300 1611; x_wconf 91' lang='lat' dir='ltr'>an</span> <span class='ocrx_word' id='word_1_353' title='bbox 1322 1571 1374 1611; x_wconf 86' lang='lat' dir='ltr'>ab</span> <span class='ocrx_word' id='word_1_354' title='bbox 1395 1570 1694 1610; x_wconf 86' lang='lat' dir='ltr'>imbecillitate</span> <span class='ocrx_word' id='word_1_355' title='bbox 1714 1571 1899 1610; x_wconf 86' lang='lat' dir='ltr'>humana</span> <span class='ocrx_word' id='word_1_356' title='bbox 1927 1574 2023 1609; x_wconf 85' lang='lat' dir='ltr'>orta</span> 
     </span>
     <span class='ocr_line' id='line_1_72' title="bbox 1133 1633 2021 1687; baseline -0.002 -13"><span class='ocrx_word' id='word_1_357' title='bbox 1133 1640 1267 1685; x_wconf 87' lang='lat' dir='ltr'>esset,</span> <span class='ocrx_word' id='word_1_358' title='bbox 1313 1640 1359 1674; x_wconf 87' lang='lat' dir='ltr'>et</span> <span class='ocrx_word' id='word_1_359' title='bbox 1407 1647 1484 1685; x_wconf 89' lang='lat' dir='ltr'>pro</span> <span class='ocrx_word' id='word_1_360' title='bbox 1531 1641 1688 1674; x_wconf 86' lang='lat' dir='ltr'>natura</span> <span class='ocrx_word' id='word_1_361' title='bbox 1736 1634 1910 1687; x_wconf 86' lang='lat' dir='ltr'>quidem</span> <span class='ocrx_word' id='word_1_362' title='bbox 1951 1633 2021 1673; x_wconf 89' lang='lat' dir='ltr'>Ci-</span> 
     </span>
     <span class='ocr_line' id='line_1_73' title="bbox 1133 1698 2021 1750; baseline -0.001 -12"><span class='ocrx_word' id='word_1_363' title='bbox 1133 1711 1235 1738; x_wconf 89' lang='lat' dir='ltr'>cero</span> <span class='ocrx_word' id='word_1_364' title='bbox 1283 1699 1490 1750; x_wconf 68' lang='lat' dir='ltr'>praeclare</span> <span class='ocrx_word' id='word_1_365' title='bbox 1533 1699 1732 1749; x_wconf 87' lang='lat' dir='ltr'>disputat</span> <span class='ocrx_word' id='word_1_366' title='bbox 1780 1698 1824 1737; x_wconf 92' lang='lat' dir='ltr'>in</span> <span class='ocrx_word' id='word_1_367' title='bbox 1874 1698 2021 1738; x_wconf 81' lang='lat' dir='ltr'>Laelio.</span> 
     </span>
     <span class='ocr_line' id='line_1_74' title="bbox 1137 1762 1268 1802; baseline 0.008 -1"><span class='ocrx_word' id='word_1_368' title='bbox 1137 1762 1268 1802; x_wconf 84' lang='lat' dir='ltr'>Coler.</span> 
     </span>
    </p>

    <p class='ocr_par' dir='ltr' id='par_1_13' title="bbox 1135 1823 2026 2059">
     <span class='ocr_line' id='line_1_75' title="bbox 1188 1823 2023 1877; baseline -0.002 -11"><span class='ocrx_word' id='word_1_369' title='bbox 1188 1825 1589 1877; x_wconf 76' lang='lat' dir='ltr'>Infractaefortanoe]</span> <span class='ocrx_word' id='word_1_370' title='bbox 1620 1825 1708 1865; x_wconf 88' lang='lat' dir='ltr'>Pro</span> <span class='ocrx_word' id='word_1_371' title='bbox 1729 1826 1741 1848; x_wconf 93' lang='lat'>‘</span> <span class='ocrx_word' id='word_1_372' title='bbox 1767 1823 1892 1864; x_wconf 88' lang='lat' dir='ltr'>valde</span> <span class='ocrx_word' id='word_1_373' title='bbox 1913 1823 2023 1864; x_wconf 85' lang='lat' dir='ltr'>frac-</span> 
     </span>
     <span class='ocr_line' id='line_1_76' title="bbox 1135 1888 2025 1942; baseline -0.002 -12"><span class='ocrx_word' id='word_1_374' title='bbox 1135 1895 1193 1930; x_wconf 81' lang='lat' dir='ltr'>tae</span> <span class='ocrx_word' id='word_1_375' title='bbox 1213 1888 1432 1930; x_wconf 67' lang='lat' dir='ltr'>fortunae!</span> <span class='ocrx_word' id='word_1_376' title='bbox 1477 1891 1588 1931; x_wconf 85' lang='lat' dir='ltr'>Nam</span> <span class='ocrx_word' id='word_1_377' title='bbox 1604 1891 1647 1929; x_wconf 76' lang='lat' dir='ltr'>in</span> <span class='ocrx_word' id='word_1_378' title='bbox 1665 1894 1797 1942; x_wconf 85' lang='lat' dir='ltr'>auget</span> <span class='ocrx_word' id='word_1_379' title='bbox 1816 1889 1894 1929; x_wconf 91' lang='lat' dir='ltr'>hoc</span> <span class='ocrx_word' id='word_1_380' title='bbox 1913 1890 2025 1929; x_wconf 53' lang='lat' dir='ltr'>loco».</span> 
     </span>
     <span class='ocr_line' id='line_1_77' title="bbox 1135 1953 2026 2005; baseline -0.001 -11"><span class='ocrx_word' id='word_1_381' title='bbox 1135 1953 1368 2005; x_wconf 87' lang='lat' dir='ltr'>Virgilius:</span> <span class='ocrx_word' id='word_1_382' title='bbox 1400 1955 1412 1977; x_wconf 93' lang='lat'>‘</span> <span class='ocrx_word' id='word_1_383' title='bbox 1433 1954 1607 1994; x_wconf 84' lang='lat' dir='ltr'>Turnus</span> <span class='ocrx_word' id='word_1_384' title='bbox 1628 1959 1676 1993; x_wconf 91' lang='lat' dir='ltr'>ut</span> <span class='ocrx_word' id='word_1_385' title='bbox 1705 1953 1918 1994; x_wconf 89' lang='lat' dir='ltr'>infractos</span> <span class='ocrx_word' id='word_1_386' title='bbox 1950 1953 2026 1994; x_wconf 84' lang='lat' dir='ltr'>ad-</span> 
     </span>
     <span class='ocr_line' id='line_1_78' title="bbox 1136 2017 1657 2059; baseline 0 -2"><span class='ocrx_word' id='word_1_387' title='bbox 1136 2030 1262 2057; x_wconf 87' lang='lat' dir='ltr'>verso</span> <span class='ocrx_word' id='word_1_388' title='bbox 1285 2019 1429 2058; x_wconf 84' lang='lat' dir='ltr'>Marte</span> <span class='ocrx_word' id='word_1_389' title='bbox 1449 2017 1657 2059; x_wconf 83' lang='lat' dir='ltr'>Latinos.&#39;</span> 
     </span>
    </p>

    <p class='ocr_par' dir='ltr' id='par_1_14' title="bbox 1191 2081 1955 2135">
     <span class='ocr_line' id='line_1_79' title="bbox 1191 2081 1955 2135; baseline 0 -13"><span class='ocrx_word' id='word_1_390' title='bbox 1191 2082 1400 2133; x_wconf 76' lang='lat' dir='ltr'>Humana]</span> <span class='ocrx_word' id='word_1_391' title='bbox 1429 2083 1609 2123; x_wconf 84' lang='lat' dir='ltr'>Scilicet</span> <span class='ocrx_word' id='word_1_392' title='bbox 1629 2081 1955 2135; x_wconf 87' lang='lat' dir='ltr'>suffragatione.</span> 
     </span>
    </p>

    <p class='ocr_par' dir='ltr' id='par_1_15' title="bbox 1136 2145 2033 3599">
     <span class='ocr_line' id='line_1_80' title="bbox 1192 2145 2028 2197; baseline -0.002 -11"><span class='ocrx_word' id='word_1_393' title='bbox 1192 2145 1477 2197; x_wconf 78' lang='lat' dir='ltr'>Sardanapali]</span> <span class='ocrx_word' id='word_1_394' title='bbox 1495 2146 1814 2197; x_wconf 86' lang='lat' dir='ltr'>Sardanapalus</span> <span class='ocrx_word' id='word_1_395' title='bbox 1828 2158 1906 2185; x_wconf 82' lang='lat' dir='ltr'>rex</span> <span class='ocrx_word' id='word_1_396' title='bbox 1925 2145 2028 2185; x_wconf 89' lang='lat' dir='ltr'>ulti-</span> 
     </span>
     <span class='ocr_line' id='line_1_81' title="bbox 1136 2209 2028 2262; baseline -0.001 -12"><span class='ocrx_word' id='word_1_397' title='bbox 1136 2223 1230 2250; x_wconf 91' lang='lat' dir='ltr'>mus</span> <span class='ocrx_word' id='word_1_398' title='bbox 1266 2210 1545 2262; x_wconf 83' lang='lat' dir='ltr'>Assyriorum.</span> <span class='ocrx_word' id='word_1_399' title='bbox 1578 2209 1679 2259; x_wconf 83' lang='lat' dir='ltr'>fuit,</span> <span class='ocrx_word' id='word_1_400' title='bbox 1716 2210 1896 2249; x_wconf 84' lang='lat' dir='ltr'>muliere</span> <span class='ocrx_word' id='word_1_401' title='bbox 1934 2221 2028 2249; x_wconf 88' lang='lat' dir='ltr'>cor-</span> 
     </span>
     <span class='ocr_line' id='line_1_82' title="bbox 1138 2273 2030 2326; baseline 0 -14"><span class='ocrx_word' id='word_1_402' title='bbox 1138 2273 1324 2324; x_wconf 89' lang='lat' dir='ltr'>ruptior,</span> <span class='ocrx_word' id='word_1_403' title='bbox 1342 2273 1396 2312; x_wconf 89' lang='lat' dir='ltr'>ad</span> <span class='ocrx_word' id='word_1_404' title='bbox 1416 2286 1540 2326; x_wconf 85' lang='lat' dir='ltr'>quem</span> <span class='ocrx_word' id='word_1_405' title='bbox 1559 2273 1810 2323; x_wconf 84' lang='lat' dir='ltr'>videndum,</span> <span class='ocrx_word' id='word_1_406' title='bbox 1823 2273 1938 2325; x_wconf 90' lang='lat' dir='ltr'>quod</span> <span class='ocrx_word' id='word_1_407' title='bbox 1954 2285 2030 2312; x_wconf 90' lang='lat' dir='ltr'>ne·</span> 
     </span>
     <span class='ocr_line' id='line_1_83' title="bbox 1139 2335 2028 2388; baseline -0.001 -11"><span class='ocrx_word' id='word_1_408' title='bbox 1139 2338 1244 2377; x_wconf 85' lang='lat' dir='ltr'>mini</span> <span class='ocrx_word' id='word_1_409' title='bbox 1279 2338 1621 2387; x_wconf 87' lang='lat' dir='ltr'>concedebatur,</span> <span class='ocrx_word' id='word_1_410' title='bbox 1659 2349 1754 2376; x_wconf 89' lang='lat' dir='ltr'>cum</span> <span class='ocrx_word' id='word_1_411' title='bbox 1797 2335 2028 2388; x_wconf 83' lang='lat' dir='ltr'>praefectus</span> 
     </span>
     <span class='ocr_line' id='line_1_84' title="bbox 1138 2399 2030 2453; baseline -0.001 -13"><span class='ocrx_word' id='word_1_412' title='bbox 1138 2402 1233 2453; x_wconf 89' lang='lat' dir='ltr'>ejus</span> <span class='ocrx_word' id='word_1_413' title='bbox 1265 2400 1481 2441; x_wconf 88' lang='lat' dir='ltr'>Arbactus</span> <span class='ocrx_word' id='word_1_414' title='bbox 1510 2400 1698 2450; x_wconf 87' lang='lat' dir='ltr'>nomine,</span> <span class='ocrx_word' id='word_1_415' title='bbox 1727 2411 1852 2451; x_wconf 91' lang='lat' dir='ltr'>quem</span> <span class='ocrx_word' id='word_1_416' title='bbox 1884 2399 2030 2439; x_wconf 87' lang='lat' dir='ltr'>Medis</span> 
     </span>
     <span class='ocr_line' id='line_1_85' title="bbox 1140 2462 2029 2518; baseline -0.006 -12"><span class='ocrx_word' id='word_1_417' title='bbox 1140 2469 1455 2518; x_wconf 88' lang='lat' dir='ltr'>praeposuerat,</span> <span class='ocrx_word' id='word_1_418' title='bbox 1474 2476 1628 2515; x_wconf 86' lang='lat' dir='ltr'>magna</span> <span class='ocrx_word' id='word_1_419' title='bbox 1643 2462 1876 2502; x_wconf 86' lang='lat' dir='ltr'>ambitione</span> <span class='ocrx_word' id='word_1_420' title='bbox 1896 2468 1946 2502; x_wconf 87' lang='lat' dir='ltr'>ut</span> <span class='ocrx_word' id='word_1_421' title='bbox 1966 2463 2029 2501; x_wconf 62' lang='lat' dir='ltr'>in,</span> 
     </span>
     <span class='ocr_line' id='line_1_86' title="bbox 1139 2526 2028 2579; baseline -0.004 -10"><span class='ocrx_word' id='word_1_422' title='bbox 1139 2529 1461 2569; x_wconf 79' lang='lat' dir='ltr'>tromitteretur</span> <span class='ocrx_word' id='word_1_423' title='bbox 1481 2539 1595 2579; x_wconf 83' lang='lat' dir='ltr'>aegre</span> <span class='ocrx_word' id='word_1_424' title='bbox 1615 2526 1888 2578; x_wconf 83' lang='lat' dir='ltr'>obtinuisset,</span> <span class='ocrx_word' id='word_1_425' title='bbox 1909 2526 2028 2566; x_wconf 90' lang='lat' dir='ltr'>inve-</span> 
     </span>
     <span class='ocr_line' id='line_1_87' title="bbox 1139 2593 2029 2641; baseline -0.004 -9"><span class='ocrx_word' id='word_1_426' title='bbox 1139 2593 1206 2633; x_wconf 91' lang='lat' dir='ltr'>nit</span> <span class='ocrx_word' id='word_1_427' title='bbox 1221 2604 1318 2632; x_wconf 90' lang='lat' dir='ltr'>eum</span> <span class='ocrx_word' id='word_1_428' title='bbox 1338 2593 1452 2632; x_wconf 88' lang='lat' dir='ltr'>inter</span> <span class='ocrx_word' id='word_1_429' title='bbox 1472 2597 1713 2631; x_wconf 88' lang='lat' dir='ltr'>scortorum</span> <span class='ocrx_word' id='word_1_430' title='bbox 1733 2601 1907 2641; x_wconf 78' lang='lat' dir='ltr'>gregem</span> <span class='ocrx_word' id='word_1_431' title='bbox 1926 2601 2029 2641; x_wconf 83' lang='lat' dir='ltr'>pur-</span> 
     </span>
     <span class='ocr_line' id='line_1_88' title="bbox 1142 2652 2033 2708; baseline -0.008 -11"><span class='ocrx_word' id='word_1_432' title='bbox 1142 2669 1293 2708; x_wconf 83' lang='lat' dir='ltr'>puram</span> <span class='ocrx_word' id='word_1_433' title='bbox 1313 2657 1408 2697; x_wconf 91' lang='lat' dir='ltr'>colo</span> <span class='ocrx_word' id='word_1_434' title='bbox 1437 2660 1630 2705; x_wconf 85' lang='lat' dir='ltr'>nentem,</span> <span class='ocrx_word' id='word_1_435' title='bbox 1663 2658 1708 2694; x_wconf 92' lang='lat' dir='ltr'>et</span> <span class='ocrx_word' id='word_1_436' title='bbox 1738 2652 1937 2692; x_wconf 88' lang='lat' dir='ltr'>muliebri</span> <span class='ocrx_word' id='word_1_437' title='bbox 1958 2652 2033 2691; x_wconf 78' lang='lat' dir='ltr'>ha·</span> 
     </span>
     <span class='ocr_line' id='line_1_89' title="bbox 1140 2716 2026 2769; baseline -0.009 -9"><span class='ocrx_word' id='word_1_438' title='bbox 1140 2720 1234 2761; x_wconf 86' lang='lat' dir='ltr'>bitu</span> <span class='ocrx_word' id='word_1_439' title='bbox 1263 2732 1360 2760; x_wconf 91' lang='lat' dir='ltr'>cum</span> <span class='ocrx_word' id='word_1_440' title='bbox 1389 2717 1571 2759; x_wconf 88' lang='lat' dir='ltr'>mollitie</span> <span class='ocrx_word' id='word_1_441' title='bbox 1598 2716 1789 2769; x_wconf 88' lang='lat' dir='ltr'>corporis</span> <span class='ocrx_word' id='word_1_442' title='bbox 1819 2722 1864 2755; x_wconf 92' lang='lat' dir='ltr'>et</span> <span class='ocrx_word' id='word_1_443' title='bbox 1884 2716 2026 2756; x_wconf 78' lang='lat' dir='ltr'>oculo.</span> 
     </span>
     <span class='ocr_line' id='line_1_90' title="bbox 1139 2780 2025 2824; baseline -0.005 0"><span class='ocrx_word' id='word_1_444' title='bbox 1139 2796 1231 2824; x_wconf 88' lang='lat' dir='ltr'>rum</span> <span class='ocrx_word' id='word_1_445' title='bbox 1265 2783 1439 2823; x_wconf 81' lang='lat' dir='ltr'>lascivia</span> <span class='ocrx_word' id='word_1_446' title='bbox 1466 2791 1612 2822; x_wconf 89' lang='lat' dir='ltr'>omnes</span> <span class='ocrx_word' id='word_1_447' title='bbox 1631 2780 1829 2823; x_wconf 79' lang='lat' dir='ltr'>foeminas</span> <span class='ocrx_word' id='word_1_448' title='bbox 1851 2785 2025 2821; x_wconf 86' lang='lat' dir='ltr'>antece-</span> 
     </span>
     <span class='ocr_line' id='line_1_91' title="bbox 1139 2845 2026 2899; baseline -0.005 -12"><span class='ocrx_word' id='word_1_449' title='bbox 1139 2847 1332 2897; x_wconf 89' lang='lat' dir='ltr'>dentem,</span> <span class='ocrx_word' id='word_1_450' title='bbox 1361 2853 1407 2887; x_wconf 88' lang='lat' dir='ltr'>et</span> <span class='ocrx_word' id='word_1_451' title='bbox 1426 2858 1560 2899; x_wconf 89' lang='lat' dir='ltr'>pensa</span> <span class='ocrx_word' id='word_1_452' title='bbox 1588 2846 1702 2885; x_wconf 90' lang='lat' dir='ltr'>inter</span> <span class='ocrx_word' id='word_1_453' title='bbox 1720 2845 1909 2897; x_wconf 85' lang='lat' dir='ltr'>virgines</span> <span class='ocrx_word' id='word_1_454' title='bbox 1929 2857 2026 2897; x_wconf 86' lang='lat' dir='ltr'>par·</span> 
     </span>
     <span class='ocr_line' id='line_1_92' title="bbox 1139 2908 2026 2961; baseline -0.006 -9"><span class='ocrx_word' id='word_1_455' title='bbox 1139 2913 1336 2953; x_wconf 84' lang='lat' dir='ltr'>tientem.</span> <span class='ocrx_word' id='word_1_456' title='bbox 1366 2911 1534 2953; x_wconf 83' lang='lat' dir='ltr'>Quibus</span> <span class='ocrx_word' id='word_1_457' title='bbox 1555 2909 1667 2961; x_wconf 90' lang='lat' dir='ltr'>visis,</span> <span class='ocrx_word' id='word_1_458' title='bbox 1680 2908 1926 2960; x_wconf 86' lang='lat' dir='ltr'>indignatus</span> <span class='ocrx_word' id='word_1_459' title='bbox 1947 2909 2026 2948; x_wconf 90' lang='lat' dir='ltr'>tali</span> 
     </span>
     <span class='ocr_line' id='line_1_93' title="bbox 1139 2973 2029 3024; baseline -0.006 -9"><span class='ocrx_word' id='word_1_460' title='bbox 1139 2975 1328 3016; x_wconf 84' lang='lat' dir='ltr'>foeminae</span> <span class='ocrx_word' id='word_1_461' title='bbox 1358 2981 1501 3016; x_wconf 86' lang='lat' dir='ltr'>tantos</span> <span class='ocrx_word' id='word_1_462' title='bbox 1520 2975 1637 3014; x_wconf 89' lang='lat' dir='ltr'>viros</span> <span class='ocrx_word' id='word_1_463' title='bbox 1666 2985 1761 3013; x_wconf 88' lang='lat' dir='ltr'>esse</span> <span class='ocrx_word' id='word_1_464' title='bbox 1791 2973 2029 3024; x_wconf 85' lang='lat' dir='ltr'>subjectos,</span> 
     </span>
     <span class='ocr_line' id='line_1_94' title="bbox 1139 3036 2029 3092; baseline -0.007 -12"><span class='ocrx_word' id='word_1_465' title='bbox 1139 3040 1432 3092; x_wconf 86' lang='lat' dir='ltr'>tractantique</span> <span class='ocrx_word' id='word_1_466' title='bbox 1470 3039 1612 3078; x_wconf 86' lang='lat' dir='ltr'>lanam</span> <span class='ocrx_word' id='word_1_467' title='bbox 1639 3036 1804 3077; x_wconf 86' lang='lat' dir='ltr'>ferrum</span> <span class='ocrx_word' id='word_1_468' title='bbox 1838 3043 1883 3076; x_wconf 90' lang='lat' dir='ltr'>et</span> <span class='ocrx_word' id='word_1_469' title='bbox 1911 3048 2029 3075; x_wconf 85' lang='lat' dir='ltr'>arma</span> 
     </span>
     <span class='ocr_line' id='line_1_95' title="bbox 1137 3099 2029 3157; baseline -0.008 -13"><span class='ocrx_word' id='word_1_470' title='bbox 1137 3104 1348 3144; x_wconf 90' lang='lat' dir='ltr'>habentes</span> <span class='ocrx_word' id='word_1_471' title='bbox 1378 3114 1547 3157; x_wconf 83' lang='lat' dir='ltr'>parere,</span> <span class='ocrx_word' id='word_1_472' title='bbox 1580 3112 1836 3154; x_wconf 85' lang='lat' dir='ltr'>progressus</span> <span class='ocrx_word' id='word_1_473' title='bbox 1870 3099 1923 3138; x_wconf 87' lang='lat' dir='ltr'>ad</span> <span class='ocrx_word' id='word_1_474' title='bbox 1960 3111 2029 3138; x_wconf 87' lang='lat' dir='ltr'>so-</span> 
     </span>
     <span class='ocr_line' id='line_1_96' title="bbox 1139 3162 2027 3220; baseline -0.009 -12"><span class='ocrx_word' id='word_1_475' title='bbox 1139 3168 1245 3220; x_wconf 85' lang='lat' dir='ltr'>clos,</span> <span class='ocrx_word' id='word_1_476' title='bbox 1263 3167 1367 3220; x_wconf 89' lang='lat' dir='ltr'>quid</span> <span class='ocrx_word' id='word_1_477' title='bbox 1386 3166 1544 3206; x_wconf 88' lang='lat' dir='ltr'>viderit</span> <span class='ocrx_word' id='word_1_478' title='bbox 1575 3163 1736 3205; x_wconf 87' lang='lat' dir='ltr'>refert:</span> <span class='ocrx_word' id='word_1_479' title='bbox 1766 3168 1898 3215; x_wconf 88' lang='lat' dir='ltr'>negat</span> <span class='ocrx_word' id='word_1_480' title='bbox 1919 3174 1965 3201; x_wconf 92' lang='lat' dir='ltr'>se</span> <span class='ocrx_word' id='word_1_481' title='bbox 1986 3162 2027 3201; x_wconf 90' lang='lat' dir='ltr'>ei</span> 
     </span>
     <span class='ocr_line' id='line_1_97' title="bbox 1138 3225 2026 3284; baseline -0.011 -12"><span class='ocrx_word' id='word_1_482' title='bbox 1138 3244 1293 3284; x_wconf 85' lang='lat' dir='ltr'>parere</span> <span class='ocrx_word' id='word_1_483' title='bbox 1327 3243 1467 3283; x_wconf 87' lang='lat' dir='ltr'>posse,</span> <span class='ocrx_word' id='word_1_484' title='bbox 1498 3229 1571 3282; x_wconf 90' lang='lat' dir='ltr'>qui</span> <span class='ocrx_word' id='word_1_485' title='bbox 1602 3240 1646 3268; x_wconf 91' lang='lat' dir='ltr'>se</span> <span class='ocrx_word' id='word_1_486' title='bbox 1666 3227 1884 3268; x_wconf 85' lang='lat' dir='ltr'>foeminam</span> <span class='ocrx_word' id='word_1_487' title='bbox 1904 3225 2026 3263; x_wconf 89' lang='lat' dir='ltr'>malit</span> 
     </span>
     <span class='ocr_line' id='line_1_98' title="bbox 1138 3286 2030 3346; baseline -0.011 -12"><span class='ocrx_word' id='word_1_488' title='bbox 1138 3306 1234 3335; x_wconf 89' lang='lat' dir='ltr'>esse</span> <span class='ocrx_word' id='word_1_489' title='bbox 1251 3306 1389 3346; x_wconf 77' lang='lat' dir='ltr'>quam.</span> <span class='ocrx_word' id='word_1_490' title='bbox 1412 3294 1566 3334; x_wconf 85' lang='lat' dir='ltr'>virum.</span> <span class='ocrx_word' id='word_1_491' title='bbox 1619 3292 1692 3331; x_wconf 90' lang='lat' dir='ltr'>Fit</span> <span class='ocrx_word' id='word_1_492' title='bbox 1724 3290 1857 3340; x_wconf 85' lang='lat' dir='ltr'>igitur</span> <span class='ocrx_word' id='word_1_493' title='bbox 1875 3286 2030 3338; x_wconf 83' lang='lat' dir='ltr'>conju-</span> 
     </span>
     <span class='ocr_line' id='line_1_99' title="bbox 1137 3348 2025 3406; baseline -0.014 -7"><span class='ocrx_word' id='word_1_494' title='bbox 1137 3359 1266 3406; x_wconf 85' lang='lat' dir='ltr'>ratio,</span> <span class='ocrx_word' id='word_1_495' title='bbox 1296 3359 1457 3398; x_wconf 86' lang='lat' dir='ltr'>bellum</span> <span class='ocrx_word' id='word_1_496' title='bbox 1489 3353 1780 3405; x_wconf 86' lang='lat' dir='ltr'>Sardanapalo</span> <span class='ocrx_word' id='word_1_497' title='bbox 1811 3348 2025 3399; x_wconf 88' lang='lat' dir='ltr'>infertur;</span> 
     </span>
     <span class='ocr_line' id='line_1_100' title="bbox 1138 3415 2024 3476; baseline -0.015 -12"><span class='ocrx_word' id='word_1_498' title='bbox 1138 3435 1225 3476; x_wconf 88' lang='lat' dir='ltr'>quo</span> <span class='ocrx_word' id='word_1_499' title='bbox 1246 3423 1319 3462; x_wconf 89' lang='lat' dir='ltr'>ille</span> <span class='ocrx_word' id='word_1_500' title='bbox 1352 3421 1516 3470; x_wconf 89' lang='lat' dir='ltr'>audito,</span> <span class='ocrx_word' id='word_1_501' title='bbox 1544 3430 1645 3468; x_wconf 90' lang='lat' dir='ltr'>non,</span> <span class='ocrx_word' id='word_1_502' title='bbox 1674 3422 1721 3456; x_wconf 88' lang='lat' dir='ltr'>ut</span> <span class='ocrx_word' id='word_1_503' title='bbox 1744 3415 1822 3465; x_wconf 89' lang='lat' dir='ltr'>vir,</span> <span class='ocrx_word' id='word_1_504' title='bbox 1843 3425 2024 3465; x_wconf 88' lang='lat' dir='ltr'>regnum</span> 
     </span>
     <span class='ocr_line' id='line_1_101' title="bbox 1139 3478 2025 3535; baseline -0.017 -7"><span class='ocrx_word' id='word_1_505' title='bbox 1139 3486 1408 3535; x_wconf 84' lang='lat' dir='ltr'>defensurus,</span> <span class='ocrx_word' id='word_1_506' title='bbox 1427 3484 1503 3524; x_wconf 89' lang='lat' dir='ltr'>sed</span> <span class='ocrx_word' id='word_1_507' title='bbox 1535 3488 1653 3522; x_wconf 90' lang='lat' dir='ltr'>metu</span> <span class='ocrx_word' id='word_1_508' title='bbox 1683 3478 1849 3528; x_wconf 81' lang='lat' dir='ltr'>mortis,</span> <span class='ocrx_word' id='word_1_509' title='bbox 1868 3483 1916 3516; x_wconf 89' lang='lat' dir='ltr'>ut</span> <span class='ocrx_word' id='word_1_510' title='bbox 1935 3489 2025 3515; x_wconf 85' lang='lat' dir='ltr'>mu-</span> 
     </span>
     <span class='ocr_line' id='line_1_102' title="bbox 1136 3540 2023 3599; baseline -0.016 -9"><span class='ocrx_word' id='word_1_511' title='bbox 1136 3550 1264 3591; x_wconf 89' lang='lat' dir='ltr'>lieres</span> <span class='ocrx_word' id='word_1_512' title='bbox 1285 3550 1437 3599; x_wconf 85' lang='lat' dir='ltr'>solent,</span> <span class='ocrx_word' id='word_1_513' title='bbox 1471 3545 1608 3597; x_wconf 87' lang='lat' dir='ltr'>primo</span> <span class='ocrx_word' id='word_1_514' title='bbox 1634 3542 1824 3584; x_wconf 82' lang='lat' dir='ltr'>latebras</span> <span class='ocrx_word' id='word_1_515' title='bbox 1844 3540 2023 3583; x_wconf 77' lang='lat' dir='ltr'>circum.</span> 
     </span>
    </p>
   </div>
  </div>
 </body>
</html>
