2320 4004
579 327 840 366 VALERn
882 314 1639 368 MAX1M11n3.v.cAP.3.

194 447 452 500 scriptorum
490 458 666 487 numero
700 451 831 495 esset,
864 444 1075 484 adductus

194 511 470 558 verecundia,
498 511 610 563 quod
628 522 726 550 enm
746 515 911 563 patrem
931 508 1075 560 appel·

192 577 285 616 lare
310 580 610 624 consueverat,
628 579 673 614 et
687 573 800 626 quod
815 574 907 626 ejus
921 585 1002 625 ope
1020 573 1074 613 ad

191 639 235 679 id
265 639 469 691 potentiae
501 637 798 691 pervenisset3
830 637 906 677 sed
936 637 1075 677 victus

191 703 367 743 tandem
398 702 613 743 obstinata
645 702 768 742 nimis
798 701 979 742 Antonii
1007 713 1076 741 vo·

193 767 375 818 mutate,
408 767 478 820 qui
512 767 761 807 Ciceronem
792 779 878 818 prae
909 766 1076 805 caeteris

191 845 320 873 unum
331 832 612 885 deposcebat,
626 839 804 885 propter
814 832 1078 884 Philippicas

191 896 235 936 in
273 908 370 937 enm
407 897 605 949 scriptas.
669 896 792 936 Unde
829 896 1076 937 juvenalis:

190 960 203 983 ‘
222 958 385 1000 Antoni
416 960 580 1011 gladios
611 961 752 1011 potuit
786 967 1077 1006 contemnere,

193 1021 227 1061 si
245 1023 311 1063 sic.
327 1023 484 1063 Omnia
513 1022 722 1064 dixisset!
775 1025 890 1076 Ergo
919 1023 1078 1064 cedere

191 1092 366 1127 coactus
381 1093 446 1128 est
461 1087 640 1138 Cicero;
660 1087 733 1128 ubi
746 1088 962 1129 intellexit
979 1101 1077 1141 quae

191 1149 308 1190 facta
335 1157 474 1201 erant,
500 1164 585 1192 nna
614 1165 710 1192 cum
750 1152 912 1195 Quinto
940 1151 1078 1194 fratre

194 1213 246 1252 ad
259 1213 438 1253 Brutum
460 1215 503 1254 in
523 1215 822 1258 Macedoniam
839 1216 902 1256 ire
923 1217 1079 1258 consti-

191 1277 297 1326 tuit;
313 1275 451 1318 frater
460 1291 561 1319 vero
574 1280 646 1332 qui
657 1293 841 1321 moerore
856 1280 1078 1322 confectus

189 1353 275 1381 non
295 1337 340 1381 se
355 1343 459 1382 satis
471 1344 618 1384 viatici
631 1346 862 1398 sumpsisse
877 1346 1080 1398 putabat,

190 1405 360 1447 domum
382 1419 592 1460 reversus,
612 1415 660 1449 ut
688 1418 869 1463 accepta
895 1413 1081 1463 pecunia

192 1469 444 1512 Ciceronem
464 1479 816 1525 consequeretur,
833 1475 1029 1527 proditus
1054 1489 1081 1517 a

194 1538 344 1588 servis,
365 1549 450 1577 una
468 1549 564 1577 cum
591 1536 679 1577 filio
706 1538 961 1579 interfectus
994 1543 1079 1580 est.

192 1601 344 1642 Cicero
371 1614 474 1642 vero
493 1603 592 1642 dnm
612 1603 664 1642 ad
687 1615 838 1644 navem
859 1604 901 1643 in
920 1605 1080 1645 lectica

190 1663 445 1715 deferretur,
464 1677 489 1704 a
517 1665 776 1706 satellitibus
804 1666 1078 1720 Antonianis,

190 1740 296 1781 quos
325 1728 521 1779 Popilius
552 1729 624 1769 ille
645 1730 844 1783 ducebat,
864 1744 1006 1785 quem,
1029 1738 1079 1774 ut

189 1791 389 1843 diximus,
401 1792 554 1845 Cice-ro
567 1793 608 1832 in
623 1793 788 1845 judicio
805 1794 1079 1850 defenderat,

188 1855 233 1896 in
248 1855 401 1896 itinere
422 1855 689 1910 interceptus
703 1859 907 1909 est,baud
926 1862 1078 1912 procul

187 1931 212 1959 a
238 1923 368 1971 portu
390 1918 572 1972 Cajetae,
587 1921 661 1973 qui
677 1922 866 1975 Popilio,
880 1924 1078 1976 jugulum

189 1982 284 2035 ejus
319 1985 529 2036 poscenti,
574 1997 671 2026 cum
709 1986 885 2028 barbam
922 1988 1079 2031 dextra

188 2046 307 2098 prius
326 2047 587 2100 divulsisset,
618 2048 743 2090 fortis
769 2056 816 2091 et
835 2051 1075 2106 intrepidus

190 2111 398 2162 porrexit.
454 2112 676 2154 Juvenalis
698 2119 843 2156 tamen
864 2116 972 2158 dicit
991 2130 1077 2158 non

188 2179 318 2225 eaput
332 2175 484 2227 solum,
497 2176 572 2216 sed
588 2177 719 2217 etiam
733 2192 900 2220 manum
918 2182 1078 2223 abscis-

189 2249 277 2276 sam
307 2235 442 2278 fuisse
474 2240 687 2282 Ciceroni.
742 2243 861 2284 Dicit
890 2245 1003 2285 enim
1031 2248 1078 2286 in

188 2300 344 2353 Satyra
365 2313 409 2342 Χ.
438 2303 451 2325 ‘
467 2303 648 2356 Ingenio
668 2318 816 2347 manus
836 2315 904 2349 est
923 2316 968 2349 et
988 2323 1078 2350 ccr-

189 2364 261 2403 vix
282 2377 407 2416 caesa,
436 2378 518 2406 nec
539 2380 723 2420 unquam
742 2370 960 2423 Sanguine
979 2386 1078 2414 cau·

190 2427 315 2468 sidici
331 2429 589 2471 maduerunt
602 2439 743 2473 rostra
760 2435 934 2486 pusilli.'
970 2437 1077 2477 Bru-

189 2496 260 2531 tus
291 2503 406 2539 vero,
432 2494 578 2535 audita
597 2495 818 2537 Ciceronis
844 2505 999 2551 morte,
1025 2501 1076 2542 C.

189 2552 439 2604 Antonium,
454 2557 518 2596 Μ.
540 2557 718 2600 Antonii
735 2560 933 2612 fratrem,
950 2577 1077 2617 quem

188 2620 408 2670 captivum
440 2621 644 2673 habebat,
679 2624 879 2666 Ciceroni
905 2627 991 2668 filio
1022 2629 1075 2669 ad

192 2682 423 2724 vindictam
445 2687 674 2727 concessit.
710 2689 861 2730 Oliver.

215 2781 217 2783 .
241 2747 422 2800 Picenoe]
449 2750 584 2802 Regio
614 2751 756 2792 Italiae
789 2760 905 2795 trans
934 2755 1079 2809 Apen-

187 2809 350 2862 ninum,
386 2812 439 2852 ab
478 2813 582 2865 ipsis
613 2816 828 2857 montibus
858 2831 991 2871 nsque
1022 2820 1076 2860 ad

187 2885 305 2914 mare
324 2874 593 2917 Adriaticum
612 2884 808 2933 extensa,
822 2882 937 2923 inter
956 2884 1077 2925 AEsin

187 2942 234 2977 et
266 2939 492 2980 Leastrum
522 2939 688 2994 fluvios,
720 2950 833 2986 teste
864 2946 1077 2988 Strabone

187 2998 265 3041 lib.
285 3012 331 3042 v.

241 3064 306 3103 M.
330 3064 463 3117 Coelii]
493 3066 578 3110 Qui
611 3069 924 3113 amantissimus
954 3075 1077 3117 Cice-

188 3129 302 3169 ronis
323 3136 434 3171 erat.

242 3191 326 3232 Hic
345 3193 547 3246 Popilius]
574 3195 646 3236 Sic
660 3201 706 3238 et
725 3199 896 3253 reliqui.
951 3202 1076 3244 Solus

188 3251 450 3297 Plutarchus
464 3259 736 3300 homicidium
756 3263 836 3304 hoc
857 3265 1076 3308 Herennio

190 3324 431 3366 centurioni
450 3326 674 3367 adtribuit.
707 3329 833 3370 Coler.

247 3385 443 3439 cajetam]
472 3391 553 3430 Est
572 3391 663 3431 haec
677 3393 779 3433 urbs
798 3406 882 3435 non
903 3395 1031 3448 longe
1052 3409 1077 3436 a

191 3447 358 3500 Bajano
378 3450 488 3491 sinu.

241 3509 459 3563 Dextram]
473 3514 579 3555 Ideo
597 3517 796 3560 dextram
812 3525 1074 3572 amputatam

191 3572 245 3612 ad
256 3572 486 3618 Antonium
501 3580 661 3632 attulit,
673 3583 787 3634 quod
800 3596 852 3624 ea
864 3584 1075 3637 Philippi-

1882 316 2021 369 1181

1140 456 1208 484 cas
1221 445 1468 497 scripserat.
1491 444 1704 486 Antonius
1718 450 1848 497 caput
1864 451 1908 486 et
1922 446 2024 487 dex-

1140 515 1251 548 tram
1269 522 1348 561 pro
1369 510 1519 550 rostris
1541 508 1657 562 affigi
1667 509 1811 562 jussit.
1842 511 1949 552 Bad.

1192 573 1392 624 Tanquam
1430 573 1568 624 opimis
1605 573 1760 626 spoliis]
1805 575 2026 627 Tanquam

1139 634 1226 674 dux
1242 636 1393 675 ducem
1415 637 1657 678 cecidisset.

1196 700 1219 751 ξ
1249 704 1272 738 5
1306 699 1393 745 Quo
1409 703 1447 739 te
1466 713 1566 740 mmc
1580 702 1811 754 modo,&c.]
1826 703 2030 755 Pompei-

1141 772 1191 802 us
1227 763 1401 813 Strabo,
1447 764 1596 815 Magni
1638 766 1836 818 Pompeii
1885 773 2028 819 pater,

1143 828 1298 869 Latino
1336 827 1449 867 bello
1482 827 1570 867 dux
1608 831 1839 882 exercitus,
1866 837 2029 883 praeter

1143 893 1227 932 alia
1247 891 1409 943 oppida
1436 892 1560 943 cepit
1578 898 1623 931 et
1642 892 1864 946 Asculum,
1896 901 2028 947 atque

1142 954 1344 1007 diripuit.
1379 954 1553 994 Deinde
1575 961 1673 1007 post
1694 957 1858 1010 aliquot
1876 970 2028 1010 annos,

1143 1031 1195 1059 eo
1213 1024 1400 1070 mortuo,
1430 1018 1664 1071 Pompeius
1699 1026 1926 1062 accusatus
1959 1031 2028 1063 est

1142 1086 1387 1138 peculatus,
1415 1097 1466 1126 eo
1494 1087 1609 1138 quod
1636 1087 1923 1139 expendendo
1944 1088 2029 1128 sibi

1142 1148 1303 1201 aliquid
1323 1156 1570 1201 usurpasset
1586 1156 1725 1201 pater.
1774 1149 2031 1192 Afferebant

1143 1212 1307 1265 aliquos
1328 1212 1513 1266 libellos,
1533 1215 1606 1267 qui
1626 1214 1746 1255 missi
1767 1214 1937 1255 fuerant
1957 1216 2031 1256 do-

1141 1289 1257 1316 mum
1272 1277 1515 1319 Strabonis.
1572 1278 1625 1319 Iu
1647 1292 1698 1320 eo
1713 1280 1882 1332 judicio
1902 1281 2028 1327 aCn.

1144 1341 1341 1382 Carbone
1359 1341 1558 1383 defensus
1573 1348 1639 1383 est
1653 1357 1665 1393 ;
1696 1349 1742 1385 et
1756 1343 1851 1396 ipse
1865 1343 2031 1396 pariter

1144 1405 1252 1446 adeo
1285 1408 1533 1460 perspicax,
1571 1415 1618 1449 et
1654 1415 1816 1461 praeter
1853 1414 2031 1450 aetatem

1142 1475 1368 1522 promptus
1386 1470 1502 1511 visus
1541 1476 1623 1524 est,
1661 1477 1711 1512 ut
1732 1472 1835 1513 inde
1852 1472 2030 1524 gloriam

1142 1533 1576 1588 benevolentiamque
1613 1537 1793 1577 multam
1834 1542 2031 1589 reporta·

1142 1603 1225 1640 ret.
1282 1599 1448 1639 Postea
1480 1612 1598 1652 vero,
1637 1613 1733 1641 cum
1766 1601 1884 1654 Sylla
1919 1614 2031 1643 rem-

1141 1661 1262 1713 publ.
1276 1670 1546 1715 occupasset,
1556 1665 1809 1716 Pompeium
1823 1665 2029 1706 adversus

1142 1725 1398 1778 Carbonem,
1429 1728 1500 1780 qui
1530 1729 1669 1769 classe
1690 1729 1881 1770 Siciliam
1901 1742 2030 1770 occu-

1141 1795 1340 1842 paverat,
1376 1803 1473 1831 cum
1506 1793 1702 1833 exercitu
1730 1793 1876 1844 misit;
1905 1806 2031 1847 quem

1141 1859 1408 1907 superatum,
1439 1867 1538 1896 cum
1565 1868 1612 1896 se
1642 1856 1855 1909 Pompeio
1875 1857 2032 1898 victori

1141 1919 1329 1971 supplex
1348 1919 1601 1973 subjiceret,
1619 1920 1778 1962 dicitur
1796 1921 2032 1973 Pompeius

1140 1994 1239 2022 eum
1294 1983 1465 2035 ingrate
1524 1985 1650 2025 nimis
1709 1990 1755 2026 et
1797 1986 2033 2026 crudeliter

1138 2050 1380 2098 tractasse3
1428 2060 1525 2088 nam
1558 2049 1692 2089 illum
1731 2048 1894 2090 victum
1931 2061 2032 2102 pro-

1139 2108 1267 2151 duxit
1300 2110 1346 2150 in
1380 2111 1585 2166 medium,
1622 2119 1669 2154 et
1706 2125 1785 2166 pro
1824 2113 2032 2155 tribunali

1138 2173 1308 2226 sedens,
1332 2174 1576 2227 damnavit3
1608 2176 1857 2218 damnatum
1873 2177 2031 2217 deinde

1140 2237 1195 2277 ad
1216 2250 1367 2279 necem
1390 2245 1658 2292 pertractum
1688 2241 1873 2283 interfici
1883 2243 2030 2294 jussit.

1139 2303 1316 2343 Dicitur
1353 2303 1435 2345 iste
1475 2305 1622 2346 Carbo
1658 2319 1757 2347 cum
1795 2307 1849 2348 ad
1882 2319 2031 2347 necem

1139 2364 1386 2419 duceretur,
1419 2373 1469 2408 ut
1498 2380 1646 2409 ensem
1674 2371 1873 2412 strictum
1893 2371 2031 2411 immi-

1139 2441 1245 2470 nere
1285 2431 1408 2483 vidit,
1440 2434 1682 2485 cupiditate
1714 2435 1814 2475 vitae
1845 2447 2030 2475 commo·

1141 2499 1248 2547 tum,
1291 2495 1433 2536 locum
1481 2502 1527 2537 et
1571 2497 1717 2538 horam
1775 2499 2029 2551 perbrevem

1140 2569 1303 2610 orasse,
1353 2558 1571 2612 tantisper
1622 2561 1722 2602 dum
1770 2569 2031 2603 exoneraret

1141 2629 1350 2663 ventrem.
1409 2625 1480 2664 De
1496 2625 1577 2664 hoc
1598 2625 1799 2666 Carbone
1815 2626 1968 2668 Cicero
1986 2627 2029 2666 in

1141 2686 1352 2738 Epistolis
1371 2688 1669 2729 Familiaribus
1692 2689 1768 2729 lib.
1803 2700 1874 2730 lx·
1903 2690 2030 2741 Epis·

1141 2751 1231 2790 tola
1248 2763 1344 2803 quae
1365 2751 1544 2804 incipit:
1577 2753 1790 2794 ‘Tandem
1826 2752 2031 2794 infamia.’

1141 2814 1153 2835 ‘
1171 2815 1510 2868 Cognoscimus,'
1542 2816 1695 2869 inquit,
1720 2817 1732 2838 ‘
1752 2817 1831 2857 Cn.
1869 2817 2029 2857 Carbo-

1139 2893 1253 2933 nem,
1287 2886 1333 2921 et
1351 2880 1532 2922 fratrem
1552 2882 1647 2934 ejus
1670 2882 1894 2936 Scurmm,
1927 2882 2028 2934 quid

1138 2945 1206 2985 his
1222 2945 1493 2997 improbius?
1525 2946 1581 2986 Et
1603 2947 1732 2998 paulo
1746 2953 1870 2999 post:
1898 2945 1912 2968 ‘
1931 2947 2030 2986 Hoc

1140 3010 1214 3061 qui
1234 3022 1259 3049 a
1277 3010 1489 3062 Pompeio
1503 3017 1652 3052 nostro
1668 3009 1929 3051 interfectus
1946 3017 2030 3059 est,

1139 3085 1264 3114 nemo
1298 3075 1533 3128 improbior
1587 3089 1682 3116 meo
1713 3076 1879 3128 judicio
1915 3073 2030 3114 fuit.'

1143 3138 1296 3178 Oliver.
1451 3140 1454 3144 ’

1197 3201 1294 3241 Tam
1309 3201 1468 3253 ingrato
1475 3201 1610 3253 sacto]
1643 3202 1754 3242 Nam
1774 3202 1806 3241 si
1829 3200 2028 3241 occiden-

1140 3262 1196 3304 do
1227 3266 1472 3307 Carbonem
1510 3275 1606 3306 tuas
1665 3266 1777 3306 vires
1816 3266 2029 3315 auxisses,

1139 3330 1409 3373 tolerandum
1439 3338 1568 3373 esset.

1191 3395 1306 3435 Ex'r.
1354 3398 1377 3448 ᾧ
1421 3400 1442 3436 l
1495 3395 1862 3445 Carthaginienses]
1916 3394 2023 3432 Cum

1138 3456 1324 3498 Annibal
1358 3464 1423 3499 tot
1459 3459 1651 3498 victoriis
1691 3458 1874 3509 patriam
1908 3457 2027 3495 illus-

1138 3526 1315 3572 trasset,
1345 3527 1489 3562 tamen
1515 3521 1633 3560 illum
1654 3527 1699 3560 et
1720 3520 1925 3560 Romanis
1955 3533 2023 3560 ac—

1138 3589 1359 3636 cusarunt,
1409 3591 1611 3637 tanquam
1655 3583 1802 3625 violati
1847 3582 2022 3624 foederis
