2332 4036
530 291 787 332 VALERH
832 291 1074 330 MAXIM!
1119 291 1241 330 ms.
1271 291 1310 329 1.
1349 292 1484 330 c-AP.
1511 279 1562 330 1.

131 415 361 460 foederatio
401 412 485 453 vim
517 412 723 464 majorem
757 418 903 464 posset
940 412 1011 451 ha·

131 481 251 531 bere,
285 490 331 520 se
367 477 554 519 contulit
579 477 622 516 in
659 475 907 527 AEgyptum,
938 475 1010 514 ubi

131 547 284 595 captus
303 546 371 582 est
390 539 604 581 illecebris
625 539 871 591 Cleopatrae
900 538 1011 591 regi-

132 617 218 656 um,
234 604 406 648 divortii
426 603 616 644 libellum
634 604 763 654 paulo
779 607 878 655 post
896 602 1012 643 misit

132 668 346 711 Octaviae.
400 668 496 710 Qua
513 679 559 707 re
578 666 826 719 indignatus
844 666 1011 718 Augus-

130 738 214 784 tus,
250 732 407 774 bellum
443 730 590 771 intulit
627 729 845 780 Antonio;
884 743 1011 784 quem

131 807 230 838 cum
267 796 502 846 Cleopatra
537 793 679 835 navali
708 793 859 846 praelio
893 793 1011 846 apud

130 857 375 901 Leucadem
405 857 646 898 Ambraciae
674 858 1013 910 promontorium

131 922 369 974 superavit.
401 920 535 972 Cujus
553 921 688 961 cladis
701 927 892 974 acceptae
911 934 1012 962 cau-

132 998 222 1028 sam
251 987 364 1027 illam
391 983 528 1025 fuisse
547 984 711 1036 dicunt,
736 985 852 1037 quod
875 984 1011 1025 Anto·

130 1050 226 1090 nius
265 1046 519 1102 praefectum
549 1047 761 1101 quendam
791 1049 835 1088 in
868 1049 1010 1088 lucum

133 1111 379 1165 AEscuiapio
398 1116 693 1163 consecratum
709 1111 764 1152 ad
785 1113 897 1163 ligna
917 1120 1012 1152 suc·

131 1176 318 1218 eluenda
341 1175 509 1216 navium
529 1174 892 1216 conficiendarum
916 1188 1011 1227 gra-

130 1240 192 1281 tia
210 1240 395 1280 misisset
408 1256 419 1288 3
434 1251 530 1279 nam
549 1252 671 1280 casus
687 1240 749 1280 ita
764 1241 876 1291 tulit,
894 1246 942 1281 ut
962 1253 1012 1280 eo

131 1304 227 1357 ipso
249 1310 444 1356 tempure
465 1316 550 1357 quo
575 1304 693 1356 ligna
713 1304 1013 1353 caedebantur,

132 1366 313 1407 Antonii
333 1372 476 1419 partes
495 1366 846 1418 devincerentur,
858 1367 932 1407 ubi
951 1369 1013 1407 lu-

134 1443 232 1471 cum
250 1430 459 1472 caedendo
473 1430 724 1471 violaverat.
757 1431 905 1471 Oliver.

186 1487 453 1546 AEscnlupius]
467 1494 700 1534 Medicina?
716 1494 1013 1546 praeseuideo-

134 1571 219 1611 qne
234 1557 446 1611 Apollinis
464 1557 593 1598 filins·
662 1557 779 1597 Hinc
808 1564 853 1597 et
874 1557 928 1597 ob
952 1559 1013 1597 vi-

131 1622 368 1674 gilantiam,
386 1632 482 1673 quae
510 1620 555 1660 in
574 1620 750 1660 Medico
770 1621 1015 1673 requiritur,

131 1686 268 1737 gallus
293 1685 334 1725 ei
365 1696 487 1725 sacer
513 1683 611 1724 fuit.
667 1684 796 1724 Unde
823 1692 870 1724 et
895 1685 1012 1724 canis

131 1749 336 1790 uberibus
381 1749 492 1789 altus
539 1748 810 1795 credebatur.
884 1747 1012 1790 Quod

131 1827 310 1868 serpens
347 1813 487 1855 eidem
517 1827 641 1855 sacer
678 1814 828 1866 fuerit,
864 1815 936 1868 qui
968 1814 1011 1854 in

132 1891 180 1919 se
201 1878 375 1928 rediret,
392 1890 444 1918 eo
463 1878 696 1918 innuerunt
711 1890 894 1918 annuam
916 1878 1013 1918 coeli

132 1941 453 1982 conversionem
484 1947 614 1993 atque
661 1940 772 1981 aeris
812 1942 1012 1982 mutatio·

130 2016 247 2056 nem,
283 2016 397 2057 quae,
429 2009 479 2043 ut
516 2003 635 2043 varia
665 2002 821 2045 effecta
849 2005 1013 2045 miseris

130 2066 381 2108 mortalibus
425 2067 727 2118 communicat,
772 2068 834 2108 ita
880 2069 1012 2121 periti

130 2130 296 2171 Medici
312 2136 382 2171 est
399 2136 611 2170 avertere.
669 2131 906 2172 Pausanias
926 2137 1012 2173 tra-

133 2193 198 2232 dit
220 2193 481 2239 immolatam
510 2193 647 2233 eidem
669 2193 803 2235 fuisse
822 2208 1013 2249 capram,

132 2256 248 2297 forte
265 2257 376 2310 quod
397 2255 511 2296 febri
529 2257 642 2296 illam
663 2270 833 2310 semper
852 2260 1011 2311 corripi

134 2319 316 2360 Naturae
353 2319 482 2372 periti
505 2321 695 2362 tradant.
752 2322 856 2374 Ejus
887 2323 1013 2365 simu-

131 2382 324 2423 lachrum
350 2381 594 2433 barbatum,
631 2384 767 2435 patris
802 2397 906 2424 vero
934 2386 1012 2425 im-

132 2444 286 2496 berbe,
303 2445 456 2485 merito
483 2445 599 2485 ridet
615 2445 913 2488 festivissimus
932 2450 1014 2489 Lu-

135 2507 281 2549 cianus
296 2508 340 2548 in
361 2508 473 2550 Jove
490 2508 718 2560 Tragoedo.

189 2573 225 2611 A
259 2571 433 2612 strumo
467 2572 671 2624 praesecto]
706 2572 811 2624 Alii,
849 2574 1013 2616 Tur-ilio.

132 2634 370 2675 Turullium
399 2635 532 2675 etiam
563 2640 720 2676 vocant
748 2637 853 2676 Mss.
884 2638 1013 2679 Codi-

133 2709 222 2749 ces,
259 2703 306 2738 et
332 2698 448 2739 Dion
477 2698 647 2739 Cassius
677 2699 842 2740 Histor.
872 2700 944 2742 lib.
962 2712 1014 2741 11.
1045 2703 1047 2705 ’

132 2761 188 2801 Ρ.
211 2761 441 2812 Rutilium,
461 2761 653 2804 referens
680 2763 829 2804 eadem
851 2769 897 2804 et
915 2777 1012 2818 quae

132 2825 186 2866 ad
206 2826 505 2867 illustrandum
525 2828 603 2868 hoc
620 2828 865 2880 exemplum
885 2830 1014 2881 perti-

133 2895 239 2930 nent
255 2902 268 2940 ς
283 2901 439 2942 nempe
450 2891 566 2930 inter
579 2892 762 2932 Caesaris
777 2893 1011 2933 Dictatoris

133 2963 406 3004 percussores
418 2954 720 3007 proscriptum,
733 2962 885 3007 postea
899 2957 1013 2998 bello

134 3014 317 3056 Actiaco
344 3017 539 3068 partibus
569 3017 745 3058 Antonii
769 3019 1014 3072 adhaesisse,

134 3086 180 3118 et
199 3078 254 3118 ab
281 3078 433 3120 eodem
458 3080 550 3132 jam
585 3081 716 3133 victo,
751 3086 796 3122 et
828 3084 1012 3135 gratiam

132 3140 306 3182 sibimet
324 3142 542 3184 ambiente
571 3145 782 3196 proditum
809 3159 859 3187 ac
880 3148 1014 3189 tradi-

135 3208 227 3243 tum
245 3202 443 3256 Augusto
460 3204 608 3258 fuisse,
634 3209 810 3260 eiusque
827 3211 949 3260 jussu
969 3199 1012 3251 iu

134 3264 271 3306 insula
289 3266 369 3318 Co,
395 3268 466 3307 ubi
485 3269 625 3309 lucum
655 3272 886 3325 AEsculapii
908 3275 1015 3314 clas·

134 3329 193 3369 sis
212 3330 415 3380 parandae
435 3344 586 3372 caussa
613 3335 872 3388 succiderat,
895 3339 1015 3378 velut

135 3389 177 3430 in
194 3392 429 3434 vindictam
450 3397 631 3437 numinis
656 3398 845 3439 occisum
865 3399 1014 3442 fuisse.

137 3453 286 3495 Scribe
306 3457 438 3507 igitur
450 3460 492 3498 in
509 3461 698 3512 Valerio,
715 3464 856 3503 eumin
873 3465 1013 3518 lucum,

140 3526 234 3568 pro,
255 3531 341 3558 eum
366 3520 408 3560 in
431 3522 568 3563 locum.
623 3522 767 3577 Atque
787 3538 901 3578 mox,
921 3528 1015 3579 effe-

246 3583 389 3636 Delph.
404 3591 442 3627 et
468 3587 563 3629 Var.
582 3591 691 3630 Clas.

931 3595 1020 3636 Val.
1039 3597 1157 3637 IlIax.

1851 280 1960 332 929

1074 411 1205 463 citque
1227 410 1354 461 Deus,
1373 414 1434 461 ut,
1454 422 1546 462 pro,
1561 411 1768 464 effecitque
1788 416 1844 452 ut.
1889 414 1961 455 Ita

1075 475 1187 514 enim
1207 475 1356 515 volunt
1375 481 1546 515 veteres
1562 475 1674 515 libri.
1708 477 1831 526 Pigh.

1128 536 1270 577 Adhuc
1283 538 1574 590 superantibus]
1601 537 1654 579 Id
1673 546 1757 587 est,
1773 541 1961 581 extanti-

1075 599 1171 654 bus,
1200 601 1502 653 impunitatem
1535 603 1767 644 consimilis
1793 603 1961 656 injuriae

1075 676 1130 705 ne
1148 672 1418 718 evertantur,
1436 668 1621 719 peperit.
1653 668 1821 708 Badius.

1130 730 1153 781 ξ
1182 732 1234 770 20
1267 730 1442 774 Quintus
1455 735 1586 772 autem
1598 731 1638 771 F
1637 732 1763 771 ulvius
1774 733 1962 784 Flaccus]

1075 790 1368 833 Abbreviator
1385 794 1520 835 Livii:
1556 794 1568 816 ‘
1585 794 1788 846 Fulvius‚’
1809 795 1964 848 inquit,

1074 855 1282 897 ‘Flaccus
1322 858 1487 898 Censor
1529 860 1736 911 templum
1779 859 1964 900 Junonis

1077 919 1266 960 Laciniae
1287 920 1445 972 tegulis
1477 924 1725 963 marmoreis
1745 923 1963 975 spoliavit,

1075 989 1125 1023 ut
1144 983 1280 1024 aedem
1302 996 1429 1037 quam
1455 985 1738 1027 dedicaverat
1766 986 1965 1038 tegeret!

1075 1049 1218 1100 Hujus
1253 1048 1338 1089 fuit
1375 1062 1484 1089 uxor
1522 1050 1725 1102 Sulpitia,
1762 1064 1874 1103 quae,
1914 1057 1962 1092 ut

1075 1113 1238 1154 Nasica
1259 1112 1430 1165 judicio
1458 1114 1645 1154 Senatus
1667 1114 1854 1154 omnium
1887 1127 1966 1166 op-

1077 1176 1220 1228 timus,
1236 1177 1296 1217 sic
1318 1182 1610 1217 matronarum
1637 1178 1854 1217 sententia
1875 1190 1962 1217 om-

1075 1240 1192 1280 nium
1213 1241 1447 1281 castissima
1458 1241 1657 1293 judicata
1675 1240 1770 1282 fuit.
1804 1242 1953 1283 out-er.

1129 1308 1152 1343 5
1184 1304 1370 1356 Tegula-s]
1397 1305 1605 1346 Quaerere
1624 1305 1774 1357 libeat,
1792 1318 1869 1346 cur
1889 1318 1962 1346 eas

1079 1367 1243 1417 tegulas
1262 1367 1534 1407 transtulerit
1563 1367 1752 1408 Fulvius.
1812 1368 1962 1409 Ratio-

1077 1441 1173 1469 nem
1194 1429 1339 1470 reddit
1355 1430 1547 1481 Scrvius,
1567 1431 1639 1472 ubi
1654 1432 1709 1472 de
1729 1434 1898 1472 nomine
1919 1440 1963 1473 et

1077 1493 1237 1545 templo
1263 1493 1446 1535 Junonis
1470 1495 1659 1535 Laciniae
1684 1496 1850 1537 AEneid.
1886 1509 1961 1537 lu.

1074 1555 1086 1577 ‘
1103 1555 1156 1595 Iu
1183 1555 1265 1596 hoc
1297 1558 1460 1609 templo
1487 1558 1592 1598 illud
1612 1559 1806 1600 miraculi
1828 1559 1961 1600 fuisse

1076 1619 1251 1670 dicitur,
1271 1625 1318 1659 ut
1338 1620 1373 1659 si
1391 1621 1486 1672 quis
1503 1620 1618 1661 ferro
1633 1623 1675 1662 iu
1692 1625 1841 1675 tegula
1856 1630 1962 1665 tem-

1077 1683 1138 1734 pli
1170 1682 1301 1734 ipsius
1331 1695 1485 1723 nomen
1520 1685 1750 1738 incideret,
1796 1689 1960 1728 tamdiu

1074 1746 1149 1785 illa
1185 1746 1405 1797 scriptura
1440 1755 1651 1802 maneret,
1687 1753 1892 1803 quamdiu
1931 1753 1966 1791 is

1073 1809 1200 1849 homo
1237 1809 1419 1863 viveret,
1453 1813 1527 1864 qui
1564 1814 1668 1855 illud
1708 1815 1965 1856 incidisset.'

1079 1876 1208 1918 Celer.

1128 1939 1318 1991 Junonis]
1353 1939 1416 1980 Ut
1453 1940 1682 1993 plurimum
1720 1943 1837 1984 Juno
1866 1956 1963 1986 cum

1076 2004 1197 2044 Luna
1218 2004 1512 2058 confunditur,
1531 2020 1627 2060 quae
1649 2014 1695 2048 et
1713 2008 1855 2049 Samia
1874 2009 1961 2050 die-

1075 2081 1136 2126 ta,
1175 2080 1378 2127 tanquam
1419 2076 1578 2115 :miv
1617 2060 1773 2124 nbxizl,
1808 2077 1851 2117 id
1882 2084 1963 2129 est,

1074 2139 1222 2178 Baulet
1255 2139 1497 2191 »St-hamam,
1533 2142 1624 2181 sive
1662 2142 1808 2193 regina
1850 2143 1963 2183 coeli.

1074 2202 1202 2242 Unde
1236 2208 1282 2243 et
1315 2202 1468 2252 Βῆλθης
1501 2205 1736 2258 Hesychia.
1795 2203 1960 2248 Eadem

1073 2267 1252 2318 Urania,
1290 2268 1504 2310 Coelestis.
1558 2270 1824 2322 Augustinus
1861 2283 1963 2311 eau-

1074 2330 1172 2370 dem
1192 2331 1335 2371 Paenis
1364 2331 1587 2373 Astartem
1622 2334 1765 2374 vocari
1795 2335 1960 2376 Qnaest.

1075 2404 1172 2432 xvr.
1206 2393 1259 2433 ad
1291 2394 1395 2435 Jud.
1429 2399 1495 2436 ll.
1528 2395 1725 2450 affirmat.
1781 2397 1852 2437 Ita
1888 2398 1962 2438 illa

1074 2456 1334 2507 πολυώνυμος.
1390 2457 1502 2498 Vide
1524 2465 1668 2499 tamen
1681 2459 1882 2500 Vossium
1901 2460 1957 2500 de

1076 2519 1190 2560 ldoL

1127 2582 1321 2635 Lacinioe]
1351 2583 1553 2626 Lacinius
1580 2585 1694 2625 latro
1725 2584 1811 2625 fuit
1839 2586 1960 2626 nobi-

1072 2645 1273 2693 lissimus,
1309 2648 1382 2700 qui
1415 2654 1611 2689 extrema
1638 2649 1780 2690 Italiae
1811 2651 1959 2690 multis

1073 2709 1310 2751 latrociniis
1332 2711 1583 2754 infestabat.
1643 2713 1772 2754 Hunc
1787 2713 1959 2754 Hercu-

1074 2773 1153 2822 les,
1172 2786 1270 2814 cum
1301 2776 1547 2828 occidisset,
1580 2778 1633 2817 ad
1669 2778 1959 2830 expiationem

1074 2835 1159 2875 loci
1175 2837 1546 2892 placationemque
1558 2840 1754 2892 Junonis,
1768 2853 1863 2893 quae
1879 2841 1958 2880 sibi

1073 2900 1184 2939 irata
1201 2899 1447 2954 dicebatur,
1476 2903 1516 2942 ei
1551 2905 1757 2955 templum
1787 2903 1960 2944 dedica·

1076 2962 1152 3010 vit,
1190 2967 1236 3002 et
1272 2976 1297 3002 a
1334 2966 1504 3004 nomine
1545 2967 1724 3007 latronis
1766 2968 1960 3007 Junonem

1073 3025 1278 3065 Lacinium
1294 3029 1544 3079 appellavit.
1562 3029 1770 3082 Virgilius
1788 3043 1799 3071 :
1821 3031 1958 3070 ‘Hinc

1074 3088 1190 3128 sinus
1212 3090 1438 3141 Herculei,
1458 3091 1493 3130 si
1511 3104 1614 3131 vera
1636 3082 1703 3132 est
1734 3092 1863 3145 fama,
1879 3095 1958 3133 Ta-

1075 3152 1189 3191 renti
1209 3152 1441 3192 Cernitur:
1475 3155 1632 3194 attollit
1664 3167 1710 3194 se
1731 3156 1849 3195 Diva
1877 3157 1957 3195 La-

1075 3213 1187 3253 cinia
1215 3215 1396 3254 contra!
1450 3217 1548 3256 Nisi
1581 3218 1756 3257 Lacinia
1788 3218 1960 3258 dicatur

1076 3289 1101 3316 a
1119 3278 1295 3317 Lacinio
1327 3281 1633 3330 promontorio.
1692 3280 1779 3320 Alii
1807 3281 1959 3322 dicunt

1075 3351 1100 3379 a
1133 3352 1236 3392 rege
1269 3341 1494 3383 conditore
1522 3343 1655 3383 fuisse
1689 3344 1955 3385 nominatum

1077 3405 1283 3454 templum
1330 3405 1468 3446 illud:
1517 3406 1570 3444 de
1625 3418 1710 3458 quo
1764 3406 1956 3447 diversas

1077 3468 1340 3518 scriptorum
1377 3468 1615 3508 sententias
1660 3469 1847 3522 invenio,
1880 3470 1953 3510 ubi

1077 3531 1205 3571 situm
1253 3532 1398 3572 fuerit.
1467 3533 1578 3572 Nam
1618 3533 1814 3573 Valerius
1857 3546 1953 3576 cum

1748 3602 1844 3640 3N
