2346 3996
571 278 831 318 VALERII
875 277 1118 317 MAXIMI
1162 281 1280 319 LIB.
1312 281 1393 320 VI.
1432 283 1565 321 CAP.
1587 269 1642 322 9.

189 398 296 440 nihil
315 396 495 450 amplius
512 396 659 437 intulit
671 395 862 447 ludibrii,
875 408 1001 448 quam
1024 401 1073 436 ut

191 468 387 516 torquem
401 473 577 501 aureum
593 472 722 500 unum
742 460 954 500 duntaxat
974 459 1071 499 abs-

189 525 355 566 tulerit.
412 524 530 564 Hinc
555 523 733 563 militari
763 535 934 563 suorum
968 535 1069 574 gau-

187 587 259 628 dio
279 600 331 628 ac
344 586 495 628 favore
513 594 653 627 ortum
665 586 874 638 Torquati
889 597 1066 626 nomen:

184 662 387 692 coronam
403 656 564 703 praeter
584 651 676 691 haec
692 663 862 691 auream
883 649 1070 690 dictator

181 715 246 755 illi
277 715 389 756 dono
423 715 546 756 dedit
581 715 635 756 ob
661 715 829 767 insigne
867 714 1066 756 virtutis:

184 784 354 819 tantum
370 778 556 832 denique
570 778 774 819 momenti
792 779 834 818 in
853 780 932 819 hoc
951 780 1067 819 duel-

181 843 225 883 lo
254 842 355 894 fuit,
394 850 442 883 ut
461 849 591 883 nocte
614 842 805 894 proxima
825 842 933 882 clam
965 842 1068 882 Gal-

181 907 321 947 lorum
342 907 559 948 exercitus
589 906 857 948 abscederet.
898 907 979 946 Vir
997 907 1066 947 hie

182 983 362 1022 magnus
389 970 433 1011 in
454 971 620 1023 primis,
657 976 706 1010 ut
742 971 804 1010 ait
826 970 994 1021 Cicero,
1022 979 1067 1011 et

182 1035 256 1087 qui
275 1034 503 1086 indulgens
521 1035 563 1073 in
584 1039 767 1086 patrem,
781 1033 894 1074 idem
908 1034 1066 1075 acerbe

180 1111 358 1140 severus
385 1100 428 1140 in
447 1099 596 1150 filium,
611 1112 757 1152 quem,
785 1100 897 1153 quod
911 1105 1065 1141 contra

179 1175 303 1204 suum
331 1163 520 1204 edictum
541 1170 800 1216 provocatus
821 1176 919 1203 cum
940 1164 1063 1204 hoste

176 1232 429 1280 pugnasset,
449 1228 641 1280 quamvis
681 1228 904 1277 victorem,
933 1229 1063 1281 jussit

174 1292 381 1345 interfici,
419 1293 535 1333 bello
573 1293 743 1345 Latino,
779 1294 892 1346 quod
931 1294 1062 1334 tertio

180 1356 273 1409 ejus
305 1358 528 1398 consulatu
569 1363 738 1409 gestum
767 1364 848 1408 est,
866 1370 949 1411 quo
977 1357 1061 1398 fusi

175 1420 362 1474 caesique
396 1421 542 1461 Latini
578 1419 716 1472 fuere,
756 1421 865 1461 adeo
905 1428 952 1462 ut
989 1421 1060 1461 vix

175 1496 276 1536 pars
290 1503 293 1506 ⁴
308 1489 459 1537 quarta
479 1483 741 1536 superfuerit
758 1498 770 1534 ;
800 1485 873 1525 ubi
893 1498 943 1525 ea
962 1497 1060 1525 con·

174 1549 274 1588 sulis
308 1549 441 1589 virtus
462 1547 559 1600 fuit,
584 1555 632 1589 nt
665 1555 837 1590 constet
869 1562 1060 1602 quacun-

175 1624 259 1665 que
285 1612 328 1652 in
349 1618 476 1664 parte
497 1613 584 1653 dux
613 1611 783 1662 fuisset,
804 1625 855 1653 eo
883 1613 1058 1654 inclina-

174 1681 315 1717 turam
331 1675 467 1716 fuisse
490 1677 730 1717 victoriam.
762 1677 914 1717 Oliver.

225 1740 248 1792 §
265 1742 292 1779 2
321 1739 456 1791 Scipio
470 1739 619 1791 autem]
635 1740 701 1780 De
722 1740 924 1792 Scipione
941 1740 1057 1781 Afri-

170 1815 278 1844 cano
307 1804 427 1844 varia
461 1803 609 1844 ferunt
637 1804 887 1856 scriptores.
946 1806 1056 1846 Nam

172 1866 374 1907 Valerius
410 1866 526 1906 illum
565 1866 713 1918 primis
751 1866 1054 1909 adolescentiae

173 1930 296 1971 annis
314 1931 528 1971 solutioris
543 1931 642 1971 vitae
654 1929 789 1971 fuisse
802 1931 924 1983 dicit,
939 1933 1054 1985 quod

168 1993 308 2034 Aulus
329 1994 494 2034 Gellius
525 1995 724 2035 similiter
756 1997 918 2037 sentire
940 1997 1054 2037 vide·

168 2061 242 2097 tur
258 2056 304 2097 in
315 2069 368 2098 ea
380 2055 641 2111 quaestione,
657 2070 781 2111 quam
798 2059 852 2099 de
867 2058 1054 2101 Alexan-

166 2121 235 2162 dri
249 2128 295 2162 et
310 2122 521 2174 Scipionis
536 2122 804 2162 continentia
821 2122 944 2165 facit.
1000 2125 1052 2164 In

170 2197 259 2238 qua
293 2185 539 2237 Scipionem
578 2185 774 2226 ostendit
801 2185 1053 2228 Alexandro

145 2259 160 2263 ·
172 2248 507 2302 praeferendum.
552 2250 664 2290 Vide
677 2262 806 2302 supra
816 2263 913 2303 pag.
930 2256 1050 2294 1139.

166 2313 256 2354 Alii
275 2312 415 2353 ferme
433 2326 581 2354 omnes
593 2315 706 2354 hunc
727 2314 770 2354 in
786 2315 901 2355 omni
920 2322 1050 2358 aetate

166 2377 584 2418 continentissimum
652 2377 786 2418 fuisse
855 2381 1049 2423 tradunt.

167 2440 283 2481 Nam
299 2446 345 2480 et
371 2440 487 2481 idem
507 2441 644 2481 Aulus
665 2442 830 2483 Gellius
850 2445 934 2484 alio
954 2445 1048 2486 loco

163 2503 288 2555 dicit,
332 2504 462 2556 hunc,
494 2505 645 2545 eodem
680 2518 764 2558 quo
799 2506 1050 2549 Alexander

163 2573 337 2610 ostento
356 2575 519 2621 natum,
536 2569 695 2609 divinae
711 2570 882 2611 virtutis
897 2571 1047 2624 fuisse,

160 2630 293 2684 idque
338 2644 407 2672 res
443 2633 497 2674 ab
535 2645 586 2673 eo
635 2633 869 2675 clarissime
904 2642 1046 2687 gestas

162 2695 292 2748 plane
327 2698 497 2749 testari,
532 2704 662 2750 atque
701 2698 892 2751 inprimis
938 2702 1043 2742 illud

158 2775 304 2812 unum,
322 2765 435 2818 quod
459 2766 565 2807 dum
596 2766 781 2807 Badium
818 2768 1043 2820 Hispaniae

160 2831 371 2883 oppidum
434 2834 763 2875 munitissimum
811 2837 1044 2889 obsideret,

159 2894 271 2934 dixit
289 2896 492 2936 militibus
513 2897 616 2948 suis,
635 2897 719 2937 sibi
738 2899 782 2938 in
802 2900 903 2951 jure
923 2902 1043 2941 audi-

154 2959 268 2999 endo
300 2960 599 3001 assistentibus
654 2975 704 3002 ac
751 2965 1044 3017 poscentibus,

156 3035 281 3075 quem
311 3023 355 3062 in
383 3023 496 3063 diem
518 3029 564 3063 et
582 3025 722 3064 locum
742 3025 836 3065 dari
858 3027 1042 3068 vadimo-

154 3086 228 3125 nia
245 3085 441 3137 juberet,
461 3086 609 3138 oppidi
629 3099 770 3127 arcem
791 3090 1039 3142 ostendens,

154 3140 243 3189 illic
260 3161 307 3189 se
329 3156 504 3201 postero
517 3150 588 3189 die
601 3150 676 3202 jus
697 3163 790 3190 esse
807 3151 1036 3194 dicturum.

154 3211 292 3252 Addit
322 3225 539 3264 praeterea
566 3215 685 3254 illum
716 3215 769 3254 ab
789 3215 1036 3257 adolescen-

153 3275 216 3315 tia
235 3278 373 3317 noctis
393 3282 604 3330 extremo,
623 3285 853 3331 antequam
875 3281 1038 3322 dilucu-

152 3338 242 3378 lum
269 3347 397 3391 esset,
430 3341 474 3381 in
521 3343 780 3394 Capitolium
819 3347 1035 3388 ventitare

156 3401 326 3442 solitum
344 3402 492 3455 fuisse,
505 3411 550 3446 et
565 3407 725 3458 aperiri
742 3409 896 3449 cellam
911 3411 1033 3452 Jovis

156 3464 238 3504 sibi
251 3465 446 3516 jussisse,
464 3468 610 3521 ibique
630 3472 766 3510 solum
795 3474 869 3512 diu
889 3473 1032 3515 demo-

154 3527 265 3579 rari;
285 3528 327 3569 id
343 3532 547 3584 temporis
563 3533 605 3574 in
619 3534 878 3588 Capitolium
896 3539 1032 3592 ingre·

1878 270 2020 326 1239

1135 397 1324 440 dientem
1353 413 1496 452 caneS,
1516 412 1686 453 semper
1710 399 1753 441 in
1773 401 1878 442 alios
1898 404 2022 444 saevi-

1135 468 1271 513 entes,
1292 476 1433 517 neque
1453 466 1637 505 latrasse
1667 466 1711 505 in
1745 478 1859 516 eum,
1877 478 2019 520 neque

1133 524 1380 567 incurrisse.
1437 529 1552 570 Quid
1582 528 1704 581 illud,
1721 530 1835 582 quod
1858 531 2020 580 Livius,

1133 587 1411 642 Plutarchus,
1438 592 1670 646 caeterique
1702 605 1848 634 omnes
1880 593 2019 635 ferme

1134 652 1367 704 scriptores
1390 655 1580 706 tradunt,
1599 656 1714 709 quod
1734 657 1788 698 ab
1804 658 1898 710 ipsa
1918 657 2020 698 ado·

1131 716 1344 756 lescentia
1370 718 1560 759 saucium
1590 725 1757 771 patrem
1778 732 1801 760 e
1820 720 2018 760 manibus

1132 780 1316 819 hostium
1346 779 1577 832 liberavit3
1607 783 1791 834 quodin
1821 784 1914 835 ipso
1944 784 2017 823 de-

1132 843 1234 882 inde
1266 842 1512 894 juventutis
1550 843 1672 898 flore,
1707 858 1791 898 quo
1832 847 2016 887 maxime

1129 907 1318 947 libidinis
1334 906 1476 947 fervet
1497 914 1617 958 aetas,
1636 910 1844 961 virginem
1859 911 2018 951 eximia

1130 972 1274 1024 specie
1294 978 1338 1011 et
1355 973 1672 1024 pulchritudine
1691 980 2016 1027 captam,spon·

1130 1048 1192 1086 so,
1211 1036 1279 1076 cui
1314 1037 1501 1088 depacta
1535 1035 1697 1087 fuerat,
1723 1037 1930 1078 intactam
1950 1039 2016 1078 in-

1129 1099 1416 1152 violatamque
1453 1100 1662 1150 restituit,
1697 1106 1744 1140 ut
1775 1101 1819 1141 in
1840 1114 1936 1154 cap.
1959 1103 2014 1142 de

1128 1162 1405 1202 Continentia
1420 1163 1631 1203 diximus?
1652 1164 1750 1204 Non
1767 1164 1900 1217 igitur
1920 1166 2016 1218 ejus

1125 1227 1423 1267 adolescentia
1456 1226 1631 1267 videtur
1666 1228 1808 1281 aliqua
1836 1228 2016 1270 libidine

1126 1298 1298 1342 vexata,
1329 1291 1371 1329 in
1408 1303 1494 1342 qua
1523 1290 1645 1331 fuere
1675 1292 1856 1333 virtutes
1876 1305 2013 1346 prope

1126 1354 1297 1406 divinae,
1328 1354 1443 1408 quod
1468 1360 1512 1395 et
1533 1354 1798 1396 Plutarchus
1813 1355 2012 1399 affirmat.

1128 1420 1278 1460 Oliver.

1179 1483 1259 1523 Sed
1285 1487 1415 1523 tamen
1444 1483 1630 1535 Punicis]
1659 1484 1852 1537 Contigit
1881 1484 1934 1526 A.
1952 1485 2008 1525 U.

1125 1560 1220 1589 nu.

1176 1615 1199 1665 ξ
1228 1616 1251 1652 3
1286 1614 1406 1653 Caius
1437 1626 1580 1665 quoque
1616 1613 1796 1654 Valerius
1826 1614 2010 1666 Flaccus]

1123 1676 1210 1716 Hic
1238 1677 1367 1716 etiam
1388 1676 1637 1718 dissolutior
1668 1676 1752 1717 fuit
1772 1690 1896 1730 quam
1917 1679 2007 1720 Sci-

1122 1741 1208 1792 pio,
1227 1742 1297 1793 qui
1332 1741 1510 1780 secundi
1530 1741 1688 1782 Punici
1718 1742 1820 1782 belli
1844 1748 2008 1796 tempo·-

1122 1804 1236 1844 ribus
1276 1805 1428 1844 consul
1458 1803 1558 1856 fuit,
1594 1812 1640 1845 et
1667 1804 1922 1846 Annibalem
1953 1807 2006 1848 ab

1122 1868 1228 1908 urbe
1266 1868 1438 1919 rejecit,
1471 1874 1586 1909 teste
1615 1868 1782 1910 Autore
1801 1870 1857 1910 de
1891 1870 2008 1917 Viris

1118 1931 1378 1984 Illustribus,
1393 1934 1464 1985 qui
1480 1933 1566 1973 ait:
1591 1934 1603 1956 ‘
1621 1932 1932 1985 Annibal,cum
1950 1935 2005 1974 ad

1119 1996 1295 2035 tertium
1311 1996 1364 2036 ab
1385 1996 1493 2037 urbe
1514 1997 1699 2050 lapidem
1713 2005 1858 2040 castra
1878 2012 2005 2052 posu-

1117 2060 1578 2112 isset,tempestatibus
1591 2063 1804 2115 repulsus,
1820 2064 2003 2115 primum

1116 2137 1143 2164 a
1172 2125 1304 2165 Fabio
1326 2126 1518 2166 Maximo
1538 2125 1784 2180 frustratus,
1804 2127 1960 2169 deinde
1978 2141 2004 2168 a

1115 2189 1291 2228 Valerio
1322 2190 1478 2229 Flacco
1508 2191 1720 2241 repulsus,
1755 2198 1801 2231 et
1819 2204 1844 2231 a
1864 2192 2000 2233 Grac·

1114 2252 1193 2291 cho
1209 2258 1255 2292 et
1285 2253 1495 2294 Marcello
1522 2251 1712 2306 fugatus,
1731 2254 1774 2293 in
1804 2253 1997 2296 Africam

1112 2322 1355 2368 revocatus,
1383 2330 1407 2356 a
1425 2317 1632 2369 Scipione
1648 2323 1875 2370 superatus
1900 2318 1998 2359 est!

1112 2380 1258 2420 Livius
1286 2386 1429 2421 tamen
1446 2381 1554 2420 dicit
1573 2393 1658 2421 non
1677 2394 1701 2421 a
1720 2382 1904 2430 Valerio,
1918 2382 1996 2423 sed

1111 2456 1135 2483 a
1155 2443 1305 2483 Fulvio
1327 2445 1487 2500 Flaccq
1502 2444 1557 2484 ab
1578 2445 1683 2486 urbe
1703 2443 1835 2486 fuisse
1854 2448 1997 2499 repul-

1109 2519 1214 2547 sum.
1248 2508 1398 2547 Oliver.

1161 2572 1199 2611 A
1219 2572 1270 2612 P.
1296 2571 1451 2611 Licinio
1472 2573 1595 2613 Pont.
1613 2573 1992 2628 Max.flamensac-

1107 2636 1190 2687 tus]
1220 2636 1292 2675 Ita
1314 2637 1454 2688 vulgo.
1511 2637 1759 2689 Legendum
1787 2639 1993 2691 arbitror,

1096 2699 1246 2750 flamen
1259 2704 1412 2751 captus.
1441 2700 1809 2743 Quemadmodum
1829 2709 1876 2744 et
1895 2705 1990 2744 Liv.

1106 2763 1311 2815 loquitur.
1378 2763 1449 2803 Ob
1485 2764 1821 2808 adolescentiam
1856 2769 1994 2821 negli-

1107 2832 1279 2878 gentem
1323 2827 1671 2882 luxuriosamque
1718 2831 1769 2871 C.
1809 2832 1989 2872 Flaccus

1104 2889 1260 2931 flamen
1290 2898 1446 2944 captus
1494 2906 1519 2932 a
1557 2893 1611 2933 P.
1657 2894 1828 2935 Licinio
1866 2903 1989 2948 pont.

1105 2967 1216 2996 maX.
1245 2962 1353 2997 erat.
1411 2957 1510 2997 Non
1530 2958 1666 2997 solum
1695 2959 1816 3011 virgo
1835 2960 1990 3001 Vesta-

1105 3020 1155 3058 lis
1174 3021 1271 3071 capi
1303 3031 1328 3058 a
1361 3019 1564 3071 pontifice
1599 3022 1784 3062 maximo
1814 3023 1986 3073 dicitur,

1101 3083 1177 3123 sed
1194 3082 1385 3124 flamines
1402 3079 1530 3124 etiam
1544 3084 1710 3137 Diales,
1723 3086 1824 3125 item
1843 3087 1986 3138 ponti·

1101 3148 1204 3188 fices
1225 3153 1271 3188 et
1284 3160 1479 3200 augures.
1511 3150 1574 3188 M.
1590 3149 1698 3189 Cato
1718 3156 1872 3190 contra
1884 3149 1987 3190 Gal-

1100 3212 1197 3252 bam
1233 3225 1310 3264 pro
1337 3213 1583 3252 Lusitanis:
1616 3213 1627 3234 ‘
1650 3214 1743 3263 Ego
1775 3224 1843 3252 me
1869 3225 1984 3253 nunc

1101 3277 1195 3317 volo
1236 3278 1309 3329 jus
1349 3277 1601 3329 pontificum
1647 3275 1808 3327 optime
1854 3276 1983 3327 scire,

1091 3342 1238 3393 jamne
1267 3355 1316 3382 ea
1343 3354 1475 3382 causa
1499 3339 1695 3392 pontifex
1727 3340 1907 3391 capiar?
1934 3341 1981 3381 Si

1098 3406 1194 3445 volo
1215 3406 1434 3457 augurium
1465 3404 1625 3456 optime
1647 3409 1812 3454 tenere,
1830 3405 1978 3457 ecquis

1098 3471 1153 3510 ob
1172 3483 1263 3510 eam
1286 3483 1372 3509 rem
1394 3480 1599 3520 augurem
1621 3468 1764 3519 capiat
1777 3468 1805 3508 ,θ’
1863 3469 1975 3510 Vide

1097 3535 1150 3576 de
1170 3536 1234 3576 his
1265 3535 1450 3575 Gellium
1479 3533 1551 3573 lib.
1571 3544 1602 3573 1.
1619 3545 1713 3584 cap.
1731 3536 1794 3575 12.
1824 3533 1945 3585 Pigk.
