2320 4004
583 269 841 309 vAnEnn
887 268 1128 308 MAXIMI
1173 271 1293 312 Lm.
1336 272 1392 309 v.
1433 259 1644 313 cAP.S.

191 394 372 435 vertisse
407 391 678 442 servitutem,
705 390 760 430 de
794 389 1076 430 restituendis

192 458 364 511 regibus
383 455 559 498 consilia
577 453 848 508 quaerebant.
898 452 1077 493 Interea

193 523 327 576 legati
364 535 391 562 a
426 521 597 572 regibus
638 518 946 571 superveniunt
983 517 1076 558 sine

190 587 408 627 mentione
427 584 608 635 reditus,
638 583 749 623 bona
770 589 935 622 tantum
955 592 1078 633 repe-

189 655 365 699 tentes;
407 661 504 689 cum
536 647 692 701 quibus
727 646 782 687 de
815 645 1076 698 recipiendis

187 713 296 754 clam
330 718 458 754 nocte
487 711 662 764 regibus
694 711 738 751 in
767 710 918 750 urbem
949 709 1076 750 collo-

187 783 375 830 quuntur
409 777 455 816 hi
493 776 810 817 adolescentes.
885 774 1072 814 Vitelliis

186 843 456 898 Aquiliisque
471 843 681 884 fratribus
694 842 832 894 primo
848 841 1074 882 commissa

187 919 257 948 res
293 907 390 948 fuit.
444 907 715 947 Vitelliorum
752 917 872 946 soror
905 903 1073 945 consuli

187 978 323 1025 nupta
341 973 480 1014 Bruto
500 976 622 1012 erat:
642 972 816 1024 jamque
836 982 891 1010 ex
911 982 963 1010 eo
983 982 1072 1009 ma-

186 1037 387 1078 trimonio
436 1037 733 1076 adolescentes
781 1039 907 1074 erant
942 1032 1072 1074 liberi

185 1102 312 1143 Titus
328 1102 624 1155 Tiberiusque,
643 1113 802 1154 eosque
820 1101 866 1140 in
887 1099 1072 1140 societa-

184 1171 273 1207 tem
292 1167 458 1207 consilii
477 1166 675 1208 avunculi
706 1171 942 1206 assumunt.
999 1165 1070 1205 Li-

184 1236 294 1271 terae
315 1230 370 1270 de
405 1242 453 1270 re
485 1234 611 1270 tanta
640 1229 798 1281 legatis
830 1228 990 1268 dantur
1016 1227 1071 1268 ad

182 1306 309 1347 reges
340 1293 442 1334 fidei
474 1294 646 1347 pignus,
671 1307 767 1347 quae
791 1293 1072 1334 manifestum

180 1357 350 1400 facinus
383 1357 595 1399 fecerunt.
654 1360 768 1399 Nam
798 1358 989 1398 indicata
1022 1369 1070 1398 re

182 1434 264 1475 per
281 1423 556 1463 Vitelliorum
576 1435 762 1474 servum,
791 1423 863 1475 qui
885 1434 1071 1473 excepe-

183 1493 254 1527 rat
272 1499 417 1528 eorum
438 1487 630 1539 consilia,
657 1487 978 1539 comprehensis
1011 1487 1070 1526 le-

182 1551 311 1603 gatis,
326 1552 547 1591 literarum
567 1564 672 1592 cura
690 1552 731 1591 in
755 1551 901 1603 primis
921 1551 1070 1591 habita

182 1622 267 1666 est,
307 1628 362 1656 ne
403 1616 784 1668 interciperentur,
825 1615 1068 1668 proditores

180 1679 312 1732 capti,
341 1686 646 1732 sumptumque
673 1679 930 1731 supplicium
964 1691 1067 1719 con·

181 1745 390 1796 spectius,
418 1743 529 1798 quod
563 1756 701 1796 poenae
735 1743 960 1796 capiundae
991 1742 1067 1783 mi·

180 1809 402 1853 nisterium
432 1803 543 1863 patri
577 1810 631 1850 de
654 1809 802 1850 liberis
821 1809 1067 1849 consulatus

180 1875 404 1927 imposuit,
431 1880 476 1914 et
504 1874 575 1928 qui
596 1880 817 1927 spectator
836 1879 930 1914 erat
949 1887 1063 1914 amo-

181 1939 360 1992 vendus,
386 1951 484 1980 eum
513 1939 653 1992 ipsum
684 1938 857 1979 fortuna
887 1944 1063 1979 exacto-

182 2014 272 2044 rem
290 2003 493 2056 supplicii
512 2003 646 2043 dedit.
699 2002 884 2043 Stabant
916 2003 970 2042 ad
993 2015 1065 2055 pa-

179 2066 268 2107 lum
286 2065 740 2118 deligatinobilissimi
760 2067 959 2119 juvenes,
985 2066 1062 2106 sed

182 2143 209 2172 a
238 2132 410 2172 caeteris
430 2132 547 2171 velut
580 2131 634 2178 ab
664 2131 820 2182 ignotis
846 2130 1062 2182 capitibus

181 2196 367 2235 consulis
395 2195 522 2235 liberi
557 2196 742 2234 omnium
776 2195 820 2234 in
851 2207 898 2234 se
918 2195 1065 2235 oculos

181 2265 503 2307 converterunt,
537 2259 854 2311 miserebatque
873 2271 956 2299 non
977 2272 1064 2311 poe-

181 2334 250 2363 nae
284 2322 420 2374 magis
455 2323 660 2373 homines,
707 2333 833 2375 quam
873 2323 1066 2373 sceleris,

181 2399 266 2439 quo
292 2398 462 2438 poenam
493 2386 636 2426 meriti
669 2391 833 2426 essent.
888 2385 992 2426 Illos
1011 2399 1064 2426 eo

182 2449 450 2501 potissimum
465 2462 591 2502 anno,
607 2462 690 2502 quo
709 2450 894 2501 patriam
909 2450 1064 2490 libera-

181 2518 285 2565 tam,
299 2520 466 2566 patrem
487 2514 777 2564 liberatorem,
797 2514 1061 2554 consulatum

179 2583 320 2617 ortum
341 2590 396 2617 ex
412 2577 539 2617 domo
551 2578 577 2619 J
584 2578 698 2627 unia,
714 2582 857 2629 patres
877 2578 1063 2629 plebem-

181 2652 281 2694 que,
309 2641 510 2695 quicquid
547 2641 760 2681 hominum
783 2642 1061 2695 Deorumque

178 2705 469 2746 Romanorum
483 2712 613 2754 esset,
628 2706 843 2746 induxisse
859 2707 1062 2758 animum,

178 2776 228 2810 ut
243 2771 429 2824 superbo
455 2771 621 2811 cuidam
653 2771 744 2822 regi
779 2777 868 2810 tum
900 2771 1059 2812 infesto

178 2835 293 2874 exuli
313 2835 562 2887 proderent.
616 2835 773 2887 Itaque
794 2835 912 2875 missi
933 2837 1057 2877 licto-

177 2908 248 2937 res
267 2897 321 2938 ad
341 2897 592 2938 sumendum
621 2898 895 2950 supplicium,
925 2900 1058 2940 nuda-

175 2965 242 3001 tos
267 2962 398 3014 virgis
418 2961 610 3013 caedunt,
636 2961 862 3013 securique
882 2960 1059 3013 feriunt,

177 3036 276 3064 cum
295 3025 407 3065 inter
421 3037 567 3065 omnes
585 3025 679 3077 ipse
695 3032 819 3076 pater
831 3026 1059 3078 vultusque

177 3093 224 3129 et
240 3100 288 3129 os
305 3089 396 3141 ejus
415 3089 665 3141 spectaculo
683 3094 813 3140 esset,
842 3090 1059 3130 eminente

177 3153 315 3204 patrio
333 3153 473 3193 animo
490 3152 604 3193 inter
622 3153 804 3204 publicae
825 3166 965 3205 poenae
985 3155 1060 3193 mi·

176 3217 412 3270 nisterium,
444 3217 678 3259 secundum
707 3230 877 3270 poenam
904 3231 1059 3259 nocen-

177 3281 304 3331 tium,
325 3288 375 3322 ut
405 3282 447 3321 in
475 3288 700 3334 utramque
721 3289 889 3334 partem
911 3295 1058 3323 arcen-

177 3341 245 3381 dis
261 3344 494 3384 sceleribus
508 3346 753 3398 exemplum
767 3347 912 3387 nobile
928 3354 1056 3388 esset.

183 3405 334 3446 Olivet-

233 3472 302 3523 §2
333 3471 464 3520 Hujus
491 3474 709 3525 malacus,
741 3474 830 3527 ἑῇς-0.]
875 3476 1054 3528 Spurius

178 3534 350 3575 Cassius
369 3535 412 3577 in
433 3538 597 3588 agraria
616 3538 842 3591 largitione
863 3541 1054 3585 ambitio·

1882 261 2024 314 1205

1138 402 1207 431 sus
1227 391 1270 431 in
1291 393 1427 433 socios
1446 392 1605 434 fuerat.
1661 391 1789 434 Unde
1807 392 1904 446 ipso
1923 406 2025 435 con-

1139 455 1229 495 sule
1249 469 1346 497 cum
1366 458 1557 498 Proculo
1576 457 1776 510 Virginio
1794 457 1867 498 lex
1885 457 2023 510 Agra-

1137 519 1201 558 ria
1211 520 1392 571 primum
1405 522 1676 574 promulgata
1686 519 1790 571 fuit3
1807 533 2025 574 nunquam

1139 582 1294 623 deinde
1326 585 1417 625 sine
1450 586 1646 626 maximis
1673 585 1860 626 motibus
1881 585 2026 638 exagi-

1136 651 1243 687 tata.
1299 647 1417 700 Ager
1435 649 1650 690 Hernicus
1669 650 1914 702 ademptus,
1942 650 2024 690 hoc

1137 716 1313 751 auctore
1344 711 1458 752 inter
1483 714 1660 755 Latinos
1680 714 1939 768 plebemque
1961 714 2025 755 di-

1134 776 1267 827 visus,
1297 775 1596 830 adjectumque
1623 779 1723 818 huic
1745 778 1919 819 muneri
1949 778 2024 818 ali-

1135 845 1341 893 quantum
1362 840 1472 892 agri,
1501 842 1574 893 qui
1602 854 1626 882 a
1660 843 1854 894 patribus
1886 843 2025 895 possi-

1135 908 1333 949 debatur.
1390 908 1487 948 Hac
1523 908 1755 961 largitione
1793 916 2022 961 suspectus

1126 973 1219 1026 jam
1253 973 1423 1013 senatui
1461 973 1711 1025 populoque
1744 974 1877 1025 coepit
1914 985 2026 1024 esse,

1135 1036 1251 1090 quod
1278 1037 1541 1089 perniciosas
1567 1036 1763 1076 libertati
1783 1039 1888 1088 opes
1911 1042 2023 1077 stru-

1135 1106 1247 1153 eret,
1275 1113 1413 1154 eoque
1433 1100 1596 1141 civibus
1611 1100 1702 1153 jam
1725 1100 1848 1140 vilior
1866 1099 2025 1151 factm,

1133 1171 1184 1204 ut
1215 1165 1300 1206 alio
1329 1177 1507 1206 munere
1537 1165 1620 1204 sibi
1643 1165 1946 1206 reconciliaret
1964 1166 2024 1206 ci·

1133 1229 1249 1270 vium
1271 1229 1450 1281 animos,
1472 1229 1632 1281 jubere
1663 1242 1742 1282 pro
1771 1230 1915 1270 Siculo
1935 1229 2024 1270 fru-

1134 1299 1282 1334 mento
1313 1295 1540 1346 pecuniam
1576 1300 1800 1347 acceptam
1834 1295 2022 1335 retribui

1135 1360 1310 1411 populo.
1382 1359 1434 1399 Id
1473 1371 1575 1398 vero
1608 1370 1690 1397 non
1729 1371 1851 1399 secus
1890 1371 2020 1411 quam

1134 1428 1391 1475 praesentem
1427 1423 1672 1463 mercedem
1717 1423 1838 1475 regni
1877 1436 2023 1476 asper-

1133 1492 1235 1526 nata
1256 1486 1380 1539 plebs
1402 1491 1484 1527 est.
1540 1487 1671 1529 Hunc
1699 1487 1911 1538 ergo,‘nbi
1932 1499 2020 1526 ma-

1132 1551 1319 1602 gistratu
1333 1549 1456 1602 abiit,
1469 1549 1714 1590 damnatum
1729 1558 2021 1604 necatumque

1131 1618 1310 1654 constat.
1366 1615 1474 1654 Sunt
1502 1614 1574 1666 qui
1607 1619 1775 1664 patrem
1797 1621 2016 1655 auctorem

1129 1678 1219 1730 ejus
1255 1679 1455 1731 supplicii
1492 1678 1666 1730 ferant3
1703 1692 1800 1720 eum
1839 1682 2018 1733 cognita

1130 1741 1245 1781 domi
1281 1755 1410 1782 causa
1449 1742 1702 1783 verberasse
1737 1756 1787 1784 ac
1824 1757 2020 1797 necasse,

1128 1809 1430 1862 peculiumque
1449 1808 1527 1849 filii
1547 1810 1696 1850 Cereri
1714 1823 1987 1853 consecrasse
2005 1826 2018 1862 ;

1127 1873 1293 1924 signum
1315 1874 1415 1914 inde
1440 1873 1604 1915 factum
1634 1887 1728 1916 esse
1760 1881 1805 1916 et
1836 1876 2019 1929 inscrip-

1128 1943 1235 1986 tum,
1262 1950 1317 1978 ex
1352 1939 1503 1979 Cassia
1531 1938 1694 1980 familia
1723 1940 1885 1990 datum.
1943 1942 2017 1982 In·

1126 2003 1254 2043 venio
1274 2004 1389 2056 apud
1411 2004 1616 2057 quosdam
1639 2011 1854 2056 auctores,
1884 2005 2017 2059 idque

1128 2067 1306 2119 propius
1325 2067 1428 2108 fidei
1447 2072 1530 2119 est,
1559 2081 1584 2107 a
1609 2069 1898 2121 quaestoribus
1920 2070 2015 2110 (3ae-

1130 2143 1234 2171 sone
1268 2132 1415 2183 Fabio,
1443 2138 1489 2172 et
1521 2133 1570 2172 L.
1590 2132 1766 2172 Valerio
1792 2132 1904 2172 diem
1925 2132 2017 2173 dic-

1131 2200 1220 2235 tam
1253 2196 1572 2247 perduellionis,
1599 2196 1848 2236 damnatum
1870 2197 2016 2248 populi

1116 2258 1300 2310 judicio,
1311 2260 1504 2312 direptas
1517 2260 1686 2312 publice
1701 2260 1830 2301 aedes.
1873 2261 2016 2302 Quam

1127 2324 1387 2363 sententiam
1406 2324 1604 2377 sequitur
1624 2325 1859 2375 Dionysius
1891 2325 2015 2365 Hali-

1129 2401 1408 2440 carnassaeus,
1431 2391 1528 2443 qnia
1548 2389 1669 2441 dicit,
1699 2390 1810 2442 quod
1832 2391 1864 2429 si
1886 2397 2013 2442 pater

1119 2453 1258 2505 judex
1273 2453 1428 2494 fuisset
1443 2459 1488 2494 et
1506 2454 1694 2506 punitor,
1708 2466 1845 2506 neque
1863 2454 2011 2495 domos

1127 2518 1310 2571 dirutas,
1338 2531 1477 2572 neque
1508 2519 1622 2558 bona
1653 2518 1891 2570 publicata,
1910 2519 2014 2572 qnia

1127 2583 1275 2623 Romae
1309 2583 1414 2622 nihil
1441 2588 1556 2623 esset
1588 2594 1882 2634 possessorum
1916 2595 2012 2635 pro-

1125 2646 1265 2698 prium
1291 2646 1486 2699 patribus
1507 2646 1767 2697 viventibus,
1796 2652 1842 2686 et
1873 2647 1927 2687 ob
1964 2647 2010 2688 id

1123 2711 1321 2763 pecuniae
1342 2717 1387 2751 et
1406 2723 1589 2764 corpora
1606 2710 1805 2762 filiorum,
1836 2724 1933 2751 cum
1955 2711 2011 2752 de

1122 2774 1184 2815 eis
1203 2776 1354 2816 volunt
1373 2775 1616 2828 disponere,
1635 2776 1865 2816 traduntur
1878 2776 2010 2827 patri-

1123 2837 1217 2879 bus.
1293 2838 1478 2879 Addidit
1531 2845 1748 2895 praeterea
1796 2840 2008 2891 agitatum

1123 2903 1254 2944 etiam
1291 2903 1424 2944 fuisse
1460 2904 1514 2944 de
1556 2903 1869 2944 interficiendis
1910 2903 2006 2944 filiis

1123 2968 1274 3018 Cassii,
1287 2968 1362 3008 sed
1383 2968 1601 3008 crudelem
1619 2968 1743 3007 nimis
1761 2968 1891 3008 visam
1913 2980 2005 3007 eam

1121 3033 1397 3073 sententiam.
1431 3033 1582 3073 Oliver.

1175 3096 1343 3149 Filium]
1390 3099 1465 3150 Sp,
1489 3098 1686 3138 Cassium
1706 3094 2004 3145 Viscellinum,

1122 3160 1195 3212 qui
1215 3167 1417 3213 corrupte
1432 3162 1585 3213 opinor
1606 3161 1718 3214 apud
1749 3161 2002 3200 Ciceronem

1121 3225 1134 3246 ⁴
1151 3224 1408 3265 Becelinus’
1438 3225 1649 3277 hodieque
1670 3224 1884 3264 scribitur.
1927 3225 2001 3263 Co-

1121 3288 1238 3327 cerus.

1176 3351 1257 3397 Qui
1290 3351 1470 3392 tribunus
1507 3350 1649 3403 plebis]
1706 3351 1906 3389 Fortasse
1939 3351 2000 3389 le-

1119 3415 1320 3467 gendum,
1342 3417 1525 3461 Quicum
1543 3415 1721 3453 tribunus
1746 3413 1882 3463 plebis.
1940 3412 2000 3452 A·

1117 3479 1277 3532 lioquin
1299 3479 1408 3518 enim
1430 3478 1683 3518 adversatur
1714 3475 1885 3515 veritati
1917 3476 2000 3514 his·

1115 3543 1236 3584 toriae
1255 3557 1265 3586 ε
1288 3543 1459 3586 Cassius
1479 3543 1593 3581 enim
1612 3541 1758 3581 consul
1780 3546 1880 3581 tunc
1900 3538 2001 3591 fuit,
