2346 3996
628 320 882 359 VALERH
930 319 1174 357 MAX1MI
1223 320 1339 359 Lis.
1367 322 1474 359 vn.
1511 323 1648 361 CAP-
1675 311 1728 362 6.

261 450 341 490 que
384 436 573 476 fuerunt.
629 435 702 475 Ita
747 434 894 486 primis
942 433 1142 485 repulsis,

260 501 347 540 dux
382 501 490 540 alter
515 499 745 538 Poenorum
776 496 1019 547 Maharbal,
1047 509 1143 535 cum

259 564 424 616 majore
458 554 614 602 robore
650 561 834 601 virorum
867 561 1035 612 missus,
1063 573 1143 601 nec

259 628 354 678 ipse
371 625 641 678 eruptionem
654 625 893 665 cohortium
908 625 1034 666 Rom.
1054 636 1143 664 sus-

259 690 402 732 tinuit.
470 689 701 729 Postremo
751 687 939 730 Annibal
991 689 1143 730 castris

259 758 360 794 ante
379 753 475 804 ipsa
492 753 647 793 moenia
666 753 831 805 positis,
862 765 1038 805 parvam
1073 765 1140 793 ur-

258 817 356 858 bem
386 828 659 870 parvumque
695 817 942 869 praesidium
980 829 1142 858 summa

258 882 300 921 vi
334 886 463 934 atque
500 879 697 921 omnibus
728 881 863 932 copiis
890 891 1142 932 oppugnare

254 951 385 996 parat
399 957 412 984 ι
442 944 553 997 quod
574 956 669 984 cum
691 943 771 983 sibi
792 955 938 996 parum
975 955 1143 995 proces-

256 1005 401 1058 sisset,
428 1007 481 1048 ad
502 1007 766 1048 obsidionem
785 1019 1029 1057 conversus,
1049 1018 1142 1046 cas-

259 1075 328 1112 tra
360 1069 558 1120 munivit,
585 1069 912 1122 firmissimaque
942 1069 1144 1122 praesidia

259 1136 477 1188 imposuit.
533 1135 618 1176 Ubi
637 1137 765 1186 longa
781 1136 948 1177 obsidio
967 1136 1144 1189 oppida·

255 1210 333 1239 nos
354 1198 685 1252 praesidiumque
705 1199 759 1239 ad
776 1199 971 1240 ultimum
989 1200 1144 1252 inopiae

258 1262 516 1313 adduxerat,
551 1276 677 1316 quam
710 1270 853 1304 tamen
889 1265 1063 1305 consilio
1097 1270 1144 1306 et

256 1326 496 1368 calliditate
522 1327 763 1378 Sempronii
791 1327 913 1367 ducis
947 1328 1144 1378 Romani,

258 1389 331 1442 qui
351 1390 464 1430 haud
480 1392 629 1442 procul
646 1390 745 1430 inde
757 1391 922 1441 aberat,
938 1393 1144 1445 aliquam-

258 1453 333 1493 diu
354 1454 611 1506 tolerarunt,
629 1454 766 1496 missis
786 1468 865 1507 per
882 1457 1142 1498 Vulturnum

259 1530 443 1570 amnem,
473 1519 543 1572 qui
564 1519 703 1560 locum
736 1520 852 1560 illum
884 1520 1145 1573 praeterflue-

257 1582 351 1633 hat,
378 1581 504 1623 doliis
534 1583 633 1623 vino
660 1582 962 1637 frumentoque
990 1586 1144 1638 plenis,

261 1659 347 1699 qua
367 1659 414 1688 re
434 1647 564 1699 paulo
583 1653 685 1700 post
704 1648 758 1689 ab
788 1649 980 1690 hostibus
997 1651 1143 1701 cogni-

259 1716 320 1762 ta,
354 1711 598 1763 intercepta
635 1719 737 1752 sunt
773 1712 890 1753 dolia
925 1718 972 1753 et
1008 1715 1144 1755 omnis

258 1787 359 1828 spes
378 1782 553 1828 erepta3
577 1788 707 1817 nuces
726 1776 882 1817 deinde
901 1777 1006 1818 fnsae
1021 1791 1046 1819 a
1061 1780 1144 1820 Ro·

258 1840 395 1880 manis
427 1841 600 1891 castris,
629 1853 726 1881 cum
764 1842 905 1882 medio
943 1844 1054 1883 amni
1089 1845 1143 1885 ad

256 1903 490 1944 Casilinum
524 1902 780 1956 defluerent,
807 1907 996 1947 cratibus
1029 1910 1144 1950 exci-

256 1969 503 2020 piebantur.
559 1970 788 2011 Postremo
807 1972 860 2012 ad
891 1972 935 2011 id
970 1981 1144 2014 ventum

256 2033 414 2085 inopias
434 2038 516 2082 est,
542 2039 591 2074 ut
607 2034 702 2074 lora
717 2033 1022 2089 detractasque
1052 2050 1144 2078 scu·

258 2097 314 2137 tis
329 2097 478 2149 pelles,
494 2096 568 2137 ubi
580 2095 751 2138 fervida
767 2099 1004 2140 mollissent
1020 2113 1145 2152 aqua,

256 2160 461 2202 mandere
503 2166 776 2211 conarentur,
826 2174 907 2203 nec
953 2164 1143 2205 muribus

257 2223 397 2264 aliove
430 2223 603 2264 animali
633 2225 915 2276 abstinerent,
943 2232 990 2267 et
1018 2240 1144 2268 omne

255 2288 484 2328 herbarum
529 2287 810 2342 radicumque
857 2303 989 2341 genus
1034 2291 1144 2331 muri

257 2351 487 2403 aggeribus
507 2357 718 2392 eruerant.
776 2352 918 2392 Etiam
934 2365 1031 2393 cum
1048 2355 1144 2394 hos-

258 2420 323 2455 tes
340 2416 594 2457 obarassent
620 2416 822 2470 quicquid
857 2417 1025 2457 herbidi
1059 2424 1143 2458 ter-

258 2479 351 2519 reni
371 2485 496 2520 extra
515 2492 682 2520 murum
709 2489 819 2532 erat,
849 2493 1049 2532 raparum
1079 2495 1145 2523 se·

258 2554 357 2583 men
389 2543 644 2596 injecerunt,
681 2549 731 2584 ut
761 2543 978 2584 Annibal:
1023 2546 1144 2586 Eone

258 2618 396 2659 usque
427 2607 529 2647 dum
564 2619 618 2647 ea
643 2612 892 2659 nascantur,
921 2607 972 2648 ad
995 2609 1145 2650 Casili-

258 2681 358 2709 num
392 2682 584 2711 sessurus
618 2672 737 2711 sum?
768 2673 1060 2713 exclamaret:
1099 2678 1145 2714 et

256 2734 327 2787 qui
347 2735 507 2775 nullam
534 2743 663 2775 autea
693 2736 939 2787 pactionem
972 2737 1144 2778 auribus

257 2798 510 2850 admiserat,
556 2805 646 2839 tum
681 2799 853 2840 demum
893 2813 1037 2841 secum
1075 2804 1144 2854 agi

257 2873 407 2913 passus
428 2868 497 2902 est
516 2861 569 2902 de
590 2863 886 2915 redemptione
911 2864 1144 2906 liberorum

257 2925 479 2976 capitum3
509 2932 744 2977 septunces
765 2928 857 2968 auri
883 2928 926 2968 in
957 2929 1145 2981 singulos

258 2987 445 3039 pretium
464 2988 688 3039 convenit;
717 2989 802 3030 fide
830 2997 1029 3044 accepta,
1052 3006 1146 3033 sese

257 3049 547 3092 tradiderunt.
612 3051 770 3092 Strabo
806 3052 850 3092 in
883 3053 971 3094 fine
1006 3056 1146 3108 quinti

257 3113 354 3153 libri
375 3113 498 3166 hujus
529 3115 722 3154 meminit
742 3115 1006 3168 obsidionis;
1037 3119 1147 3160 dicit

257 3177 396 3218 enim:
426 3178 440 3198 ⁶
458 3176 641 3217 Romam
661 3190 807 3218 versus
829 3179 1062 3222 Casilinum
1091 3183 1147 3222 si-

257 3244 350 3280 tum
367 3246 437 3280 est
456 3240 512 3280 ad
530 3238 690 3283 flumen
704 3241 980 3294 Vulturnum,
999 3245 1041 3284 in
1062 3258 1146 3299 quo

257 3302 517 3344 Praenestini
565 3304 719 3345 milites
767 3307 1055 3361 qnadraginta
1101 3317 1147 3353 et

258 3366 480 3419 quingenti
497 3368 701 3409 adversus
723 3370 998 3425 Annibalem,
1018 3376 1145 3417 variis

259 3431 516 3471 instructum
553 3433 704 3485 copiis,
749 3436 913 3477 tamdiu
960 3439 1145 3479 obsidio·

261 3506 358 3534 uem
378 3495 612 3546 pertulere,
630 3503 679 3536 ut
699 3497 996 3541 invalescente
1015 3502 1142 3554 fame,

260 3570 354 3598 mus
392 3558 604 3599 drachmis
642 3560 839 3602 ducentis
876 3565 1142 3610 venundare-

1949 312 1972 363 l
1984 313 2091 366 273

1208 439 1293 484 tur,
1324 441 1370 476 et
1391 438 1589 478 venditor
1608 438 1780 492 quidem
1809 445 1992 480 mortem
2015 454 2089 494 op-

1207 499 1400 551 petierit,
1453 509 1624 554 emptor
1671 509 1815 543 autem
1866 504 2090 545 incolumis

1205 563 1406 605 evaserit.
1461 566 1569 606 Cum
1608 574 1752 607 autem
1786 567 1973 608 Annibal
2018 581 2091 608 eos

1205 637 1335 676 rapas
1365 639 1500 680 prope
1535 642 1700 670 murum
1729 631 1962 671 seminasse
1991 644 2091 672 con-

1205 690 1416 741 spiceret,
1443 698 1607 733 tantam
1641 695 1874 734 animorum
1913 695 2094 735 toleran-

1205 753 1310 793 tiam
1346 753 1639 796 ‚admiratione
1694 762 1950 808 prosecutus
2010 765 2092 807 est,

1206 817 1318 869 quod
1337 818 1529 858 homiues
1549 819 1714 860 tamdiu
1734 820 1945 861 obsistere
1965 834 2092 874 posse

1207 887 1450 933 sperarent,
1473 882 1586 935 quod
1600 896 1716 935 rapae
1734 890 2092 926 maturescerent.

1205 943 1364 997 Itaque
1386 947 1533 997 paucis
1563 948 1770 1000 exceptis,
1796 949 1998 988 mortales
2031 950 2092 989 illi

1206 1008 1393 1049 victores
1413 1011 1597 1050 extitere
1619 1023 1782 1060 omnes,
1797 1012 1877 1051 nisi
1893 1025 1999 1064 quos
2018 1018 2093 1052 aut

1205 1070 1342 1112 fames
1377 1073 1570 1114 confecit
1608 1081 1684 1115 aut
1720 1075 1896 1127 proelia?
1941 1077 2090 1117 ociter.

1209 1135 1407 1188 Contigit
1426 1136 1479 1176 A.
1498 1138 1556 1178 U.
1575 1149 1798 1179 Dxxxvn.

1261 1201 1467 1253 Defectos]
1495 1203 1743 1244 Destitutos
1762 1211 1808 1244 et
1827 1210 2076 1245 evacuatos.

1266 1264 1474 1306 Resolutas
1486 1266 1603 1318 aqua]
1629 1267 1823 1308 Mollitas
1855 1273 1987 1321 atque
2020 1268 2095 1308 de·

1211 1333 1376 1368 coctas.

1267 1393 1498 1445 Cumpcmoe]
1528 1394 1669 1447 Ipsius
1691 1396 1868 1448 Capuae.

1263 1458 1452 1510 Deliciis]
1483 1460 1665 1500 Constat
1682 1461 1999 1512 Campanorum
2021 1461 2095 1500 de-

1209 1521 1319 1563 liciis
1338 1523 1571 1565 Poenorum
1588 1524 1841 1575 exereitum,
1856 1526 1907 1564 ad
1925 1526 1966 1564 id
1988 1532 2093 1565 tem-

1209 1599 1288 1639 pus
1308 1587 1528 1637 invictum,
1556 1589 1615 1628 sic
1634 1595 1887 1628 enervatum
1908 1601 2019 1638 esse,
2046 1596 2095 1628 ut

1206 1651 1279 1690 vix
1298 1651 1463 1692 militiae
1482 1652 1653 1692 labores
1670 1652 1916 1692 sustineret.
1975 1654 2094 1692 Duc-

1208 1720 1276 1756 tus
1298 1716 1411 1756 enim
1431 1716 1623 1768 Capuam
1657 1717 1699 1756 in
1733 1717 1927 1766 hiberna,
1955 1717 2015 1758 sic
2048 1730 2095 1757 se

1207 1780 1400 1820 omnibus
1447 1781 1739 1832 voluptatibus
1786 1781 2008 1831 immersit,
2047 1787 2095 1820 ut

1206 1855 1309 1896 quos
1342 1844 1463 1884 nulla
1499 1845 1561 1884 vis
1598 1846 1699 1884 mali
1738 1849 1868 1884 antea
1914 1845 2095 1894 vicerat,

1206 1907 1482 1958 postmodum
1516 1909 1645 1969 nimia
1666 1909 1780 1949 bona
1809 1909 2095 1961 perdiderint,

1207 1971 1299 2010 scil.
1316 1973 1561 2023 voluptates
1575 1973 1832 2023 immodicae,
1846 1978 1895 2013 ut
1911 1985 2098 2024 somnus,

1208 2033 1370 2084 vinum,
1406 2035 1563 2087 epulae,
1592 2041 1751 2087 scorta,
1792 2035 1958 2087 balnea,
1994 2048 2094 2076 con-

1205 2097 1475 2150 suetudines,
1511 2098 1665 2149 otium,
1709 2112 1806 2152 quae
1845 2099 1987 2139 omnia
2031 2099 2094 2139 sic

1209 2169 1470 2202 enervat-unt
1507 2175 1691 2214 corpora
1731 2170 1778 2204 et
1824 2164 2001 2215 animm,
2045 2172 2095 2205 ut

1209 2226 1342 2277 magis
1363 2227 1518 2267 deinde
1537 2228 1728 2267 victoriae
1749 2240 1875 2280 quam
1910 2240 2096 2279 praesen-

1209 2295 1276 2329 tes
1298 2295 1543 2330 tutarentur
1564 2292 1691 2331 vires.
1724 2292 1871 2331 Oliver.

1264 2353 1331 2404 §3
1362 2353 1413 2393 In
1442 2354 1527 2404 illa,
1562 2353 1650 2404 ξω]
1698 2354 1891 2406 Contigit
1936 2353 1990 2395 A.
2039 2355 2097 2395 U.

1212 2426 1429 2457 nxxxvu.

1266 2481 1448 2520 Trecenti
1470 2479 1730 2531 Praenestini]
1760 2480 1922 2530 Livius,
1942 2483 1954 2504 ‘
1975 2482 2096 2535 quin-

1209 2547 1361 2594 gentos
1389 2544 1666 2595 septuaginta
1683 2543 1710 2593 ;'
1740 2544 1912 2595 Strabo,
1940 2547 1952 2568 ‘
1975 2547 2095 2598 quin-

1209 2612 1362 2658 gentos
1377 2597 1662 2661 quadraginta
1674 2606 1685 2623 '
1702 2615 1945 2649 numerant.
1965 2611 2094 2651 Celer.

1261 2670 1458 2710 Ducentis
1476 2671 1671 2722 denariis]
1699 2671 1772 2711 Sic
1788 2678 1833 2712 et
1850 2673 2097 2715 Frontinus.

1208 2735 1374 2774 Plinius
1392 2737 1404 2757 ‘
1421 2734 1619 2775 ducentis
1640 2735 1853 2775 nummis.'
1886 2738 2014 2776 Coler.

1262 2799 1447 2839 Sordium
1473 2798 1649 2850 suarum]
1678 2798 1732 2839 Id
1764 2804 1847 2850 est,
1876 2801 2095 2842 avaritiae:

1208 2869 1331 2903 recte
1350 2862 1522 2915 quidem
1544 2862 1556 2885 ‘
1573 2862 1744 2917 sordes’
1763 2864 1987 2904 avaritiam
2022 2878 2095 2918 ap-

1209 2928 1360 2979 pellat,
1387 2928 1485 2980 quia
1504 2927 1609 2968 nihil
1638 2928 1853 2968 hominem
1887 2930 2093 2970 sordidio-

1208 3001 1299 3030 rem
1337 3003 1430 3031 esse
1454 2990 1562 3031 facit
1593 2992 1789 3043 avaritia,
1826 3005 1939 3045 quae,
1974 2995 2094 3033 malis

1211 3055 1383 3095 venenis
1415 3055 1594 3106 imbuta,
1631 3068 1788 3107 eorpus
1820 3057 2092 3110 animumque

1209 3117 1374 3158 virilem
1396 3117 1644 3159 effoeminat.
1675 3120 1778 3160 Otiv.

1263 3184 1332 3235 §4
1364 3184 1411 3223 C.
1438 3188 1582 3235 autem,
1615 3184 1704 3235 δῖα]
1735 3184 1930 3236 Contigit
1958 3184 2013 3225 A.
2037 3186 2090 3226 U.

1212 3258 1398 3289 DCLXXI.

1268 3311 1470 3364 Conflata]
1511 3311 1564 3350 In
1601 3310 1859 3350 numismata
1903 3311 2094 3354 redacta.

1211 3374 1324 3414 Nam
1341 3387 1401 3414 aes
1420 3373 1652 3414 conflatum
1684 3373 1842 3411 dicitur
1875 3373 1918 3413 in
1951 3376 2091 3426 signa-

1210 3443 1296 3478 tam
1335 3438 1565 3490 pecuniam
1598 3435 1836 3486 redactum,
1863 3449 1921 3477 aes
1961 3452 2094 3490 grave

1209 3500 1507 3541 tantummodo
1527 3505 1745 3551 pensatur.
1776 3500 1881 3540 Oliv.

1264 3565 1358 3604 Non
1392 3561 1504 3614 ergo]
1533 3562 1719 3601 Videtur
1760 3563 2010 3615 quibusdam
2047 3568 2090 3609 in
