2320 4004
388 290 532 367 liis
624 316 628 321 κ

389 423 567 462 militum
585 434 780 474 corpora,
806 422 970 462 saevitia
991 424 1115 463 maris
1134 423 1263 463 inter·

390 485 594 536 pellante,
643 486 871 536 sepulturae
910 486 1128 525 vmandare
1189 498 1263 525 ne-

389 547 600 599 quierant.

442 611 639 660 Legitima
654 611 829 660 grassari
840 611 921 662 via]
940 610 1053 653 Quia
1069 607 1139 650 lex
1153 616 1266 660 erat,

394 678 494 713 tunc
528 674 695 712 demum
730 674 985 714 sententiam
1023 675 1168 725 populi
1203 686 1264 713 ra·

383 741 476 774 tam
507 735 673 785 haberi,
706 736 740 775 si
760 736 1020 776 Demarchus
1050 745 1172 777 autor
1188 736 1263 776 fie-

394 802 477 837 ret.

445 861 714 901 Consternatoe
736 862 896 914 patriae]
938 861 1095 914 Aliqua
1123 861 1266 901 subita

389 918 713 974 perturbatione
733 925 973 965 concitatae.

448 985 700 1037 Undecimus]
743 987 919 1026 Scilicet
957 991 1054 1037 post
1087 990 1265 1026 mortem

391 1048 542 1089 decem
564 1050 806 1090 Praetorum
826 1051 916 1102 ipse
936 1051 1182 1091 undecimus
1201 1064 1266 1092 es-

390 1116 472 1162 set,
492 1113 562 1164 qui
582 1114 907 1164 opprimeretur.

447 1177 692 1228 Proximum,
740 1176 828 1228 Sym]
870 1178 968 1216 Mos
1013 1183 1109 1217 erat
1153 1177 1267 1229 apud

391 1236 691 1290 Athenienses,
736 1246 782 1279 nt
829 1245 944 1279 sorte
981 1240 1267 1289 traherentur,

393 1302 466 1354 qui
487 1315 623 1342 mores
651 1303 865 1342 hominum
882 1310 928 1342 et
947 1304 1042 1343 vitae
1062 1305 1268 1342 rationem

391 1364 656 1415 indagarent,
693 1372 738 1404 et
775 1378 878 1418 quos
911 1379 992 1406 non
1022 1366 1271 1417 probarent,

392 1427 563 1477 publice
596 1434 868 1479 accusarent,
898 1441 992 1468 cum
1013 1429 1113 1468 vitae
1142 1429 1270 1468 ratio-

390 1503 489 1531 nem
511 1492 692 1532 reddere
716 1505 801 1532 non
822 1499 1010 1544 possent.
1042 1493 1190 1532 Oliver.

449 1556 591 1606 Operae
628 1556 817 1604 forensis,
865 1560 947 1595 tum
986 1555 1110 1608 fidei]
1158 1554 1272 1596 Quia

393 1621 615 1673 Ephialtes
649 1621 692 1660 in
728 1620 824 1661 foro
871 1620 996 1672 fecit,
1044 1619 1160 1673 quod
1196 1619 1270 1659 de-

392 1684 502 1724 buit.

449 1748 672 1787 Communis
689 1747 806 1800 officii
828 1746 950 1798 sorte]
984 1745 1037 1786 Id
1057 1751 1140 1792 est,
1172 1745 1270 1798 quia

390 1808 573 1849 officinm
594 1811 798 1851 delatoris
810 1816 855 1850 et
869 1809 1143 1859 accusatoris,
1155 1808 1270 1861 quod

392 1872 436 1911 in
483 1885 823 1925 unumquemque
880 1871 1037 1912 cadere
1083 1877 1271 1923 poterat,

392 1939 509 1975 sorte
528 1935 570 1974 in
591 1948 687 1975 eum
706 1935 941 1975 ceciderat.
995 1934 1162 1975 Badius.

446 1998 689 2037 Miser-abilis
719 1997 827 2048 reus]
855 1996 1105 2048 Respiciens
1135 1997 1189 2036 ad
1207 1996 1271 2048 ip-

391 2058 476 2097 sius
514 2057 744 2108 affectnm3
788 2071 872 2098 non
910 2059 1021 2098 enim
1053 2071 1273 2111 accusare,

390 2121 465 2162 sed
487 2122 677 2161 accusari
697 2122 938 2163 videbatur.

445 2186 468 2235 ᾧ
487 2189 510 2223 5
543 2185 667 2229 Quem
686 2185 951 2237 Syracusanus
981 2185 1091 2224 Dion
1108 2184 1271 2224 diversi-

390 2251 474 2286 tate
492 2248 659 2299 exempli
683 2248 928 2299 praegravat]
957 2249 1077 2287 Bene
1102 2247 1272 2287 omnino

391 2311 503 2351 liber
533 2317 672 2362 vetus,
696 2312 903 2352 severitate
927 2312 1104 2363 exempli.
1161 2311 1273 2351 Nam

392 2375 509 2425 prins
529 2376 770 2426 exemplum
791 2375 1043 2415 amatorium
1062 2383 1128 2414 est
1145 2380 1190 2414 et
1211 2378 1274 2413 te-

391 2450 569 2486 nerum;
595 2439 675 2477 hoc
695 2439 865 2488 serium,
884 2450 1094 2477 severum.
1140 2437 1248 2486 Lips.

446 2499 574 2551 Dion]
619 2500 706 2540 Hic
752 2498 835 2540 fuit
882 2500 996 2540 Dion
1042 2499 1273 2550 Hipparini

397 2561 525 2602 filius.

448 2626 620 2665 Insidias
645 2626 682 2665 ei
699 2625 912 2676 nectentes]
941 2626 1049 2665 Post
1077 2625 1274 2665 Heracli·

393 2688 461 2728 dae
480 2696 660 2728 mortem
676 2689 757 2728 hoc
775 2689 935 2728 dictum
963 2686 1099 2727 refert
1127 2687 1171 2726 in
1186 2687 1276 2727 vita

393 2750 667 2791 Plutarchus.
710 2751 793 2791 Qui
813 2751 940 2790 etiam
955 2749 1008 2789 de
1023 2749 1274 2789 insidiatore

394 2826 419 2852 a
438 2814 583 2853 Probo
604 2814 817 2855 dissentit.
847 2814 1012 2852 Corrad.
1043 2812 1275 2863 Nectentes]

393 2875 446 2916 Id
468 2882 549 2925 est,
571 2881 803 2916 struentes.

448 2940 574 2979 Malle
597 2938 797 2989 excedere]
826 2937 879 2978 Id
909 2943 991 2990 est,
1009 2939 1136 2978 malle
1157 2938 1277 2990 mori,

395 3013 519 3055 quam
555 3014 722 3052 semper
750 3002 792 3040 in
812 3001 979 3051 timore,
997 3006 1084 3040 tam
1103 3000 1155 3040 ab
1175 3001 1276 3040 ami·

395 3065 472 3115 cis,
493 3077 618 3117 quam
634 3064 811 3103 inimicis
831 3063 992 3103 vivere.

449 3129 472 3179 ξ
493 3131 519 3166 6
543 3126 770 3167 Alexander
794 3126 1050 3166 Macedonum
1083 3125 1192 3177 Rex]
1220 3125 1278 3166 A·

394 3189 602 3230 lexander
640 3188 924 3229 Macedonum
960 3190 1053 3228 Rex
1099 3189 1275 3229 Darium

396 3252 626 3292 Persarum
665 3252 828 3304 Regem
849 3253 939 3304 Jam
973 3252 1152 3303 primum
1185 3253 1277 3292 acie

398 3314 674 3367 proflixerat;
703 3315 775 3355 ille
796 3322 924 3365 'vero,
953 3316 1072 3366 cujus
1099 3315 1279 3366 imperio

397 3384 492 3418 tota
516 3377 649 3417 ferme
670 3377 773 3417 Asia
803 3377 997 3430 subJecta
1026 3382 1138 3427 erat,
1157 3377 1279 3416 brevi

397 3440 624 3480 firmiorem
647 3441 863 3491 reparavit
877 3440 1124 3480 exercitum.
1152 3439 1279 3481 Quod

397 3514 492 3543 cum
539 3503 726 3543 audisset
773 3502 1034 3555 Alexander,
1070 3508 1278 3555 metuens,

957 305 1135 343 No'rAE
1175 304 1503 350 VARIORUM
1548 306 1612 344 m

1325 435 1377 462 ne
1417 423 1458 461 in
1493 430 1637 463 monte
1673 423 1813 462 Tauro
1852 421 2199 475 interciperetur,

1325 486 1422 525 inde
1442 486 1694 526 citatissimo
1725 498 1852 525 cursu
1880 486 2082 526 adversus
2109 487 2199 527 Da-

1327 548 1432 587 rium
1461 548 1678 599 profectus
1699 555 1790 597 est3
1822 554 1864 588 et
1894 561 1988 588 cum
2021 560 2105 587 uno
2130 548 2200 587 die

1327 614 1560 662 quingenta
1597 612 1735 651 stadia
1771 611 2038 662 confecisset,
2071 613 2200 664 longo

1327 673 1489 712 itineris
1526 674 1687 723 labore,
1717 680 1761 713 et
1786 674 1897 714 Solis
1925 675 2075 714 ardore
2103 674 2202 715 fati-

1328 740 1466 787 gatus,
1492 741 1540 776 ut
1572 742 1679 775 aestu
1706 738 1871 776 levaret
1898 747 2068 788 corpuS,
2087 736 2202 788 apud

1327 800 1529 838 Tharsnm
1549 799 1590 838 in
1610 799 1803 851 Cydnum
1827 798 2001 838 fluvium
2018 798 2205 851 frigidis-

1329 864 1445 901 simae
1476 874 1597 913 aquae
1616 874 1662 901 se
1691 862 1909 913 demersit,
1940 868 1986 901 et
2021 863 2207 902 subitam

1328 924 1618 964 valetudinem
1647 925 1747 964 inde
1776 924 2005 964 contraxit.
2060 923 2206 964 Acciti

1329 987 1519 1039 undique
1560 988 1736 1037 Medici,
1764 988 1980 1038 potionem
2017 986 2205 1026 saluber-

1329 1050 1491 1100 rimam,
1512 1057 1556 1090 et
1588 1050 1640 1089 ad
1671 1062 1762 1090 eam
1780 1050 1863 1090 vim
1881 1049 2018 1090 morbi
2046 1049 2207 1101 pellen-

1329 1114 1425 1153 dam
1445 1114 1627 1153 maxime
1650 1114 2030 1164 accommodatam,
2048 1114 2208 1153 consti-

1330 1182 1533 1226 tuerunt3
1561 1189 1685 1229 quam
1704 1189 1797 1216 cum
1830 1177 2056 1228 Philippus
2077 1176 2229 1216 medi-·

1331 1252 1406 1278 cus
1426 1240 1512 1279 suis
1530 1240 1722 1280 manibus
1735 1240 2017 1291 compositam
2036 1244 2083 1280 et
2101 1244 2208 1279 tem-

1330 1309 1521 1354 peratam
1554 1302 1802 1343 Alexandro
1832 1303 2109 1354 porrexisset,
2139 1302 2211 1341 ille

1330 1366 1568 1418 intrepidus
1601 1372 1728 1418 atque
1763 1367 1942 1417 impiger
1975 1365 2131 1416 hausit,
2163 1370 2210 1406 et

1330 1428 1422 1469 sine
1451 1430 1727 1469 cunctatione
1748 1429 1999 1468 medicinam
2020 1440 2210 1480 assump-

1331 1491 1411 1540 sit;
1436 1491 1593 1531 deinde
1622 1492 1782 1541 literas,
1810 1503 1915 1544 quas
1948 1491 2077 1542 paulo
2106 1495 2211 1530 ante

1331 1559 1559 1605 receperat
1603 1565 1629 1592 a
1674 1553 1974 1604 Parmenione,
2006 1552 2210 1604 Philippo

1330 1616 1534 1667 legendas
1568 1616 1759 1656 tradidit.
1816 1616 2105 1656 Continebant
2139 1627 2212 1655 au·

1332 1684 1435 1728 tem,
1464 1687 1512 1718 ut
1542 1678 1624 1719 sibi
1644 1692 1669 1719 a
1687 1679 1877 1731 Philippi
1905 1679 2060 1719 medici
2088 1690 2211 1719 cave-

1331 1748 1400 1781 ret
1418 1741 1597 1789 insidiis,
1616 1741 1813 1794 quoniam
1840 1742 2020 1794 pecunia
2039 1737 2215 1794 corrup·

1332 1810 1419 1855 tus,
1447 1810 1492 1845 et
1520 1817 1596 1857 spe
1623 1805 1870 1856 nuptiarum
1899 1805 2054 1845 sororis
2074 1805 2213 1855 Darii,

1331 1876 1513 1911 mortem
1527 1871 1589 1910 illi
1617 1870 1941 1911 machinaretur.
1996 1870 2098 1910 Fuit
2115 1882 2213 1922 pro·

1332 1933 1449 1974 fecto
1484 1933 1726 1974 Alexandri
1772 1939 1924 1985 pectus
1971 1934 2215 1975 constantia

1334 1997 1637 2048 plenissimum,
1649 1997 1719 2048 qui
1734 2008 1758 2035 a
1773 1997 1939 2037 medico
1950 1996 2043 2048 jam
2059 2009 2214 2048 prope·

1334 2059 1506 2098 modum
1538 2064 1754 2110 suspecto,
1791 2071 1879 2099 suae
1913 2059 2216 2099 incolumitatis

1335 2122 1582 2174 praesidinm
1617 2134 1784 2162 sumere
1819 2134 1904 2162 non
1942 2122 2217 2164 dubitaverit.

1338 2187 1486 2226 Oliver.

1392 2248 1548 2301 Cydno]
1597 2247 1723 2287 Hunc
1767 2247 1942 2287 fiuvium
1988 2248 2217 2292 latitudine

1335 2322 1423 2351 σοι.
1455 2311 1611 2362 pedum
1643 2310 1856 2350 Tharsnm
1882 2323 2044 2362 secare,
2073 2307 2217 2352 Xeno-

1337 2374 1447 2425 phon
1474 2373 1549 2413 lib.
1583 2385 1614 2413 1.
1645 2378 1844 2412 testatur.
1899 2372 2068 2425 Aquam
2105 2374 2217 2426 rapi-

1336 2437 1551 2476 dissimam
1588 2441 1633 2475 et
1666 2435 1864 2486 frigidam
1897 2447 2004 2487 esse,
2034 2441 2218 2477 testatur

1335 2499 1492 2539 Strabo
1526 2499 1598 2539 lib.
1631 2510 1728 2539 xrv.
1770 2495 1883 2536 Vide
1913 2503 1958 2538 et
1987 2498 2216 2539 Arriannm

1338 2573 1387 2601 11.
1415 2562 1602 2601 Solinum
1636 2573 1734 2612 cap.
1754 2563 1823 2600 38..
1842 2561 1913 2612 qui
1943 2560 2052 2601 adeo
2080 2562 2218 2614 limpi-

1336 2626 1436 2665 dum
1467 2626 1576 2666 hunc
1610 2624 1783 2664 fluvium
1813 2636 1905 2664 esse
1939 2630 2140 2673 testatur,
2169 2632 2218 2666 ut

1338 2688 1540 2740 quicquid
1563 2688 1790 2727 candidum
1807 2693 1890 2737 est,
1905 2688 2055 2739 gentili
2073 2689 2218 2741 lingua

1342 2750 1520 2801 Cydnum
1550 2750 1646 2801 Syri
1675 2750 1909 2800 appellent.
1963 2750 2060 2791 Etsi
2097 2751 2218 2792 aliam

1339 2812 1409 2851 hic
1428 2813 1654 2852 lectionem
1674 2810 1827 2852 afferat
1843 2812 2085 2854 Salmasius.

1391 2874 1531 2913 Subito
1557 2876 1597 2914 d.
1625 2887 1675 2914 ex
1704 2875 1824 2914 nimio
1855 2875 1996 2916 haustu
2019 2876 2168 2926 rigoris
2185 2890 2221 2918 o.

1337 2937 1487 2987 nervis]
1517 2936 1764 2989 Legendum
1797 2949 1850 2977 ex
1868 2938 1923 2977 V.
1945 2938 1994 2978 C.
2014 2939 2084 2978 Ea:
2099 2938 2220 2978 nimio

1337 2999 1479 3040 haustu
1511 3001 1682 3050 rigori„
1709 3012 1809 3050 non,
1841 3005 1887 3040 ut
1908 3001 2050 3052 vulgo,
2077 3001 2223 3051 rigore.

1341 3063 1441 3102 Non
1476 3063 1585 3102 enim
1623 3063 1734 3103 bibit
1772 3075 1926 3116 aquam
1959 3063 2224 3114 Alexander,

1341 3126 1417 3165 sed
1439 3125 1662 3166 immersus
1695 3127 1876 3177 rigorem
1908 3125 2051 3166 hausit
2069 3138 2221 3179 corpo·

1341 3199 1404 3227 re.
1462 3188 1584 3237 Pigh.
2109 3200 2112 3204 ’

1424 3250 1732 3303 Obstupefactis]
1800 3252 2062 3292 Contractis.
2142 3253 2222 3293 Est

1342 3312 1456 3353 enim
1485 3320 1646 3364 stupor,
1678 3325 1772 3352 cum
1808 3325 1897 3364 prae
1923 3313 2218 3359 admiratione,

1343 3382 1416 3415 aut
1457 3376 1519 3415 rei
1557 3376 1795 3427 cujuspiam
1823 3376 2015 3427 horrore,
2050 3388 2219 3416 sensnm

1343 3440 1525 3491 aliquem
1540 3440 1772 3479 amittimus
1791 3439 1918 3479 animi
1935 3441 2002 3479 vel
2017 3439 2223 3492 corporis,

1343 3509 1390 3542 ut
1426 3509 1575 3554 stupor
1618 3502 1787 3554 pedum,
1825 3509 1974 3554 stupor
2017 3503 2223 3555 dentium,
