2320 4004
596 331 858 371 vALnRu
902 329 1146 370 MAXIMI
1191 333 1309 370 mu.
1351 330 1406 371 v.
1444 334 1580 373 cAP.
1608 321 1660 373 2.

270 451 522 492 transmutant
537 449 694 501 jacere]
736 449 948 490 Laudavit
966 449 1095 490 etiam

216 527 298 568 pro
342 514 513 565 funere,
549 515 586 554 si
619 526 703 553 non
738 514 874 565 magis
910 513 1096 554 Poe’tica

214 590 342 632 quam
376 578 597 618 Historica
621 577 708 617 fide
737 578 821 617 ista
840 578 1011 630 scripsit
1029 578 1096 617 Si-

213 643 295 683 lius
326 642 405 682 lib.
426 653 470 683 x.
515 643 734 695 ‘Jamque
767 641 956 682 Annibal
989 653 1096 682 unus

212 707 291 747 Sat
308 707 480 747 decoris
511 706 709 746 laudator
731 711 852 755 erat3
887 705 1096 758 fulgentia

209 770 359 822 pingui
392 770 561 810 Murice
592 770 808 822 suspirans
842 768 963 809 inicit
982 769 1096 808 vela·

209 832 338 885 mina,
355 838 402 873 et
428 845 531 873 auro
560 833 780 873 Intextam
813 832 1097 884 chlamydem,

211 907 262 938 ac
281 908 481 949 supremo
502 895 657 936 affatur
671 895 862 937 honore.’
884 897 1014 937 Hunc
1031 897 1092 936 lo-

211 972 308 1001 cum
346 960 511 1001 Valerii
539 973 623 1000 non
675 960 834 1000 tacitus
876 960 1094 1012 praeteriit

209 1025 471 1065 Plutarchus
507 1024 607 1064 dum
646 1024 731 1064 ait:
764 1024 896 1064 Ταῦτα
926 1023 999 1073 μὲν
1025 1022 1093 1063 οὖν

210 1088 296 1142 περὶ
325 1087 539 1141 Κορνήλιον
572 1086 740 1128 Νέπωτα
775 1087 840 1127 ka)
873 1086 1093 1141 Οὐαλήριον

211 1150 383 1203 Μάξιμον
427 1151 666 1205 ἱστορήκασι.
727 1151 870 1192 Aliter
914 1164 1090 1192 narrare

209 1215 273 1255 ait
291 1215 446 1255 ibidem
478 1216 646 1256 Livium
679 1221 726 1257 et
757 1215 975 1257 Caesarem
1000 1216 1089 1258 Au·

208 1285 399 1330 gustum.
430 1279 560 1319 Celer.

259 1342 434 1382 Annibal
467 1341 665 1382 Tiberium
706 1342 946 1395 Gracchum]
992 1344 1089 1386 Quo

205 1411 333 1455 pacto
362 1405 584 1446 Gracchus
611 1406 809 1457 proditus
828 1407 940 1446 hosti
958 1405 1092 1448 fuerit

208 1467 398 1507 aFlavio
424 1468 602 1508 Lucano
633 1468 727 1520 ejus
747 1470 937 1522 hospite,
956 1470 997 1510 in
1019 1483 1089 1512 ca-

206 1531 343 1583 pitulo
362 1531 417 1571 de
446 1531 653 1584 prodigiis
673 1534 961 1575 ostendimus:
992 1547 1089 1576 nam

206 1607 303 1636 cum
327 1596 532 1648 majorem
561 1598 761 1638 Lucaniae
791 1605 974 1651 partem,
992 1612 1088 1654 quae

206 1658 262 1699 ad
291 1658 546 1700 Annibalem
575 1660 812 1712 defecerat,
833 1664 992 1704 virtute
1013 1677 1091 1706 sua

205 1722 250 1762 in
269 1727 533 1774 potestatem
566 1737 666 1777 pop.
695 1727 875 1767 Romani
895 1728 1088 1781 redegis-

204 1791 288 1838 set,
299 1785 353 1826 ad
375 1787 582 1842 reliquam
597 1788 852 1840 capiendam
865 1791 1089 1844 invitatus,

201 1849 256 1889 ab
293 1850 464 1902 bospite
501 1852 661 1903 Flavio,
697 1853 766 1893 cui
794 1854 896 1906 jure
927 1856 1088 1896 veteris

202 1913 376 1967 hospitii
394 1915 523 1957 fidem
545 1929 629 1957 non
658 1917 905 1971 derogabat,
924 1920 968 1960 in
987 1921 1089 1961 insi-

202 1977 295 2019 dias
311 1979 539 2033 deductus,
552 1987 601 2021 et
614 1982 780 2022 occisus
796 1988 878 2033 est,
893 1984 947 2023 de
963 1986 1087 2037 cujus

198 2040 354 2082 funere
383 2043 543 2096 duplex
571 2043 685 2084 fama
719 2049 800 2085 est.
857 2045 943 2086 Alii
973 2048 1087 2087 enim

199 2105 378 2146 tradunt
397 2107 440 2146 in
459 2108 611 2148 castris
639 2108 849 2149 Romanis
868 2111 1086 2162 sepultum

201 2180 228 2209 a
245 2169 350 2222 suis,
365 2170 437 2210 alii
457 2170 511 2210 ab
536 2171 764 2212 Annibale.
823 2174 881 2213 Et
914 2186 965 2213 ea
993 2175 1086 2214 vul-

182 2231 340 2291 =gatior
369 2231 486 2274 fama
518 2240 602 2275 est.
655 2236 857 2277 Tradunt
886 2238 928 2278 in
957 2238 1087 2279 vesti-

200 2294 304 2336 bulo
341 2297 604 2339 Punicorum
651 2306 887 2340 castrorum
934 2314 1084 2354 rogum

200 2359 456 2402 instructum
490 2361 636 2412 fuisse,
672 2370 881 2404 armatum
920 2366 1087 2406 exerci-

202 2430 293 2465 tum
312 2425 553 2467 decurrisse
574 2439 671 2467 cum
705 2428 906 2480 tripudiis
925 2429 1084 2482 Hispa-

198 2500 349 2529 norum
381 2489 652 2543 motibusque
686 2503 898 2532 armorum
926 2498 972 2533 et
991 2506 1085 2534 cor-

198 2565 368 2605 porum,
383 2565 469 2593 suae
498 2554 652 2607 cuique
672 2556 789 2607 genti
805 2557 1002 2607 assuetis,
1021 2557 1086 2609 ip·

199 2628 330 2670 soque
362 2616 578 2657 Annibale
608 2618 723 2658 omni
760 2631 900 2660 rerum
933 2621 1083 2661 verbo-

197 2691 377 2734 rumque
403 2679 564 2722 honore
591 2682 796 2735 exequias
816 2683 1081 2725 celebrante.

198 2742 290 2783 Alii
309 2743 434 2784 aliter
449 2744 644 2796 tradunt,
663 2751 708 2785 et
728 2746 879 2787 dicunt
904 2748 1085 2800 impera-

199 2806 307 2847 toris
326 2807 468 2859 capite
486 2808 630 2848 hostes
654 2810 948 2851 tantummodo
973 2812 1083 2863 poti·

199 2878 268 2910 tos
288 2871 342 2912 ad
372 2871 629 2912 Annibalem
650 2874 873 2926 detulisse,
894 2881 940 2916 et
958 2876 1010 2916 ab
1031 2889 1083 2917 eo

197 2936 346 2976 statim
375 2936 550 2976 Cartalo
577 2938 769 2988 missum,
803 2939 876 2991 qui
914 2941 967 2980 ad
1005 2942 1083 2982 Cn.

198 2998 442 3038 Cornelium
462 3005 720 3051 quaestorem
754 3003 989 3044 Romanum
1010 3005 1084 3045 de-

197 3062 364 3111 ferret;
410 3068 665 3115 quaestorem
703 3064 862 3106 deinde
909 3069 1082 3109 summis

196 3125 399 3177 impensis
413 3127 615 3178 exequias
637 3127 908 3179 imperatoris
930 3130 973 3170 in
991 3142 1083 3171 cas-

201 3189 294 3237 tris,
312 3188 633 3229 celebrantibus
660 3203 757 3230 cum
784 3191 980 3233 exercitu
999 3195 1082 3235 Be·

199 3253 468 3302 neventanis,
481 3251 652 3294 fecisse.
689 3254 900 3295 oliverius.

253 3314 430 3355 Annibal
442 3315 505 3355 M.
522 3317 777 3368 Marcellum]
797 3319 868 3358 De
884 3319 948 3359 M.
964 3320 1082 3360 Mar-

202 3378 313 3418 cello
328 3391 495 3431 quoque
519 3379 681 3419 dictum
711 3386 780 3421 est
797 3381 947 3421 eodem
966 3382 1083 3434 capi-

202 3441 309 3483 tulo.
353 3441 461 3482 Cum
491 3443 607 3483 inter
635 3444 736 3483 bina
765 3451 923 3497 castra,
950 3445 1083 3485 Puni-

202 3514 255 3542 ca
282 3510 411 3555 atque
431 3505 636 3556 Romana,
654 3509 839 3548 tumulus
871 3509 1085 3560 sylvester

1903 323 2044 376 1171

1161 448 1357 504 Romani,
1377 454 1514 506 qualis
1549 457 1664 493 esset
1698 464 1795 505 pars
1826 453 1916 503 illa,
1948 467 2047 507 quae

1159 514 1212 553 ad
1234 515 1379 555 hostes
1408 521 1625 568 vergeret,
1653 516 1929 568 ignorarent:
1960 516 2050 556 An-

1158 578 1275 617 nibal
1294 579 1477 631 insidiis,
1498 592 1622 632 quam
1643 579 1798 621 castris
1830 579 2047 631 aptiorem

1159 654 1256 682 enm
1276 642 1486 693 putabat:
1518 643 1700 683 Romani
1720 642 1763 683 in
1785 643 1940 684 castris
1958 642 2047 684 fre-

1159 705 1349 756 mebant,
1362 707 1658 758 occupandum
1673 719 1768 747 eum
1780 708 1920 747 locum
1937 718 2051 758 esse,

1158 776 1204 809 et
1223 769 1406 809 castello
1425 769 1698 822 firmandum,
1715 783 1787 822 ne,
1806 771 1841 810 si
1862 781 2049 823 occupa-

1158 838 1226 872 tus
1247 831 1300 872 ab
1322 832 1535 873 Annibale
1554 833 1686 885 foret,
1708 834 1828 874 velut
1846 834 1888 873 in
1909 834 2049 873 eervi-

1156 894 1278 935 cibus
1315 896 1482 936 hostem
1523 897 1747 937 haberent.
1818 897 1959 937 Movit
1997 909 2050 937 ea

1155 970 1225 999 res
1246 959 1498 1000 Marcellum
1515 967 1560 1000 et
1580 960 1821 1012 Crispinum
1843 962 1938 1012 ejus
1959 962 2049 1001 col-

1155 1023 1310 1075 legam.
1369 1023 1524 1076 Itaque
1546 1035 1641 1063 eum
1659 1024 1806 1076 paucis
1826 1024 2044 1076 equitibus

1155 1087 1423 1138 exploratum
1444 1086 1651 1138 profecti,
1671 1088 1714 1127 in
1734 1088 1913 1128 insidias
1934 1100 2046 1140 prae-

1155 1152 1406 1203 cipitarunt,
1435 1164 1532 1205 quae
1565 1153 1694 1203 paulo
1730 1159 1830 1193 ante
1867 1152 2047 1194 fuerant

1153 1215 1209 1255 ab
1227 1214 1443 1256 Annibale
1462 1228 1515 1256 eo
1543 1216 1639 1256 loco
1673 1217 1929 1266 collocatae3
1971 1218 2045 1257 ubi

1152 1279 1390 1320 Marcellus
1409 1291 1504 1319 cum
1526 1279 1691 1332 aliquot
1710 1278 1956 1320 fortissimis
1985 1281 2047 1320 vi·

1154 1345 1211 1383 ris
1244 1344 1288 1383 in
1310 1342 1451 1383 medio
1485 1355 1638 1394 caesus,
1661 1343 1829 1394 collega
1850 1344 2046 1383 vulnera-

1155 1411 1238 1457 tus,
1273 1406 1384 1446 filius
1422 1418 1594 1459 quoque
1625 1408 1814 1446 consulis
1850 1408 2046 1459 graviter

1152 1471 1339 1522 saucius,
1361 1470 1523 1523 aliquot
1547 1471 1680 1510 etiam
1711 1471 1829 1522 capti
1850 1470 2045 1523 fuerunt,

1153 1534 1228 1574 sed
1251 1535 1379 1587 paulo
1401 1538 1497 1586 post
1515 1533 1705 1573 Annibal
1725 1534 1928 1574 Marcelli
1949 1547 2045 1575 cor·

1153 1611 1233 1651 pus
1267 1599 1488 1638 inventum
1534 1599 1768 1648 sepulturae
1803 1599 2042 1639 mandavit.

1154 1662 1307 1703 Cicero
1327 1662 1370 1701 in
1391 1661 1559 1702 Catone
1578 1661 1747 1713 Majore
1765 1675 1776 1702 ε
1806 1664 1818 1685 ‘
1836 1663 1900 1703 M.
1923 1663 2046 1702 Mar-

1152 1726 1250 1765 celli
1263 1724 1485 1765 interitum
1507 1736 1588 1764 nec
1613 1724 1937 1765 crudelissimus
1949 1726 2044 1779 qui-

1151 1789 1249 1829 dem
1269 1788 1403 1829 hostis
1431 1789 1596 1829 bonore
1626 1789 1859 1841 sepulturae
1889 1800 2039 1829 carere

1150 1866 1301 1906 passus
1332 1852 1430 1894 est!
1466 1853 1618 1894 Oliver.
1672 1854 1871 1906 Contigit
1904 1854 1963 1895 A.
1985 1855 2042 1898 U.

1150 1928 1298 1958 DXLV.

1203 1980 1255 2020 In
1283 1992 1383 2031 agro
1410 1980 1578 2032 Brutia]
1608 1979 1659 2020 In
1692 1979 1867 2033 Apulia,
1899 1981 2043 2035 inquit

1149 2042 1297 2083 Livius
1316 2044 1427 2083 libro
1444 2055 1596 2085 xxvu.
1645 2045 1810 2085 Corrad.

1202 2106 1369 2158 Sagulo]
1400 2107 1537 2147 Veste
1572 2107 1765 2149 militari.
1820 2109 1930 2151 Quae
1950 2120 2040 2148 om-

1147 2171 1218 2211 nia
1237 2173 1363 2212 simul
1382 2172 1555 2212 honoris
1569 2184 1696 2212 causa
1711 2173 1754 2212 in
1773 2184 1924 2224 rogum
1940 2185 2041 2214 con-

1139 2233 1419 2285 jiciebantur.

1201 2299 1377 2350 Corona]
1412 2299 1527 2342 Quia
1552 2299 1708 2351 saepius
1727 2299 1868 2340 victor
1894 2312 2040 2340 evase·

1149 2368 1243 2403 rat:
1273 2376 1370 2403 nam
1406 2365 1640 2405 Marcellus
1665 2365 1728 2404 ad
1762 2365 1920 2404 Nolam
1954 2366 2040 2417 pri-

1149 2439 1239 2466 mus
1273 2427 1530 2469 Annibalem
1561 2430 1674 2469 vinci
1714 2442 1842 2481 posse
1874 2429 2039 2479 docuit,

1147 2498 1193 2530 et
1221 2490 1275 2529 de
1305 2492 1378 2531 illo
1409 2505 1526 2546 saepe
1562 2494 1784 2534 victoriam
1817 2495 1862 2534 in
1895 2499 2041 2534 castra

1147 2556 1406 2606 reportavit.

1199 2619 1452 2671 Lachrymis]
1511 2620 1571 2661 Ut
1608 2619 1649 2659 in
1687 2620 1860 2661 Caesare
1898 2620 2042 2673 patuit

1147 2692 1250 2733 erga
1265 2682 1537 2733 Pompeium.

1199 2743 1386 2784 Arbitria
1404 2744 1636 2798 statuentis]
1667 2745 1826 2786 Dantis
1857 2745 2039 2786 arbitra-

1147 2807 1251 2848 riam
1272 2809 1550 2849 sententiam.
1796 2815 1800 2818 '

1202 2873 1313 2914 CAP.
1331 2885 1383 2913 11.
1405 2875 1427 2926 ς
1451 2878 1472 2913 1
1493 2875 1626 2925 Atque
1645 2879 1689 2915 at
1709 2889 1733 2916 a
1750 2875 1918 2928 publicis
1936 2876 2039 2914 actis

1145 2937 1301 2988 ordiar]
1342 2937 1448 2976 Cum
1485 2935 1663 2977 annona?⁴
1694 2938 1854 2978 caritas
1888 2938 2037 2977 urbem

1145 3002 1411 3052 incessisset,
1428 3002 1614 3043 Senatus
1650 3002 1960 3045 frumentatum
1992 3002 2035 3040 in

1146 3066 1397 3117 peregrinas
1418 3066 1611 3116 regiones
1646 3066 1815 3117 legatos
1845 3065 2034 3105 dimisit:

1145 3129 1217 3182 qui
1263 3142 1360 3169 cum
1394 3128 1599 3169 frumenti
1635 3130 1800 3180 coplam
1834 3129 2035 3168 advexis-

1146 3198 1259 3244 sent,
1277 3194 1357 3233 Cn.
1370 3193 1434 3233 M.
1455 3193 1710 3233 Coriolanus
1727 3191 1842 3244 plebi
1864 3202 2035 3241 semper

1144 3255 1352 3307 infensus,
1387 3255 1612 3305 censebat,
1652 3266 1734 3294 non
1775 3253 1892 3304 prius
1925 3252 2035 3291 divi·

1146 3320 1333 3360 dendum
1367 3320 1481 3359 inter
1517 3318 1686 3369 plebem
1721 3327 1816 3356 esse
1845 3313 2036 3354 frumen·

1146 3390 1254 3435 tum,
1272 3397 1398 3436 quam
1419 3395 1499 3434 per
1519 3381 1804 3421 secessionem
1823 3382 2035 3428 usurpata

1140 3447 1243 3499 jura.
1285 3446 1571 3487 restituissent
1607 3442 1818 3495 patribus.
1873 3441 2032 3482 Quam-

1147 3509 1295 3549 obrem
1315 3510 1378 3549 ira
1396 3508 1535 3560 plebis
1555 3507 1595 3545 in
1625 3504 1796 3545 exilium
1818 3507 1956 3551 actus,
1976 3501 2030 3541 ad

202 3574 332 3618 esset,
346 3569 544 3609 &neutris
556 3571 692 3622 primo
702 3565 955 3624 occupatum
971 3572 1090 3625 quod
1146 3568 1585 3624 Volscosprofectus,
1602 3567 1733 3620 paulo
1754 3570 1853 3618 post
1873 3564 2032 3606 bellum
