2288 3990
515 319 775 363 vanssnn
820 316 1061 358 MAx1M1
1106 316 1225 357 ms.
1255 315 1295 355 1.
1334 315 1470 355 GAP.
1495 303 1548 356 6.

122 444 264 486 fuscet
310 441 468 483 vellera
522 437 676 491 pullis!
745 437 994 480 Juvenalis:

121 511 133 531 ‘
152 505 312 548 Pullati
348 502 576 556 proceres.’
631 501 728 542 Hoc
774 505 858 550 est,
904 506 996 539 atra

122 575 241 611 veste
251 567 410 610 induti.

172 627 518 679 Pdudmmtum]
581 627 690 668 Haec
760 624 997 678 appellatio

122 693 299 746 propria
352 697 418 732 est
473 689 770 742 Imperatoriae
832 687 995 728 vestis:

117 767 370 810 qumquam
382 758 428 795 et
443 754 649 795 tribuitur
662 752 888 806 aliquando
904 751 996 791 aliis

118 818 248 861 etiam
266 816 486 858 militibus.
541 817 695 856 Forma
723 814 997 868 paludamen-

120 882 154 922 ti
181 886 293 930 erat,
318 885 367 920 ut
397 885 590 920 extrema
620 877 897 930 longitudinis
930 888 997 916 es-

117 949 213 984 sent
244 943 443 996 utrinque
481 946 675 993 angusta,
702 940 797 980 imis
834 938 997 979 latiori·

118 1007 210 1047 bus.
263 1006 392 1047 Color
410 1006 503 1057 ejus
533 1004 728 1054 eximius,
755 1007 800 1042 et
826 1001 998 1054 quidem

118 1081 143 1110 e
159 1081 305 1111 cocco.
361 1069 469 1108 Erat
487 1068 617 1107 etiam
636 1066 795 1116 album,
821 1076 906 1117 quo
935 1063 998 1103 in-

118 1132 286 1172 terdum
306 1131 388 1181 nsi,
414 1130 491 1171 sed
510 1130 660 1179 rarius,
687 1128 882 1170 crebrius
903 1139 1000 1168 coc-

118 1205 210 1235 ceo.
263 1193 556 1246 Imperatores
575 1194 690 1232 inter
718 1197 820 1232 vota
849 1195 895 1230 et
925 1190 1000 1230 im-

116 1256 368 1298 molationes
399 1255 590 1306 exibant,
617 1260 663 1295 et
699 1259 804 1294 tunc
833 1257 998 1293 vestem

115 1319 227 1360 hanc
244 1318 502 1371 capiebant:
523 1329 618 1371 quae
638 1315 850 1368 profectio
867 1316 999 1356 etiam

118 1381 302 1423 celebris
321 1393 416 1422 esse
449 1381 615 1421 solebat
642 1378 888 1432 frequentia
923 1378 1000 1418 de-

119 1445 365 1487 ducentium
401 1443 846 1497 prosequentiumque.
886 1441 999 1493 Lips.

118 1507 490 1557 Palndamentum,
503 1511 618 1547 teste
638 1505 795 1556 Nonio,
815 1509 885 1545 est
903 1516 998 1544 ves-

120 1569 193 1616 tis,
220 1581 333 1610 nnnc
351 1570 557 1620 chlamys.

170 1632 238 1672 Aa
264 1632 482 1684 principia]
508 1629 736 1682 Principes
774 1630 999 1681 appellan-

119 1699 206 1746 tur,
245 1693 319 1746 qui
347 1691 392 1733 in
422 1692 614 1733 secunda
644 1692 740 1733 acie
773 1693 1015 1742 locantur-3.

118 1769 218 1799 nam
248 1768 344 1797 cnm
367 1755 534 1797 Velites
569 1755 695 1807 primi
737 1754 799 1795 ita
843 1754 1000 1794 leviter

117 1818 314 1870 proelium
332 1818 617 1868 committant,
644 1822 696 1858 ut
714 1818 786 1870 qui
813 1817 998 1869 primum

115 1880 232 1921 hosti
248 1880 422 1931 cedant,
447 1891 594 1920 eorum
613 1891 712 1920 cum
738 1879 863 1919 hoste
896 1890 997 1919 con-

115 1955 286 1996 gressus
305 1944 456 1996 dignus
474 1955 557 1984 non
575 1954 670 1983 esse
686 1942 874 1993 videtur,
902 1955 998 1996 quae

118 2018 260 2059 pugna
277 2006 548 2059 appelletur;
572 2005 689 2046 unde
709 2005 938 2058 principia,
955 2004 1000 2049 id

119 2074 202 2120 eat,
227 2067 440 2120 principes
467 2067 776 2120 subsequentes
811 2067 1001 2119 insignes

117 2130 244 2171 armis
285 2130 530 2183 viribusque
563 2129 748 2170 ferocius
793 2135 1004 2182 pugnant,

118 2193 246 2246 hique
283 2193 462 2245 primam
497 2204 685 2244 pugnam
730 2193 1001 2235 committere

121 2256 338 2297 dicuntur.
382 2256 499 2307 Ergo
516 2255 570 2296 ad
585 2254 907 2307 principia,hoc
921 2261 1004 2306 est,

119 2318 173 2358 ad
194 2317 375 2370 primam
403 2318 558 2364 aciem,
584 2330 683 2370 quae
717 2325 817 2369 post
830 2318 1002 2359 Velites

123 2385 170 2420 et
186 2380 463 2420 Ferentarios
482 2383 688 2424 remanet,
718 2391 770 2419 eo
789 2379 901 2431 quod
920 2379 1003 2430 ipsi

122 2451 309 2493 pugnam
329 2451 480 2482 revera
505 2441 736 2492 incipiant:
765 2452 865 2481 nam
884 2442 1002 2482 Veli-

122 2509 217 2545 tum
249 2503 506 2556 praeludium
535 2503 669 2555 magis
699 2515 826 2556 quam
857 2516 1004 2556 pugna

122 2579 216 2609 esse
259 2567 500 2610 videbatur.
539 2575 541 2578 ’
570 2569 822 2610 Terentius:
866 2570 879 2592 ‘
908 2570 1002 2621 Ego

122 2642 226 2671 vero
260 2635 356 2682 post
391 2630 604 2682 principia
638 2631 834 2672 omnibus
878 2633 1003 2684 signa

123 2691 264 2734 dabo!
317 2692 517 2734 Secunda
559 2693 673 2734 acies
717 2699 812 2734 erat
842 2695 1000 2747 princi-

123 2767 239 2808 pum,
265 2754 357 2797 sive
386 2755 665 2810 hastatorum,
701 2758 832 2798 tertia
866 2758 1002 2800 subsi-

124 2817 367 2859 diariornm.
395 2818 548 2861 oliver.

181 2880 319 2921 Vetere
347 2881 545 2933 instituto]
572 2881 640 2923 De
672 2894 755 2935 quo
783 2882 929 2925 Livius
951 2883 1002 2924 li-

122 2942 203 2983 bro
229 2953 291 2983 xv.
319 2948 418 2996 post
446 2944 687 2997 Polybium,
714 2945 785 2998 qui
817 2946 892 2987 lib.
920 2958 1001 2988 xv.

122 3005 206 3046 boc
224 3005 468 3046 institutum
487 3006 540 3047 ab
561 3007 632 3047 illo
656 3020 782 3048 versu
802 3009 1002 3050 Homeri-

125 3078 207 3108 co.
235 3067 294 3108 oin
306 3067 384 3121 ’γὰρ
396 3066 550 3109 πάντων
566 3067 635 3116 ἦεν
663 3069 754 3119 ὁμὸς
770 3070 895 3123 θρόος,
923 3071 1003 3111 οὐδ’

123 3131 312 3184 ϊαγῆρνς,
338 3132 529 3174 deducit.
559 3135 730 3176 Cotem.

174 3195 429 3247 Aquilonem]
469 3196 642 3250 Aquila,
669 3204 718 3238 ut
748 3202 912 3250 notum,
937 3205 1003 3241 est

126 3256 290 3309 signum
307 3259 504 3299 militare.

178 3320 412 3379 Primipilo]
462 3321 709 3374 Primipilus
747 3328 842 3364 erat
872 3329 1003 3375 capnt

129 3386 175 3422 ct
187 3381 339 3423 ductor
353 3384 534 3424 omnium
550 3386 859 3427 centurionum.
911 3387 1002 3427 Eti-

131 3453 199 3482 am
215 3443 260 3483 in
278 3446 482 3497 collegam
512 3458 632 3486 suum
662 3448 880 3489 sinistrum
905 3449 1002 3489 Pri·

132 3504 317 3556 mipilnm
338 3508 412 3556 jus
441 3509 609 3562 aliquod
630 3511 830 3552 habebat.
887 3513 1002 3553 Nam

1837 300 1945 355 959

1061 435 1153 475 haec
1173 435 1226 476 de
1247 435 1401 475 dextro
1419 430 1671 484 accipienda
1691 434 1737 470 et
1764 443 1946 484 summo,

1060 498 1142 536 nisi
1162 503 1302 537 tamen
1323 496 1548 549 imperium
1564 495 1642 534 hoc
1658 493 1847 534 habuere
1868 506 1946 547 per

1060 559 1190 600 vices.
1245 559 1495 611 Imperabat
1523 557 1698 610 quidem
1732 569 1820 596 suae
1842 557 1949 598 dun·

1062 627 1185 662 taxat
1219 623 1445 674 centuriae,
1491 622 1568 662 sed
1605 621 1707 673 quia
1743 620 1947 667 mandata

1059 684 1354 736 Imperatoris,
1386 691 1461 725 aut
1496 684 1782 724 Tribunorum
1830 696 1945 737 saepe

1061 759 1141 799 per
1156 748 1274 788 illum
1294 748 1534 788 edebantur
1553 748 1595 787 in
1614 747 1784 798 vulgus,
1813 746 1945 787 etiam

1060 810 1104 850 in
1125 811 1234 861 acie,
1254 811 1299 850 in
1318 812 1485 862 agmine
1505 811 1622 850 illum
1645 810 1949 862 aspectabant,

1060 880 1106 915 et
1125 874 1179 914 ad
1198 875 1292 926 ejus
1323 881 1474 915 nutum
1499 875 1727 923 sistebant,
1755 878 1830 914 aut
1850 886 1948 926 pro·

1061 936 1290 988 cedebant,
1317 937 1418 978 ideo
1449 937 1549 990 quia
1585 936 1785 989 Aquilam
1824 949 1949 989 rege·

1059 998 1149 1047 bat,
1179 1000 1364 1052 primum
1403 1001 1586 1052 signnm.
1643 1001 1703 1040 Et
1736 999 1809 1040 ita¹
1837 1012 1948 1051 prae-

1060 1068 1155 1103 erat
1187 1063 1374 1116 AquiIae,
1396 1069 1446 1103 ut
1479 1063 1608 1103 etiam
1639 1062 1720 1103 sub
1750 1062 1833 1102 iter
1853 1062 1948 1115 ipse

1060 1127 1269 1168 evelleret
1287 1127 1485 1179 refixam,
1513 1134 1560 1168 et
1583 1125 1789 1179 signifero
1809 1138 1885 1167 sno
1903 1127 1948 1166 in

1061 1200 1210 1229 manus
1230 1189 1382 1230 daret:
1413 1189 1649 1243 quinetiam
1670 1189 1712 1228 in
1733 1188 1828 1240 ipsa
1855 1188 1948 1233 acie

1063 1252 1306 1305 assistebat,
1332 1258 1378 1294 et
1397 1254 1619 1294 tuebatur.
1676 1252 1791 1295 Quia
1816 1252 1949 1304 igitur

1062 1314 1221 1368 Aquila
1237 1317 1282 1357 in
1300 1317 1515 1370 Primipili
1535 1317 1685 1368 tutela,
1704 1321 1750 1356 et
1769 1316 1808 1356 ei
1828 1317 1950 1357 velut

1061 1379 1291 1431 assignata,
1332 1379 1432 1419 inde
1467 1378 1672 1430 manavit,
1710 1385 1758 1419 ut
1788 1377 1951 1432 Aquila

1063 1452 1142 1492 pro
1160 1441 1256 1493 ipso
1283 1441 1358 1482 illo
1388 1453 1565 1482 munere
1600 1446 1647 1481 et
1670 1441 1950 1492 Primipilatu

1062 1509 1357 1556 usurparetur.
1403 1505 1519 1545 Huic
1535 1503 1700 1544 muneri
1718 1515 1801 1543 non
1821 1503 1950 1545 modo

1062 1567 1263 1619 dignitas,
1289 1568 1365 1608 sed
1394 1574 1441 1609 et
1471 1580 1576 1619 opes
1609 1568 1841 1618 adjunctae.
1895 1566 1951 1608 In

1063 1629 1224 1671 Codice
1242 1629 1477 1672 justiniani
1508 1634 1554 1668 et
1582 1628 1826 1679 Theodosii,
1852 1628 1950 1668 Pri·

1060 1691 1198 1743 mipili
1216 1704 1367 1732 munus
1386 1691 1667 1732 ministerium
1685 1690 1821 1742 magis
1849 1690 1951 1743 fnit,

1059 1766 1186 1806 quam
1205 1755 1366 1795 honos:
1399 1755 1463 1795 sic
1488 1755 1600 1794 enim
1632 1753 1755 1804 dicti,
1785 1753 1858 1806 qui
1893 1754 1948 1794 ad

1060 1816 1300 1868 pascendos
1320 1817 1479 1857 milites
1499 1815 1732 1856 solenniter
1752 1814 1807 1854 ad
1838 1814 1949 1855 limi-

1060 1883 1149 1919 tem
1179 1878 1467 1920 destinantur.
1495 1878 1608 1930 Lips.
1665 1876 1774 1917 Ideo
1803 1881 1950 1917 autem

1061 1942 1315 1994 Primipilum
1335 1954 1414 1995 pro
1445 1940 1811 1982 administratione
1840 1939 1949 1980 mili·

1062 2003 1166 2044 tatis
1201 2016 1383 2045 annonae
1420 2002 1620 2055 usurpari
1656 2002 1803 2054 coepit,
1847 2001 1950 2054 quia

1062 2067 1195 2107 Primi
1203 2067 1278 2119 pili
1297 2067 1617 2108 centurionibus
1646 2064 1948 2115 mandabatur,

1063 2136 1112 2172 ut
1131 2142 1225 2171 eam
1245 2143 1455 2172 annonam
1481 2130 1566 2170 suis
1596 2129 1804 2169 militibus
1838 2140 1950 2180 prae·

1062 2192 1232 2242 herent,
1265 2205 1425 2246 eosque
1461 2193 1574 2234 bene
1607 2197 1780 2233 curatos
1818 2191 1948 2243 Reip.

1064 2269 1160 2297 cum
1189 2269 1289 2298 usus
1321 2256 1452 2309 foret,
1480 2261 1755 2308 praestarent.
1774 2255 1803 2295 1.
1822 2266 1899 2296 111.
1917 2255 1948 2297 l.

1063 2331 1146 2361 vn.
1166 2326 1212 2361 et
1228 2332 1335 2360 vm.
1355 2332 1450 2372 cap.
1471 2320 1525 2360 de
1545 2320 1651 2360 Coh.

1121 2383 1293 2434 Optimoe
1309 2382 1473 2433 indolis]
1503 2384 1552 2424 L.
1573 2383 1750 2423 Crassus
1777 2381 1951 2423 diceba·

1065 2450 1149 2487 tur.
1205 2446 1292 2487 Hic
1309 2446 1425 2487 bello
1460 2446 1633 2488 Gallico
1665 2446 1744 2487 sub
1776 2447 1949 2487 Caesare

1063 2509 1267 2560 militans,
1296 2510 1432 2550 multa
1449 2507 1638 2550 facinora
1656 2510 1831 2550 virtutis
1859 2509 1948 2549 edi-

1064 2569 1207 2622 derat,
1235 2577 1281 2611 et
1299 2584 1394 2611 cum
1414 2576 1538 2624 pater
1565 2571 1609 2611 in
1634 2572 1744 2612 hanc
1773 2570 1952 2624 expedi·

1063 2633 1224 2674 tionem
1244 2634 1608 2686 proficisceretur,
1637 2646 1733 2674 eum
1754 2647 1779 2674 a
1797 2635 1949 2676 militia

1066 2696 1248 2738 Caesaris
1291 2697 1466 2750 excivit,
1511 2710 1610 2738 cum
1647 2709 1762 2749 aegre
1799 2698 1950 2739 Caesar

1063 2759 1183 2799 illum
1220 2760 1476 2811 dimitteret,
1523 2771 1648 2812 quem
1696 2764 1796 2800 ante
1843 2771 1947 2800 con·

1062 2827 1256 2874 spectum
1277 2823 1411 2876 patris
1430 2834 1590 2864 caesum
1608 2822 1742 2864 fuisse
1759 2827 1948 2864 constat.

1068 2886 1216 2927 Oliver.

1125 2949 1269 2990 Vellem
1301 2949 1473 3002 equidem
1499 2948 1713 3001 placidius,
1746 2949 1815 2989 sed
1848 2949 1948 2999 quod

1062 3014 1193 3053 relatu
1226 3025 1362 3052 verum
1396 3014 1474 3065 est]
1521 3013 1615 3053 Nec
1651 3011 1828 3058 Badius,
1864 3022 1947 3051 nec

1065 3076 1305 3117 Glareanus
1323 3083 1461 3117 semet
1476 3077 1601 3128 plane
1614 3073 1686 3116 hic
1701 3076 1946 3128 explicant;

1065 3139 1250 3190 abrupta
1269 3140 1380 3179 enim
1401 3145 1447 3180 et
1467 3139 1647 3180 obscura
1676 3145 1742 3179 est
1777 3142 1947 3177 senten·

1064 3201 1137 3242 tia.
1164 3202 1267 3242 Tria
1277 3202 1554 3253 exemplaria,
1564 3201 1805 3251 Susianum‚
1819 3200 1947 3239 Gem-

1063 3265 1281 3316 blacense,
1316 3271 1363 3305 et
1399 3266 1650 3316 campense,
1679 3275 1763 3303 uno
1794 3260 1945 3301 addito

1062 3329 1290 3379 vocabulo,
1333 3330 1448 3379 quod,
1493 3333 1658 3368 textum
1709 3326 1945 3366 illustrant.

1063 3391 1220 3443 Vulgo,
1243 3392 1311 3431 sed
1329 3391 1456 3431 relatu
1469 3401 1601 3429 verum
1620 3391 1692 3427 est.
1737 3386 1834 3425 Hoc
1853 3390 1940 3426 est:

1062 3453 1231 3493 Vellem
1269 3452 1443 3505 quidem
1478 3450 1683 3501 placidius
1724 3459 1775 3488 ac
1808 3447 1943 3488 levius

1062 3525 1132 3555 me
1151 3514 1205 3554 de
1222 3514 1286 3555 his
1308 3525 1429 3565 posse
1447 3511 1578 3562 loqui,
1606 3509 1679 3549 sed
1701 3509 1814 3561 quod
1835 3510 1943 3550 rela-
