2288 3990
539 314 801 362 vannum
844 313 1086 353 ΜΑΧΙΜΙ
1132 316 1251 355 mn.
1290 317 1385 356 ιιι.
1423 303 1630 358 οΑΡ.2.

166 438 383 492 Antiquis.
415 438 544 480 Celer.

220 502 489 553 Renidensque
525 512 633 540 servo
662 499 829 551 publico,
862 498 928 549 qui
956 510 1041 538 eam

163 564 402 615 tradiderat]
446 563 566 603 Vera
602 564 733 603 lectio
763 562 968 602 remansit
997 561 1040 600 in

161 627 455 678 Atrebatensi‚
487 625 805 675 Gemblacensi,
841 625 1040 675 Susiano,

163 697 212 732 et
242 690 581 730 Pulmanniano:
630 691 898 741 Renidensque
932 701 1042 728 servo

159 752 326 806 publico,
353 753 420 805 qui
453 766 537 793 eam
567 753 803 803 tradiderat,
838 750 1044 791 subintel-

163 818 269 869 lige,
286 817 408 858 dixit.
464 817 517 856 In
544 815 842 856 Wincheliano
876 813 1042 853 Ridens-

161 879 425 931 quelegitur.
481 878 628 931 Atque
659 878 752 916 haee
785 876 1044 916 conveniunt

166 943 386 985 Ciceronis
414 943 585 984 omnino
614 942 772 992 verbis,
803 941 874 993 qui
902 942 956 981 de
977 953 1044 980 ea-

165 1005 264 1047 dem
300 1018 348 1047 re
378 1006 469 1047 ita:
508 1007 520 1029 ‘
541 1007 639 1048 Quo
672 1006 814 1045 sonitu
858 1004 1044 1055 reddito,

166 1068 374 1118 arridens,
408 1068 599 1120 Propino
628 1068 740 1118 hauc,
764 1067 919 1119 inquit,
950 1068 1044 1119 pul-

165 1132 270 1172 chro
287 1131 457 1180 Critiae,
475 1131 547 1183 qui
568 1130 612 1169 in
632 1142 726 1169 eum
747 1128 892 1169 fuerat
910 1135 1045 1169 teter-

166 1194 329 1236 rimus?
401 1194 614 1235 Renidere
654 1201 798 1234 autem
837 1198 905 1233 est
949 1194 1046 1233 leve

167 1270 219 1299 ac
236 1258 392 1298 salsum
407 1257 563 1297 ridere.
592 1257 718 1307 Pigh.
780 1256 902 1296 Servo
917 1257 1047 1308 publi·

165 1320 233 1374 co]
279 1321 456 1373 Lictori,
485 1322 554 1360 vel
585 1320 870 1372 Magistratus
903 1321 1046 1360 minis·-

169 1389 251 1426 tro.

188 1474 190 1476 -
226 1448 385 1499 Critiae,
402 1448 547 1500 inquit,
561 1448 744 1500 propino]
782 1447 917 1490 Quasi
941 1447 1048 1487 divi-

168 1522 271 1552 nans
290 1511 403 1564 quod
421 1511 612 1550 futurum
630 1517 740 1557 erat,
757 1517 807 1551 ut
825 1512 1047 1562 exigeren-

170 1581 245 1615 tur
261 1586 424 1625 omnes,
451 1574 608 1614 Critias
636 1575 921 1615 occideretur.
977 1576 1047 1614 Ci-

169 1650 268 1679 cero
286 1638 456 1677 Tuscul.
474 1637 546 1677 lib.
567 1649 598 1676 1.
627 1639 640 1659 ‘
662 1637 801 1678 Quam
819 1649 888 1677 me
904 1637 1047 1678 delec-

166 1700 264 1752 tat,’
277 1701 433 1754 inquit,
445 1702 458 1724 ‘
469 1700 778 1751 Theramenes,
793 1713 918 1752 quam
935 1701 1048 1741 elato

169 1765 312 1804 animo
348 1764 446 1804 est?
492 1763 575 1803 etsi
613 1764 724 1803 enim
760 1761 912 1802 fiemus
950 1775 1048 1803 cum

167 1827 366 1880 legimus,
389 1831 530 1878 tamen
551 1839 635 1866 non
654 1827 961 1866 miserabiliter
984 1827 1050 1866 vir

168 1891 309 1932 clarus
323 1890 530 1930 emoritur
543 1903 556 1940 ;
570 1902 667 1930 cum
684 1889 815 1929 etiam
828 1890 1048 1941 conjectus

166 1954 212 1995 in
231 1965 448 1995 carcerem
468 1953 646 2005 triginta
665 1959 944 2005 tyrannorum
958 1953 1050 2004 jus·

169 2029 233 2066 su,
259 2028 574 2070 venenumque,
602 2021 652 2056 ut
668 2016 806 2057 sciens
826 2016 1051 2067 ebibisset,

170 2081 379 2134 reliquum
415 2080 476 2120 sie
511 2091 537 2119 e
569 2080 722 2131 poculo
750 2079 900 2131 ejecit,
930 2085 978 2119 ut
1007 2079 1052 2119 id

171 2147 418 2192 resonaret;
455 2153 540 2195 quo
569 2143 713 2182 sonitu
743 2141 930 2191 reddito,
950 2143 1054 2182 arri-

172 2204 298 2256 dens,
331 2206 542 2257 Propino,
578 2206 735 2257 inquit,
753 2206 833 2245 hoc
872 2206 1053 2257 pulchro

173 2267 341 2318 Critiae,
359 2268 432 2320 qui
451 2268 493 2307 in
509 2280 604 2307 eum
621 2267 762 2307 fuerat
778 2269 1053 2308 deterrimus.

174 2329 321 2369 Graeci
340 2330 452 2369 enim
471 2330 515 2369 in
535 2330 740 2369 conviviis
759 2331 899 2370 solent
922 2331 1055 2370 nomi·

172 2403 294 2443 nare,
337 2391 406 2432 cui
452 2393 652 2442 poculum
706 2393 908 2432 tradituri
955 2395 1054 2434 sint.

172 2454 312 2496 Jussit
342 2454 408 2493 vir
436 2455 635 2506 egregius
655 2455 698 2494 in
718 2461 912 2496 extremo
931 2457 1054 2508 spiri-

175 2524 240 2568 tu,
268 2530 365 2557 cum
397 2518 491 2570 jam
528 2519 775 2570 praecordiis
810 2525 1054 2571 susceptam

172 2587 355 2622 mortem
374 2588 684 2634 contemneret,
715 2596 900 2637 vereque
921 2586 961 2626 ei
981 2587 1054 2639 qui

176 2656 383 2685 venenum
429 2646 691 2699 praebuerat,
712 2654 914 2688 mortem
961 2661 1051 2691 eam

175 2712 244 2748 est
262 2714 512 2761 auguratus,
539 2722 634 2762 quae
663 2710 785 2751 brevi
820 2719 1055 2753 consecuta

174 2771 273 2812 cst.’
299 2773 454 2812 Oliver.

229 2834 559 2887 Existimatione]
585 2837 614 2878 J
619 2838 758 2878 udicio
770 2839 1053 2881 inimicorum.

227 2898 251 2949 §
279 2900 306 2936 7
336 2898 578 2939 Numantino
593 2901 700 2952 vero]
717 2901 938 2953 Perpetuo
953 2915 1053 2942 con-

173 2963 317 3011 textu,
336 2965 536 3013 tanquam
554 2963 808 3015 principium
835 2965 1055 3017 sequentis

174 3023 433 3063 narrationis
461 3037 516 3064 ex
544 3024 629 3064 fine
660 3027 952 3076 praecedentis
979 3027 1054 3067 de-

175 3085 379 3137 pendeat,
390 3087 610 3126 connectit
627 3092 751 3127 autor
766 3090 1054 3130 narrationem

176 3158 310 3188 suam.
340 3149 476 3191 Quasi
494 3150 636 3190 dicat:
655 3152 942 3191 Theramenes
962 3154 1054 3205 qui-

175 3209 274 3251 dem
291 3223 344 3251 ex
362 3212 495 3252 literis
509 3211 806 3254 fortitudinem
827 3215 1053 3268 didicerat,

176 3271 253 3311 sed
269 3273 483 3324 Theogeni
504 3275 786 3327 Numantino,
809 3277 854 3317 id
880 3283 961 3328 est,
979 3281 1055 3319 uni

178 3347 232 3374 ex
250 3336 515 3388 principibus
537 3338 783 3379 Numantiae
810 3340 927 3381 urbis
954 3341 1056 3382 His·

179 3399 335 3450 paniae,
347 3412 473 3451 quam
489 3402 631 3453 Scipio
646 3402 699 3442 ad
715 3404 927 3444 excidium
940 3417 1054 3445 com-

181 3458 305 3510 pulit,
332 3459 537 3502 ferocitas
573 3466 715 3515 gentis
753 3479 857 3517 suae,
889 3468 933 3507 id
973 3474 1055 3518 est,

181 3532 266 3573 qua
291 3519 384 3562 fere
415 3536 561 3565 omnes
600 3527 854 3572 Numantini
883 3531 1055 3583 praediti

286 3587 432 3641 Delph.
445 3597 485 3630 et
501 3593 597 3635 ναν.
617 3595 724 3636 Clas.

974 3590 1063 3639 Val.
1085 3599 1204 3639 Max.

1845 303 1988 359 1089

1107 447 1202 476 esse
1223 438 1379 489 solent,
1398 437 1543 478 extitit
1564 435 1683 490 quasi
1711 435 1914 487 magistra
1934 437 1988 477 ad

1105 501 1432 550 capessendam,
1451 501 1494 541 id
1520 506 1603 550 est,
1621 501 1858 541 obeundam
1879 502 1990 541 simi-

1107 561 1191 600 lem
1238 562 1460 602 virtutem.
1505 563 1672 603 Badius.
1729 563 1987 614 Numantino,

1105 623 1194 676 ξω]
1224 625 1332 664 Cum
1361 627 1637 667 Numantiam
1658 625 1880 667 obsideret
1897 627 1990 667 Sei-

1107 688 1179 740 pio
1211 690 1439 741 posterior,
1472 692 1715 742 complures
1747 690 1989 742 oppidanos

1107 765 1162 791 ex
1209 752 1313 792 urbe
1361 765 1614 805 progressos
1653 754 1707 794 ad
1745 754 1989 805 colligenda

1106 813 1324 854 frumenta
1338 815 1536 866 palantes
1554 828 1631 868 per
1644 829 1769 868 agros
1789 817 1989 857 occidere

1110 878 1262 928 vetuit,
1292 878 1407 931 quod
1426 879 1595 920 diceret
1614 893 1665 920 eo
1684 879 1855 921 facilius
1872 881 1988 933 quic-

1109 941 1211 992 quid
1251 940 1458 982 frumenti
1492 948 1609 982 esset
1641 944 1682 982 in
1721 944 1856 995 Urbe,
1886 956 1988 984 con·

1108 1010 1354 1057 sumpturos
1382 1017 1492 1056 esse,
1529 1018 1612 1058 quo
1650 1007 1794 1058 plures
1830 1014 1990 1047 essent.

1109 1067 1221 1108 Nam
1245 1068 1358 1120 quod
1379 1068 1636 1120 portabatur
1662 1070 1706 1108 in
1733 1069 1880 1110 urbem
1909 1082 1990 1122 per

1109 1142 1183 1170 eos
1215 1132 1284 1184 qui
1309 1132 1523 1183 exierant,
1554 1132 1608 1171 ad
1639 1145 1869 1184 paucorum
1901 1133 1990 1173 die-

1109 1206 1201 1235 rum
1235 1208 1357 1236 usum
1390 1201 1502 1236 erat.
1557 1196 1698 1248 Igitur
1727 1197 1990 1249 consumptis

1110 1260 1322 1311 omnibus,
1341 1273 1436 1313 quae
1456 1261 1510 1300 ad
1530 1261 1689 1301 victum
1715 1266 1992 1312 praestarent,

1111 1323 1440 1377 desperatisque
1478 1324 1688 1364 sociorum
1732 1330 1778 1363 et
1810 1324 1990 1364 aliorum

1111 1387 1296 1437 auxiliis,
1331 1399 1427 1426 cum
1462 1387 1555 1438 jam
1588 1385 1713 1426 famis
1742 1387 1992 1427 extremita-

1111 1455 1198 1490 tem
1219 1450 1380 1490 diutius
1402 1444 1594 1490 tolerare
1611 1462 1697 1490 non
1717 1456 1914 1502 possent,
1935 1462 1990 1490 ne

1112 1515 1156 1554 in
1171 1515 1423 1553 servitutem
1441 1514 1652 1564 venirent,
1669 1513 1846 1554 consilio
1855 1514 1993 1553 Theo-

1112 1577 1232 1627 genis
1252 1589 1296 1616 se
1316 1577 1498 1616 invicem
1525 1576 1748 1616 tradentes
1773 1576 1886 1626 neci,
1905 1589 1994 1616 om·

1113 1652 1188 1679 nes
1220 1640 1477 1680 occubuere.
1533 1639 1620 1679 Sed
1647 1639 1796 1679 dehac
1814 1638 1926 1679 fame
1946 1645 1995 1680 et

1112 1702 1373 1741 necessitate
1406 1701 1644 1742 videbimus
1675 1702 1747 1742 lib.
1782 1713 1865 1743 vn.
1893 1714 1992 1754 cap.

1113 1764 1166 1805 de
1186 1765 1472 1805 Necessitate.
1511 1765 1617 1806 Oliv.

1170 1830 1270 1869 Cum
1306 1842 1435 1870 omnes
1467 1830 1588 1881 cives]
1629 1829 1861 1882 Vulgatum
1897 1829 1996 1881 ejus,

1112 1893 1260 1945 inepte
1295 1894 1481 1933 insutum
1521 1905 1576 1932 ex
1615 1892 1996 1945 Annotationibus,

1112 1955 1211 1996 libri
1229 1956 1335 1995 Mss.
1357 1968 1443 1995 non
1462 1956 1639 1997 habent.
1670 1958 1791 2006 Pigh.

1169 2019 1192 2069 ς
1221 2021 1246 2056 8
1282 2018 1424 2058 Verum
1442 2022 1487 2058 ut
1503 2019 1727 2070 oeque,&c.]
1766 2019 1888 2059 Idem
1905 2019 2000 2060 Sci-

1116 2081 1190 2132 pio
1235 2082 1450 2132 posterior
1498 2083 1824 2134 Carthaginem,
1870 2096 1998 2135 quam

1116 2145 1309 2196 superior
1329 2146 1599 2186 tributariam
1628 2145 1813 2197 fecerat,
1841 2159 2002 2199 expug-

1116 2208 1258 2258 navit3
1281 2209 1326 2248 in
1345 2210 1469 2261 cujus
1485 2210 1706 2249 eversione
1719 2223 1817 2250 cum
1837 2210 2000 2251 Asdru-

1116 2272 1188 2312 bal
1209 2273 1250 2311 in
1269 2274 1484 2325 Scipionis
1513 2274 1778 2315 deditionem
1800 2277 2002 2325 venisset,

1117 2336 1207 2386 ejus
1226 2348 1336 2375 uxor
1355 2337 1581 2388 indignata
1601 2338 1730 2389 quod,
1758 2350 1804 2378 se
1833 2339 2002 2378 liberis-

1116 2411 1198 2451 que
1213 2401 1493 2450 contemptis,
1509 2400 1588 2440 sibi
1604 2401 1681 2440 soli
1698 2402 2000 2452 consuluisset,

1116 2473 1172 2500 ne
1218 2462 1262 2501 in
1300 2462 1600 2514 captivitatem
1639 2463 1822 2514 veniret,
1856 2476 2000 2504 secum

1117 2523 1224 2565 duos
1242 2524 1368 2576 filios,
1395 2531 1579 2566 mortem
1614 2537 1700 2566 non
1738 2532 2002 2577 recusanteS‚

1116 2587 1160 2626 in
1180 2587 1289 2626 arcis
1307 2587 1484 2640 fastigia
1518 2589 1707 2639 trahens,
1733 2602 1777 2629 se
1798 2602 1893 2630 cum
1915 2590 2000 2632 illis

1116 2649 1160 2688 in
1182 2650 1298 2690 urbis
1318 2650 1561 2691 incendium
1578 2653 1849 2704 praecipitem
1866 2653 2001 2693 dedit.

1117 2713 1219 2753 Fuit
1253 2718 1397 2754 autem
1427 2715 1550 2766 hujus
1586 2715 1841 2756 Asdrubalis
1878 2728 2003 2767 uxor,

1116 2776 1188 2827 qui
1198 2776 1329 2817 filiam
1344 2790 1478 2828 suam,
1492 2779 1660 2817 nomine
1675 2779 2001 2830 Sophonisbam,

1116 2840 1302 2891 Syphaci
1340 2841 1625 2882 Numidarum
1670 2841 1782 2893 Regi
1821 2841 2003 2881 dederat

1117 2914 1309 2953 uxorem,
1344 2915 1396 2943 ne
1428 2904 1471 2942 in
1503 2904 1789 2944 Romanorum
1819 2906 2003 2945 societa-

1118 2970 1204 3004 tem
1236 2966 1419 3017 veniret,
1437 2967 1626 3007 secundo
1655 2967 1822 3008 Punico
1850 2969 2002 3009 Bello:

1118 3040 1214 3080 quae
1254 3028 1426 3081 quidem
1456 3035 1502 3069 et
1538 3030 1633 3082 ipsa
1667 3031 1774 3071 nihil
1805 3044 1830 3071 a
1863 3036 2001 3070 matre

1119 3091 1400 3143 degenerans,
1436 3094 1567 3134 misso
1601 3107 1625 3134 a
1662 3095 1896 3145 Masanisa,
1926 3096 1998 3145 qui

1119 3166 1198 3204 per
1234 3156 1478 3207 nuptiarum
1525 3154 1790 3197 occasionem
1831 3157 2001 3196 volebat

1118 3216 1233 3256 illam
1267 3231 1292 3258 a
1331 3220 1592 3271 captivitate
1634 3221 1868 3269 vindicare,
1903 3231 1998 3258 cum

1120 3291 1203 3319 non
1224 3287 1389 3334 posset,
1422 3294 1630 3322 venenum
1660 3282 1831 3323 fortiter
1850 3282 2001 3322 hausit.

1123 3343 1233 3383 oliv.

1174 3406 1402 3459 Impietate]
1448 3408 1573 3450 Quod
1604 3407 1666 3446 sui
1696 3412 1740 3446 et
1771 3406 1998 3446 liberorum

1120 3467 1279 3508 oblitus
1299 3475 1430 3510 esset.

1173 3533 1195 3582 ᾗ
1225 3535 1251 3571 9
1283 3534 1380 3572 Cum
1408 3531 1620 3584 pestifera]
1662 3530 1798 3573 Hiero
1818 3531 2000 3583 Syracu-

1801 3601 1823 3637 3
1857 3598 1890 3637 Z
