2288 3990
536 334 796 376 VALERH
839 332 1080 372 ΜΑΧιΜι
1127 333 1249 373 [ΑΒ.
1280 333 1371 370 ιιι.
1413 317 1624 370 cAP.2.

130 481 136 487 -
173 457 304 498 ariam
323 467 490 496 manum
503 453 800 506 congregavit,
817 458 859 493 et
877 453 1060 504 primum

175 522 345 575 quidem
365 519 581 572 Thyatira
613 530 837 570 aggressus
873 521 956 567 est,
986 516 1061 556 de-

176 586 278 626 inde
310 590 442 636 capta
472 581 734 633 Apollonide
764 581 849 620 alia
879 581 1063 620 castella

173 647 394 699 capiebat.
448 645 534 686 Sed
553 658 639 685 non
658 645 731 685 diu
745 644 933 693 restitit3
963 654 1062 682 nam

175 711 381 752 continno
414 710 615 751 civitates
654 709 896 750 exercitum
941 707 1064 746 mise·

177 779 295 815 runt.
349 774 613 815 Nicomedes
635 785 805 826 quoque
831 771 1062 823 Bithynius

176 843 223 879 et
247 838 556 890 Cappadocum
591 849 714 887 reges
759 837 964 876 auxilium
999 840 1066 875 tu-

177 903 282 943 lere.
352 903 515 942 Postea
545 902 734 954 quinque
765 901 898 951 legati
933 913 957 939 a
981 901 1064 938 Ro-

177 965 315 1004 manis
346 965 480 1016 missi,
505 964 664 1004 deinde
685 964 924 1012 exereitus,
945 969 988 1003 et
1010 963 1063 1002 P.

176 1029 360 1069 Crassus
374 1029 547 1080 Consul,
561 1027 718 1068 deinde
732 1028 796 1067 M.
815 1028 1067 1078 Perpenna,

177 1092 249 1144 qui
267 1097 397 1144 capto
419 1091 679 1144 Aristonico,
702 1095 749 1131 et
768 1091 946 1130 Romam
967 1089 1064 1128 mis-

178 1167 242 1206 so,
259 1154 416 1194 bellum
439 1153 639 1194 absolvit.
682 1152 954 1193 Aristonicus
971 1152 1065 1204 ipse

178 1217 222 1257 in
246 1229 422 1257 carcere
458 1223 651 1258 mortuus
682 1224 761 1257 est.
836 1217 1067 1269 Perpenna

179 1279 331 1334 morbo
377 1281 644 1332 absumptus
724 1282 917 1331 Crassus,
969 1293 1065 1320 cum

179 1343 355 1395 quidam
386 1357 481 1383 eum
501 1345 614 1395 apud
649 1344 818 1384 Leucas
846 1344 1067 1383 adoriren-

183 1412 271 1455 tur,
290 1406 334 1445 in
368 1407 519 1458 praelio
552 1408 768 1447 occubuit.
827 1408 987 1446 Postea
1004 1407 1067 1446 M.

183 1467 382 1521 Aquilius
413 1468 574 1509 Consul
608 1482 705 1508 cum
739 1470 890 1509 decem
910 1469 1068 1519 legatis

183 1532 354 1583 missus,
374 1533 640 1584 provinciam
676 1535 716 1574 in
745 1547 837 1574 eam
860 1534 1068 1586 guberna-

184 1596 312 1635 tionis
331 1595 510 1636 formam
541 1597 799 1648 composuit,
818 1610 901 1649 qua
931 1596 1069 1635 adhuc

183 1661 420 1712 perdurat.’
487 1661 704 1701 Dissentit
735 1661 866 1700 etiam
907 1673 931 1699 a
965 1660 1070 1698 Plu-

185 1725 332 1764 tarcho
366 1725 419 1764 de
448 1725 512 1764 M.
534 1725 782 1776 Perpenna,
811 1735 940 1776 quem
961 1723 1070 1763 dicit

184 1800 213 1827 a
231 1787 443 1839 Pompeio
465 1787 599 1827 fuisse
626 1792 876 1839 superatum
894 1791 940 1826 et
959 1787 1070 1826 occi-

183 1863 290 1891 sum.
325 1852 477 1891 Oliver.

241 1911 398 1967 Cmssi]
425 1907 534 1955 Scitss
557 1915 844 1967 Imperatoris
872 1914 1006 1966 capti,
1025 1918 1070 1953 et

186 1978 286 2019 dum
307 1979 378 2018 ille
398 1978 604 2018 barbarus
633 1978 859 2018 ulciscitur
877 1990 939 2030 se,
966 1978 1070 2017 libe-

186 2032 300 2081 ravit
332 2042 644 2093 Imperatorem
677 2043 914 2081 Romanum
937 2042 1071 2093 turpi·

189 2104 336 2144 tudine
356 2106 595 2158 majestatis
623 2105 805 2154 amissae,
826 2105 927 2157 quia
954 2106 988 2144 si
1010 2105 1071 2144 vi-

188 2181 266 2209 vus
288 2170 329 2207 in
345 2168 478 2207 bostis
500 2174 762 2219 potestatem
796 2169 996 2218 venisset,
1018 2181 1073 2206 ex

190 2232 464 2284 Imperatore-
493 2244 640 2271 servus
668 2231 928 2272 devenisset.
989 2233 1074 2271 Ba-

188 2296 292 2336 dius.
320 2332 323 2334 .

245 2359 363 2410 Sica]
391 2359 491 2399 Sica
510 2366 606 2400 erat
627 2359 793 2399 ferreus
815 2359 976 2407 culter,
1007 2360 1077 2398 vel

192 2423 333 2474 potius
372 2422 582 2472 gladiolus
615 2426 884 2461 recurvatus.
962 2422 1078 2461 Hinc

190 2485 343 2524 Suidas
359 2484 469 2524 dixit
491 2497 588 2524 esse
610 2485 720 2524 sicas
752 2483 844 2534 ξίφη
870 2481 1078 2534 ἐπικάμπη.

190 2547 408 2599 Josephus
446 2560 616 2599 quoque
653 2548 955 2600 antiquitatum
1000 2548 1078 2589 Ju-

193 2609 410 2650 daicarum
430 2610 497 2649 20.
520 2609 655 2650 tradit
674 2622 745 2650 eos
774 2622 870 2649 esse
891 2611 1080 2649 latrones

191 2678 364 2713 utentes
411 2674 612 2724 cultellis,
657 2674 730 2725 qui
782 2673 1078 2724 magnitudine

191 2737 352 2777 similes
379 2742 507 2777 erant
527 2737 718 2777 recurvis
742 2737 971 2776 Persarum
991 2738 1078 2777 aci-

193 2800 388 2841 nacibus.
445 2801 668 2841 Cedrenns
689 2801 796 2841 dicit
816 2813 911 2840 esse
935 2801 1078 2851 μαχαλ·

193 2878 256 2916 pm
271 2864 400 2917 μικρὰ,
417 2863 444 2904 ἃ
472 2864 696 2916 ἐπιφέροντα
723 2866 849 2916 κρυφῆ
867 2864 922 2905 εἷς
939 2864 987 2904 τὸ
1005 2873 1078 2904 λα-

191 2929 331 2980 τραίως
347 2927 439 2968 τοὺς
469 2927 850 2979 παρατυγχάνοντας
873 2928 1078 2977 πλήττειν.

195 2991 248 3031 Id
269 2996 348 3037 est,
371 2991 556 3042 Exiguus
573 2994 802 3043 machoeras,
830 3007 917 3044 quae
935 2996 1080 3033 occulte

191 3058 415 3105 gestantur,
447 3059 492 3094 ut
516 3057 732 3096 clanculum
761 3058 891 3097 obvios
908 3058 1079 3106 transfo-

193 3118 324 3159 diant.
358 3117 574 3169 Aprorum
594 3119 795 3160 dentibus
813 3121 1082 3172 comparavit

197 3180 448 3222 Athenaeus.
506 3183 635 3222 Unde
666 3183 837 3235 Lipsius
866 3197 948 3223 non
969 3185 1080 3224 male

198 3243 211 3265 ‘
225 3242 403 3295 harpen'
420 3257 496 3284 seu
511 3250 523 3271 ⁶
538 3258 682 3286 ensem
695 3246 900 3287 falcatum
919 3246 930 3265 '
952 3247 1081 3287 inter-

199 3307 362 3358 pretari
389 3309 576 3349 videtur.

253 3371 347 3421 §13
376 3372 524 3411 Eodem
545 3372 686 3412 mentis
716 3372 931 3424 proposito]
971 3374 1082 3412 Lau·-

201 3429 277 3468 dat
293 3431 508 3483 Scipionis
541 3435 682 3474 soceri
715 3436 822 3476 Cnei
853 3435 1082 3487 Pomponii

200 3491 493 3535 fortitudinem
542 3497 583 3536 in
608 3523 612 3526 -
637 3499 945 3541 consciscenda
1005 3500 1082 3539 sibi

313 3559 457 3610 Delph.
473 3567 511 3602 et
535 3563 631 3604 Var.
649 3564 755 3605 clas,

996 3567 1083 3607 Vae.
1103 3566 1219 3607 Max.

1867 313 2011 367 1073

1124 455 1277 503 morte,
1309 463 1452 504 quam,
1486 453 1536 491 ut
1572 447 1707 490 Divus
1741 445 2011 499 Augustinus

1124 516 1197 556 lib.
1218 517 1272 556 de
1293 516 1486 556 Civitate
1513 515 1614 567 Dei,
1648 514 1703 554 de
1723 516 1863 553 morte
1885 512 2016 552 Cato·

1124 581 1188 620 nis
1202 581 1420 622 Uticensis
1435 583 1634 635 loquens,
1647 586 1694 621 et
1711 592 1812 620 vere
1829 578 2014 619 etdocte

1124 644 1335 693 declarat,
1380 657 1508 686 nemo
1554 645 1714 685 merito
1760 641 2017 683 laudaverit.

1125 707 1229 747 Non
1261 707 1374 746 enim
1412 720 1544 759 penes
1585 721 1661 748 nos
1695 711 1780 758 est,
1817 706 2016 750 animam,

1126 782 1255 822 quam
1277 771 1396 810 Deus
1425 770 1752 811 custodiendam
1783 768 1925 818 nobis,
1943 767 2020 807 do-

1128 845 1208 872 nec
1229 845 1325 872 eam
1345 833 1612 885 evocaverit,
1648 833 1790 883 dedit,
1819 843 1896 884 pro
1924 829 2021 870 libi-

1129 902 1174 935 tu
1205 895 1394 947 ejicere;
1438 907 1578 948 neque
1615 896 1687 949 qui
1726 896 1914 948 seipsum
1947 904 2022 933 ne-

1127 963 1216 1009 cat,
1246 958 1445 998 immunis
1483 964 1552 998 est
1588 957 1840 1007 homicidii3
1879 968 2021 1009 neque

1127 1021 1413 1074 fortitudinis,
1440 1021 1516 1062 sed
1552 1021 1923 1074 pusillanimitatis
1956 1024 2024 1059 est

1128 1091 1445 1139 argumentum,
1502 1098 1558 1125 ne
1611 1085 1790 1125 duriora
1844 1084 2016 1136 patian-

1130 1156 1218 1202 tur,
1250 1150 1416 1190 leviora
1445 1149 1606 1190 subire.
1637 1149 1805 1188 Badius.

1185 1216 1336 1255 Eodem
1354 1215 1497 1255 mentis
1511 1213 1734 1266 proposito]
1766 1213 1875 1252 Post
1906 1210 2024 1250 dele·

1131 1284 1198 1319 tas
1233 1279 1341 1319 Cnei
1371 1279 1570 1330 Pompeii
1604 1277 1757 1328 Magni
1798 1279 1945 1328 partes
1982 1274 2023 1313 in

1131 1344 1296 1395 campis
1312 1343 1587 1396 Philippicis,
1603 1343 1750 1394 Scipio
1766 1353 1860 1381 cum
1889 1341 2023 1380 Sexto

1132 1408 1362 1458 Pompeio,
1382 1407 1532 1459 Magni
1547 1406 1748 1458 Pompeii
1764 1405 1870 1454 filio,
1885 1410 1932 1444 et
1945 1405 2026 1443 Ca-

1135 1480 1253 1524 tone,
1267 1473 1446 1525 aliisque
1463 1472 1758 1524 compluribus
1779 1483 1825 1510 se
1849 1470 1892 1509 in
1912 1468 2027 1508 Afri-

1133 1549 1226 1575 cam
1248 1536 1302 1575 ad
1322 1549 1470 1588 regem
1492 1536 1649 1578 Jubam
1669 1535 1965 1581 contulerunt,
1981 1536 2030 1571 et

1132 1601 1192 1639 ibi
1219 1601 1385 1651 ingenti
1416 1601 1616 1640 exercitu
1648 1604 1917 1650 comparato,
1935 1596 2028 1636 bel-

1133 1664 1220 1703 lum
1259 1663 1468 1703 adversus
1505 1664 1717 1703 Caesarem
1750 1673 1899 1700 rursus
1934 1672 2027 1710 ges-

1134 1738 1229 1765 sere
1247 1740 1258 1776 ;
1275 1727 1317 1766 in
1341 1739 1423 1779 quo
1444 1727 1560 1766 bello
1575 1738 1671 1766 cum
1684 1724 1943 1776 Pompeiani
1962 1722 2027 1763 t'u-

1133 1791 1191 1830 sis
1209 1790 1456 1843 fugatisque
1478 1789 1737 1830 Caesarianis
1758 1794 1902 1828 castra
1922 1787 2030 1827 arri-

1133 1854 1332 1906 puissent
1351 1859 1464 1893 teste
1487 1852 1743 1902 Plutarcho,
1770 1858 1829 1891 eo'
1856 1850 1927 1889 die
1959 1861 2029 1889 ac-

1134 1923 1223 1958 tum
1240 1917 1396 1959 fuisset
1417 1918 1472 1957 de
1495 1930 1542 1957 re
1560 1914 1859 1966 Caesaris,nisi
1880 1915 2030 1954 Caesar

1135 1988 1182 2023 et
1213 1982 1388 2023 Asinius
1410 1982 1550 2022 Pollio
1572 1981 1776 2021 auxilium
1805 1977 2030 2019 conferen-

1138 2046 1380 2099 tes,fugam
1395 2046 1702 2086 inhibuissent:
1722 2055 1853 2104 quare
1869 2040 2034 2083 benefi-

1138 2111 1206 2150 cio
1227 2111 1413 2163 quodam
1435 2110 1621 2150 fortunae
1643 2109 1836 2160 adjutus,
1855 2105 2032 2147 tandem

1139 2176 1281 2215 victor
1301 2176 1467 2214 evasit:
1504 2179 1594 2214 tum
1629 2185 1683 2211 ex
1717 2170 1868 2212 Africa
1886 2168 2033 2220 Scipio

1138 2237 1276 2276 classe
1297 2236 1340 2274 in
1362 2235 1618 2287 Hispaniam
1642 2246 1687 2273 se
1709 2231 1942 2273 transferre
1960 2241 2034 2282 pa-

1138 2299 1282 2348 rabat,
1299 2311 1394 2337 cum
1417 2299 1574 2337 milites
1596 2295 1828 2337 Caesariani
1849 2295 2031 2334 classem

1140 2366 1455 2413 prosequentes
1477 2359 1627 2411 adepti
1644 2365 1761 2409 sunt,
1783 2364 1829 2397 et
1849 2357 2034 2396 interro-

1141 2425 1359 2476 gantibus,
1392 2423 1564 2463 ubinam
1601 2421 1755 2462 classis
1794 2421 2034 2471 imperator

1141 2493 1269 2537 esset,
1301 2486 1525 2539 respondit
1566 2486 1660 2537 ipse
1698 2482 1873 2536 Scipio:
1906 2483 2030 2521 Bene

1142 2564 1188 2592 se
1205 2551 1338 2591 habet
1358 2551 1618 2600 imperator3
1649 2560 1744 2588 cum
1759 2546 1929 2599 pectori
1945 2546 2033 2596 gla-

1142 2616 1260 2655 dium
1292 2614 1536 2664 inflixisset,
1581 2625 1636 2652 ne
1677 2613 1723 2652 in
1768 2614 2033 2663 potestatem

1140 2680 1328 2720 hostium
1350 2679 1533 2718 veniret.
1570 2678 1738 2717 Seneca
1758 2675 1812 2714 de
1833 2673 2035 2725 Scipione

1144 2744 1187 2783 in
1236 2743 1420 2795 epistola
1459 2741 1512 2780 ad
1561 2739 1788 2780 Lucillium
1824 2737 2036 2789 vigesima

1142 2807 1320 2860 quinta:
1370 2804 1640 2844 ‘Sollicitum
1678 2809 1720 2843 te
1743 2813 1838 2842 esse
1870 2797 2037 2849 scribis,

1143 2870 1177 2910 si
1197 2868 1430 2909 ostendero
1452 2880 1534 2906 non
1563 2872 1732 2906 tantum
1760 2865 1900 2906 fortes
1921 2864 2036 2904 viros

1143 2931 1224 2971 hoc
1244 2935 1510 2970 momentum
1531 2928 1730 2969 efflandae
1761 2927 1914 2967 animae
1936 2938 2038 2966 con-

1144 2995 1390 3047 tempsisse,
1419 2993 1496 3033 sed
1526 2992 1736 3046 quosdam
1772 2990 1828 3031 ad
1861 2990 1946 3030 alia
1974 2989 2039 3040 ig-

1144 3070 1277 3098 navos
1299 3058 1342 3096 in
1364 3058 1442 3098 hac
1463 3068 1510 3095 re
1530 3066 1726 3107 aequasse
1748 3054 1933 3093 animum
1953 3050 2038 3089 for-

1145 3122 1370 3170 tissimum,
1405 3121 1519 3162 sicut
1558 3119 1691 3169 illum,
1726 3118 1805 3158 Cn.
1838 3112 2040 3165 Pompeii

1146 3196 1345 3224 socerum
1373 3182 1635 3234 Scipionem,
1663 3179 1735 3232 qui
1757 3176 1974 3218 contrario
1995 3174 2039 3212 in

1147 3247 1341 3287 Africam
1376 3252 1505 3287 vento
1544 3245 1723 3293 relatus,
1762 3253 1857 3281 cum
1898 3236 2041 3278 teneri

1147 3323 1300 3350 navem
1312 3322 1429 3350 suam
1446 3308 1625 3348 vidisset
1639 3306 1690 3345 ab
1706 3303 1912 3351 hostibus,
1922 3299 2037 3339 ferro

1149 3386 1196 3413 se
1238 3370 1626 3420 transverberavit,
1664 3374 1710 3407 et
1741 3363 2038 3418 quaerentibus

1149 3438 1221 3477 ubi
1254 3437 1488 3489 imperator
1517 3438 1651 3481 esset,
1680 3431 1945 3480 Imperator,
1977 3427 2040 3464 in·

1152 3500 1264 3552 quit,
1286 3500 1394 3540 bene
1414 3510 1460 3537 se
1486 3495 1630 3535 habet.
1687 3493 1786 3532 Vox
1806 3491 1901 3529 haec
1919 3489 2038 3529 illum

1834 3555 1931 3595 sY
