2288 3990
354 283 493 335 1062

354 417 503 453 contra
541 414 756 453 Caesarem
795 412 966 452 uolebat
1002 412 1227 465 quicquam

288 499 291 501 <
353 477 602 518 Publicanis
621 476 807 516 remitti:
838 476 911 515 sed
934 487 1006 515 eos
1027 476 1228 517 universa

355 539 583 591 vectigalia
599 539 840 591 persolvere
858 551 868 587 ς
889 551 984 577 nam
1001 538 1228 580 Publicani

354 603 740 654 conquerebantur,
770 601 883 654 quod
916 602 1142 654 vectigalia
1164 603 1228 642 ni·

354 665 432 704 mis
465 665 571 705 dura
604 667 769 705 solvere
789 672 1061 716 cogerentur.
1118 668 1228 707 Cato

354 727 487 779 igitur
505 734 678 780 rogatus
710 729 964 768 sententiam
986 730 1147 782 dicere,
1174 741 1228 769 ne

355 793 456 844 quid
479 805 530 832 eo
555 794 624 833 die
650 794 691 833 in
723 800 874 834 senatu
893 795 1044 835 confici
1066 801 1229 847 posset,

356 856 454 907 quia
475 862 629 896 contra
648 858 836 909 rempub.
856 857 899 897 id
927 871 1021 899 esse
1044 859 1231 911 videbat,

357 919 593 958 orationem
613 932 732 959 suam
766 920 1001 972 longiorem
1032 922 1229 963 habebat.

357 983 481 1023 Quod
503 995 597 1024 cum
628 983 829 1024 sensisset
855 985 1017 1036 Caesar,
1036 998 1132 1026 eum
1153 999 1231 1038 per

357 1045 554 1086 lictorem
592 1046 723 1098 jussit
768 1048 809 1087 in
856 1060 1073 1089 carcerem
1116 1051 1229 1091 duci.

355 1109 474 1148 Tunc
494 1110 715 1154 universus
733 1110 916 1151 Senatus
941 1113 1147 1152 Catonem
1166 1125 1231 1152 se-

358 1177 483 1210 cutus
510 1177 590 1212 est.
646 1172 791 1212 Caesar
819 1173 862 1213 id
896 1175 1086 1225 graviter
1117 1174 1230 1215 ferre

355 1232 561 1274 Senatum
583 1235 956 1286 sentiens,dimitti
967 1237 1113 1288 jussit.
1143 1237 1232 1278 Au-

358 1297 425 1337 lus
466 1298 580 1338 Gell.
618 1299 692 1338 lib.
717 1311 779 1339 ιν.
820 1303 992 1351 cap-10.
1047 1303 1058 1323 ‘
1077 1301 1232 1352 Caius‚'

359 1359 516 1411 iuquit,
545 1361 720 1400 ‘Cacsar
749 1363 911 1412 consul,
941 1363 1004 1402 M.
1025 1363 1232 1403 Catonem

361 1424 614 1463 sententiam
650 1425 830 1476 rogavit.
901 1426 1010 1466 Cato
1043 1439 1148 1479 rem,
1179 1427 1234 1468 de

360 1499 443 1538 qua
463 1488 775 1540 consulebatur,
792 1491 991 1542 quoniam
1011 1503 1094 1531 non
1114 1505 1139 1532 e
1169 1506 1234 1533 re·

361 1550 535 1602 publica
565 1550 806 1604 videbatur,
843 1552 994 1604 perfici
1029 1556 1229 1598 nolebat:

361 1615 451 1667 ejus
485 1616 547 1655 rei
583 1617 720 1667 gratia
751 1617 958 1659 ducendae
993 1620 1118 1671 longa
1146 1634 1237 1662 ora-

360 1679 478 1718 tione
498 1679 715 1730 utebatur,
734 1681 1035 1735 eximebatque
1054 1684 1236 1725 dicendo

361 1741 503 1782 diem:
531 1749 625 1783 erat
644 1744 838 1796 enimjus
859 1746 1131 1795 Senatori,ut
1143 1759 1237 1787 sen-

361 1806 542 1846 tentiam
574 1813 763 1858 rogatus,
793 1807 960 1849 diceret
988 1816 1089 1850 ante
1119 1811 1237 1863 quic-

363 1869 466 1922 quid
488 1870 619 1910 vellet
648 1870 719 1910 alii
752 1871 829 1923 rei,
861 1877 906 1912 et
926 1873 1062 1925 quoad
1093 1875 1240 1915 vellet.

363 1934 510 1974 Caesar
528 1935 678 1974 consul
697 1935 903 1975 viatorem
918 1937 1104 1988 vocavit,
1123 1950 1239 1978 eum-

365 2010 448 2050 que
467 2010 565 2038 cum
583 1996 709 2038 finem
728 2011 811 2038 non
832 1997 1011 2049 faceret,
1031 2000 1239 2052 prehendi

363 2061 624 2114 loquentem,
638 2063 738 2102 etin
753 2074 964 2103 carcerem
982 2064 1082 2104 duci
1089 2065 1238 2115 jussit.

364 2123 546 2164 Senatus
569 2126 851 2178 consurrexit,
879 2135 924 2167 et
953 2129 1239 2181 prosequeba-

367 2192 440 2228 tur
473 2189 676 2229 Catonem
702 2190 744 2229 in
774 2202 1006 2231 carcerem.
1062 2192 1239 2233 Hacin-

366 2250 483 2290 vidia
499 2250 632 2303 facta,
653 2253 798 2292 Caesar
822 2252 999 2293 destitui
1021 2261 1063 2294 et
1081 2254 1240 2295 dimitti

365 2313 741 2367 Catonemjussit.'
772 2316 923 2356 Oliver.

417 2377 592 2419 Sincerae
610 2380 724 2431 υἱέα]
753 2380 866 2422 Quia
884 2393 1007 2421 nemo
1029 2382 1145 2422 illum
1169 2395 1240 2422 nn·

367 2454 492 2495 qnam
535 2444 676 2495 potuit
719 2445 871 2496 gratia,
913 2457 1051 2497 neque
1094 2458 1240 2499 prece,

363 2518 504 2559 neque
522 2509 664 2559 pretio
683 2521 707 2547 a
725 2513 844 2548 recto
865 2508 1096 2551 deducere.

419 2571 538 2610 Diem
573 2573 815 2623 extraheret]
863 2573 935 2612 Sic
972 2574 1139 2613 locutus
1177 2580 1243 2615 est

366 2635 513 2674 Caesar
532 2635 583 2674 de
603 2635 726 2674 Bello
743 2635 872 2675 Civili
890 2635 964 2675 lib.
986 2647 1018 2676 1.
1046 2636 1059 2658 ‘
1074 2637 1241 2677 Catone

364 2709 468 2736 vero
485 2698 690 2736 acerrime
711 2703 976 2749 repugnante
993 2703 1039 2738 et
1059 2698 1243 2749 pristina

368 2761 680 2800 consuetudine
740 2760 1066 2801 contradicendi
1124 2775 1243 2802 mora

366 2823 458 2863 dies
490 2824 775 2865 extrahente!
842 2824 940 2864 Hoc
967 2823 1139 2877 Agellio
1165 2830 1244 2877 est,

366 2887 379 2908 ‘
394 2887 509 2927 diem
524 2889 735 2940 eximere‚·
755 2888 878 2940 cujus
896 2889 1032 2928 locum
1046 2889 1108 2928 ita
1119 2891 1241 2941 lego:

366 2950 524 2989 ‘Caius
570 2951 716 2991 Caesar
752 2951 898 2991 consul
934 2951 1000 2991 M.
1032 2952 1240 2992 Catonem

368 3013 623 3053 sententiam
643 3014 824 3066 rogavit.
863 3015 971 3055 Cato
990 3027 1095 3066 rem,
1116 3028 1242 3068 quam

368 3077 631 3130 consulebat,
660 3078 856 3130 quoniam
881 3090 962 3117 non
998 3090 1020 3117 e
1053 3079 1242 3130 Republ.

366 3140 611 3191 videbatur,
649 3139 797 3193 perfici
827 3141 979 3181 noluit.
1035 3140 1142 3192 Ejus
1181 3142 1243 3182 rei

367 3205 505 3254 gratia
519 3205 735 3255 utebatur,
744 3204 1041 3257 eximebatque
1057 3205 1242 3245 dicendo

369 3268 513 3309 diem!
585 3269 596 3290 ‘
613 3269 811 3308 Eximere
826 3269 838 3286 ’
894 3269 1028 3320 igitur
1074 3269 1087 3291 ⁴
1105 3268 1217 3308 diem
1233 3269 1244 3286 '

368 3336 435 3370 est
471 3335 608 3371 totum
650 3331 764 3371 diem
807 3330 988 3370 dicendo
1024 3331 1143 3383 quasi
1171 3343 1243 3370 au·

369 3394 483 3435 ferre
503 3401 548 3435 et
567 3395 806 3436 absumere.
835 3395 998 3435 Contra
1017 3399 1027 3416 ‘
1046 3393 1244 3446 frangere

369 3457 506 3498 diem'
552 3460 651 3510 erit,
696 3458 914 3499 dimidium
959 3459 1072 3499 diem
1118 3459 1243 3499 absu-

369 3534 501 3564 mere.
542 3524 749 3567 Horatius
765 3535 818 3566 11.
834 3523 919 3565 od.
933 3527 974 3565 ’1.
1012 3525 1023 3546 ‘
1038 3523 1143 3564 Cum
1161 3537 1243 3577 quo

934 297 968 335 N
981 296 1112 334 0⁷1*AE
1154 296 1481 336 VARIORUM
1524 297 1587 336 ΙΝ

1287 419 1524 452 morantem
1562 425 1677 465 saepe
1711 414 1823 454 diem
1858 427 1974 455 mero
2004 416 2162 468 Fregi.²

1288 476 1386 516 Hoc
1405 483 1574 516 veteres
1593 477 1886 518 Jurecousulti
1910 479 1922 501 ‘
1940 477 2164 519 diffindere

1289 540 1429 580 diem’
1459 540 1675 592 dicebant,
1703 542 1810 582 utin
1842 538 2026 582 formula
2045 543 2164 593 Prae'·

1289 604 1426 643 toria:
1496 604 1586 644 Hic
1631 615 1736 644 nti-:s
1782 617 1980 646 ntrrisus
2027 617 2161 647 Es'ro:

1289 667 1456 718 quando
1502 668 1656 707 omisso
1692 668 1855 720 reliquo
1887 669 1973 708 diei
2010 669 2163 720 spatio,
2192 691 2194 693 ·

1280 729 1490 780 judicium
1510 728 1786 780 differebant,
1819 737 1867 770 ut
1899 731 2028 771 docet
2053 732 2167 772 Doc-

1290 798 1358 833 tor
1403 793 1477 833 ille.
1506 793 1625 834 Juris
1658 793 1807 832 unicus
1845 793 1954 834 Obs.
1989 793 2061 834 lib.
2078 805 2169 837 111.-

1290 868 1385 908 cap.
1409 860 1472 897 18.
1527 856 1613 896 Sed
1642 860 1688 895 et
1721 858 1733 878 ‘
1753 855 1993 895 discindere
2021 855 2169 906 diem,'

1290 919 1584 971 pronuntiasse
1621 924 1788 959 veteres
1820 923 2008 968 constat,
2051 918 2164 971 quod

1291 981 1397 1021 nihil
1443 982 1578 1032 aliud,
1607 993 1732 1033 quam
1765 981 2166 1023 Jureconsultorum

1292 1045 1395 1085 illud
1431 1044 1710 1087 ‘diffindere.’
1772 1046 1937 1086 Glossae
1970 1050 2166 1085 veteres:

1293 1107 1554 1148 Discindendi
1583 1106 1767 1160 τμητέας,
1785 1109 1827 1148 ἐν
1853 1109 1909 1159 τῷ
1932 1105 2081 1158 τέμνειν
2096 1106 2169 1148 τὰς

1294 1170 1416 1210 δίκας.
1456 1171 1560 1212 Noti
1577 1172 1708 1212 etiam
1727 1185 1781 1212 ex
1801 1173 1938 1212 Fastis
1954 1171 2170 1212 veteribus

1294 1234 1398 1274 Dies
1417 1234 1540 1274 incisi
1559 1241 1604 1275 et
1622 1235 1830 1276 intercisi.
1873 1235 2096 1276 Fabricius
2115 1247 2170 1275 ex

1294 1297 1533 1338 Horatiano
1552 1299 1786 1351 exemplari
1803 1300 2016 1340 saxonico
2035 1299 2142 1340 citat
2156 1313 2169 1339 :

1295 1360 1428 1400 ‘Dies
1476 1361 1548 1400 alii
1581 1369 1681 1402 sunt
1718 1363 1856 1414 Fasti,
1901 1361 1975 1402 alii
2021 1362 2174 1412 Solidi,

1296 1424 1449 1475 quibus
1485 1425 1768 1465 laborandum
1790 1430 1874 1476 est,
1908 1425 1980 1465 alii
2009 1424 2175 1466 Incisi.’

1296 1487 1382 1528 Hic
1400 1489 1411 1510 ‘
1427 1488 1580 1539 incisi,'
1600 1490 1767 1542 opinor,
1803 1491 1816 1512 ‘
1834 1487 2004 1529 solidis'
2041 1499 2175 1540 oppo-

1295 1557 1469 1592 nuntur.
1552 1551 1622 1592 Ad
1661 1553 1773 1605 quod
1805 1553 1994 1605 respexit
2034 1553 2174 1593 Hora-

1299 1614 1418 1655 tius.
1445 1617 1457 1637 ‘
1472 1616 1565 1656 Nec
1587 1622 1750 1667 partem
1768 1617 1903 1657 solido
1922 1616 2095 1657 demere
2119 1615 2175 1655 de

1298 1678 1397 1719 die!
1437 1679 1603 1719 Seneca
1635 1680 1772 1730 Epist.
1793 1682 1860 1720 84.
1898 1679 2175 1719 ‘Hodiernus

1299 1740 1391 1780 dies
1407 1741 1564 1781 solidus
1583 1741 1677 1782 est!
1709 1743 1878 1782 Colerus.

1353 1804 1496 1844 Divini
1512 1805 1653 1856 animi]
1680 1805 1721 1846 A
1747 1805 2054 1846 consuetudine
2073 1805 2176 1846 adu·

1296 1866 1411 1906 laudi
1428 1879 1511 1907 non
1535 1866 1733 1910 discedit.

1356 1931 1440 1982 §8.
1490 1932 1638 1971 Eodem
1678 1934 1786 1973 ludos
1820 1933 2016 1986 Florales]
2063 1934 2177 1974 Ludi

1300 1992 1469 2034 florales
1488 1995 1750 2037 inhonorem
1784 1997 1894 2038 Deae
1927 1997 2067 2038 Florae
2090 1998 2176 2038 Ro-

1301 2069 1380 2097 mae
1410 2058 1752 2111 celebrabantur,
1779 2062 1824 2101 in
1851 2062 2001 2114 quibus
2020 2061 2178 2102 obscoe·

1301 2132 1355 2160 na
1370 2121 1566 2173 quaedam
1581 2124 1987 2175 committebantur3
2006 2129 2053 2164 et
2071 2123 2178 2164 illud

1302 2185 1346 2224 in
1381 2185 1546 2236 primis,
1584 2188 1696 2238 quod
1729 2187 1866 2228 mimae
1895 2188 2179 2228 nudabantur.

1305 2249 1430 2288 Unde
1450 2250 1697 2290 Lactantius
1718 2250 1981 2291 Firmianus:
2009 2252 2021 2272 ‘
2036 2251 2180 2290 Mere-

1305 2312 1465 2361 trices‚'
1482 2313 1636 2366 inquit,
1656 2318 1668 2336 ‘
1687 2312 1908 2366 flagitante
1928 2314 2086 2367 populo
2102 2326 2179 2354 nu·
2211 2349 2214 2352 .

1303 2378 1416 2418 datis
1454 2380 1706 2431 corporibus
1742 2381 1787 2420 in
1829 2380 2068 2420 Floralibus
2103 2380 2180 2419 nii-

1305 2454 1467 2482 morum
1489 2443 1778 2494 iungebantur
1803 2442 1958 2496 officio,
1984 2449 2029 2484 et
2058 2454 2184 2496 prop-

1310 2510 1433 2545 terea
1451 2505 1625 2545 mimas'
1652 2519 1724 2546 eas
1744 2506 1941 2547 Valerius
1962 2507 2180 2558 appellat„
2174 2508 2185 2526 ’

1305 2568 1456 2608 Oliver.

1359 2631 1521 2682 Ingenti
1550 2633 1708 2684 plausu]
1751 2631 1876 2674 Quod
1914 2630 2183 2683 significabat

1304 2696 1476 2747 placere
1513 2697 1592 2735 sibi
1626 2697 1831 2736 Catonem
1866 2695 2105 2746 discedere,
2131 2701 2182 2735 ut

1307 2760 1484 2811 pristina
1511 2760 1703 2799 ludorum
1720 2758 1983 2799 consuetudo
2005 2771 2180 2800 revoca-

1306 2829 1423 2863 retur
1442 2823 1484 2862 in
1501 2823 1731 2863 theutrum.

1361 2886 1587 2937 Confessus]
1616 2884 1897 2937 Significavit,
1925 2885 2076 2938 inquit,
2106 2896 2182 2936 po-

1303 2950 1428 3002 pulus
1462 2950 1540 2990 boc
1571 2951 1722 3001 plausu
1754 2949 1847 3000 plus
1877 2948 2116 3000 majestatis
2135 2953 2182 2988 et

1303 3015 1474 3056 honoris
1527 3017 1600 3056 uni
1654 3017 1862 3066 tribuere,
1922 3028 2049 3068 quam
2101 3015 2182 3056 sibi

1304 3082 1533 3130 univers03
1572 3093 1668 3120 nam
1697 3080 1809 3133 quod
1847 3085 2063 3132 praesente
2101 3078 2180 3137 (Ja-

1307 3149 1407 3183 tone
1461 3143 1554 3183 fieri
1613 3155 1696 3183 non
1741 3142 1916 3183 fuerant
1961 3141 2091 3194 passi,
2135 3140 2180 3179 id

1305 3218 1350 3245 se
1396 3207 1596 3246 universo
1643 3210 1868 3258 spectante
1905 3204 2020 3257 passi
2066 3211 2181 3245 sunt.

1309 3270 1458 3309 Oliver.

1365 3334 1455 3373 Una
1482 3332 1631 3384 imago]
1674 3333 1771 3372 Non
1798 3332 1951 3373 multas
1974 3332 2182 3384 majorum

1306 3408 1475 3436 suorum
1496 3397 1701 3447 imagines
1723 3395 1927 3443 habebat,
1959 3395 2036 3436 sed
2056 3407 2181 3436 unam

1307 3460 1442 3511 patris
1456 3459 1519 3499 sui
1540 3459 1728 3499 Catonis.

1361 3522 1441 3562 Sub
1477 3523 1629 3575 nomine
1669 3523 1848 3575 Catonis]
1893 3523 2180 3565 Tertullianus
