2288 3990
522 316 780 357 vAnmm
822 313 1059 353 MAX1M1
1103 314 1222 352 mn.
1262 314 1357 352 111.
1395 313 1528 352 CAP.
1554 300 1606 352 3.

165 433 292 474 Unde
309 433 456 474 Scaevae
474 438 520 474 et
547 435 749 484 Scoevoloe,
775 434 848 486 qui
866 431 1040 472 sinistra

165 501 332 537 tantum
350 509 476 536 manu
494 502 688 537 utuntur.
720 497 889 536 Badius.

217 562 242 612 ξ
259 564 288 600 2
313 559 494 611 Pompeii
517 560 636 600 etiam
659 559 870 612 probabilis
891 557 1039 608 virtus]

163 623 372 666 Quisnam
397 622 468 662 hic
497 623 732 675 Pompeius
764 622 896 662 fuerit
926 622 1040 672 lega-

162 690 250 735 tus,
281 697 307 724 a
336 684 498 724 Gentio
526 697 628 737 rege
658 685 944 736 interceptus,
971 683 1042 724 ob·

163 758 330 788 scutum
350 759 453 788 sane
472 747 596 788 nobis
616 753 699 789 est.
742 748 795 788 In
809 748 931 788 Livio
951 746 1039 799 qui-

161 808 260 849 dem
287 810 408 850 nulla
438 811 528 863 ejus
558 811 735 858 mentio,
764 811 847 851 nisi
875 810 918 850 in
947 810 1040 862 ejus

161 873 265 915 belli
296 874 494 915 Historia
529 874 603 916 lib.
637 886 762 916 xmv.
801 875 1041 926 interrupta

160 936 442 990 mutilataque
461 937 657 990 perierit,
674 938 749 978 ubi
766 939 830 979 M.
849 939 1039 990 Perper-

161 1011 278 1052 nam,
297 1005 343 1040 et
361 1001 411 1041 L.
428 1000 648 1040 Petillium
676 1001 801 1042 Rom.
830 1002 998 1054 legatos
1016 1013 1042 1041 a

162 1063 323 1104 Gentio
340 1076 441 1116 rege
455 1064 603 1104 missos
620 1065 664 1104 iu
675 1064 919 1105 custodiam
937 1065 1042 1105 scri-

161 1126 251 1168 bit:
281 1131 340 1178 et,
357 1132 509 1179 postea
522 1139 622 1180 rege
637 1133 768 1179 capto
784 1140 809 1168 a
825 1129 873 1168 L.
887 1127 1042 1168 Anicio

161 1193 350 1242 praetore
369 1190 588 1240 liberatos,
616 1196 664 1231 et
693 1190 808 1231 forte
838 1191 919 1231 hoc
947 1192 1041 1232 loeo

161 1252 390 1306 Per-persice,
431 1265 526 1306 pro,
562 1255 760 1307 Pompeii,
796 1255 1043 1307 legendum.

162 1315 374 1368 Pompeia
407 1317 579 1369 quidem
615 1331 721 1371 gens
759 1331 811 1359 eo
845 1325 1041 1372 tempore

163 1379 389 1419 admodum
410 1380 594 1421 obscura
612 1381 752 1422 adhuc
770 1381 868 1434 fuit,
896 1395 1044 1436 quem-

163 1442 393 1483 admodum
420 1455 475 1483 ex
501 1444 710 1485 Cicerone
736 1446 941 1498 colligere
961 1452 1045 1487 est.

163 1506 325 1548 Nobile
366 1513 512 1549 tamen
554 1509 663 1550 illud
706 1510 871 1551 factum
917 1512 1045 1551 Pom-

163 1570 253 1621 peii
276 1571 431 1611 merito
458 1572 572 1612 viam
602 1572 657 1612 ad
687 1585 834 1614 omnes
861 1575 1045 1614 honoros

163 1633 334 1685 aperire
364 1639 522 1686 posset.
562 1636 747 1687 Pighius.
803 1637 1044 1690 Probabilis,

161 1695 255 1747 effla]
307 1696 540 1749 Pompeius
585 1699 630 1738 in
664 1698 813 1740 Asiam
863 1701 1045 1751 legatus,

151 1770 295 1812 ,quum
313 1771 393 1811 per
410 1760 631 1812 Illyricum
655 1762 895 1814 navigaret,
913 1764 1047 1803 inter-

163 1827 319 1874 ceptus
356 1827 424 1863 est
453 1824 510 1881 ab
541 1825 744 1878 Illyricis,
781 1830 827 1866 et
862 1839 991 1879 quum
1022 1839 1047 1867 a

165 1883 328 1925 Gentio
346 1886 618 1938 Illyricorum
638 1901 755 1941 rege,
772 1894 819 1930 et
836 1890 961 1930 hoste
976 1903 1048 1942 po-

162 1949 257 2001 puli
277 1951 453 1991 Romani
472 1954 650 1994 consilia
672 1955 844 2007 publica
863 1956 1047 2008 prodere

153 2011 404 2065 juberetur,
439 2014 623 2068 digitum
658 2018 838 2058 lucerna
878 2019 1048 2059 ardenti

165 2076 395 2118 admodum
414 2079 536 2119 exuri
555 2092 703 2132 passus
730 2087 812 2132 est,
840 2087 889 2122 ut
906 2089 1050 2122 osten·

166 2138 308 2192 deret,
326 2153 380 2181 ne
399 2143 609 2194 supplicio
627 2144 797 2196 quidem
816 2146 966 2185 mortis
985 2145 1049 2184 in-

166 2201 268 2244 duci
285 2216 471 2257 unquam
491 2218 632 2258 posse,
665 2212 716 2247 nt
747 2209 925 2248 consilia
943 2209 1050 2261 pub-

165 2266 253 2307 lica
284 2267 514 2310 indicaret.
570 2270 669 2312 Quo
702 2269 838 2323 facto,
874 2276 921 2311 et
956 2271 1050 2322 regi

167 2329 511 2382 desperationem
530 2333 719 2386 induxit,
738 2335 962 2374 tormentis
996 2347 1050 2374 ex

170 2404 219 2434 se
236 2393 467 2446 quicquam
500 2397 806 2448 cognoscendi,
824 2403 868 2437 et
887 2396 1052 2449 cupidi-

170 2460 308 2496 tatem
351 2457 553 2498 amicitiae
595 2471 692 2499 cum
731 2472 835 2511 pop.
872 2461 1051 2500 Roman.

163 2519 421 2572 jimgendae.
478 2521 610 2562 Hunc
657 2534 801 2575 regem
847 2523 1052 2563 Lucinius

172 2583 333 2624 Consul
353 2583 465 2624 bello
486 2591 641 2636 postea
666 2586 902 2638 superavit,
924 2599 1054 2638 quum

170 2645 332 2686 violata
359 2645 446 2686 fide
479 2647 750 2700 rebellasset,
770 2649 958 2701 quicum
980 2662 1055 2688 ux-

172 2718 248 2747 ore
266 2713 313 2748 et
330 2708 477 2749 liberis
501 2710 674 2751 Romam
689 2711 840 2751 missus
856 2716 936 2751 est.
970 2711 1056 2750 Oli-

172 2771 318 2811 emus.
373 2772 574 2824 Pompeii]
603 2775 677 2814 De
693 2774 774 2815 hoc
794 2780 838 2814 et
858 2775 1057 2828 sequenti

172 2833 459 2875 Macedonico
491 2838 689 2888 exemplo
721 2838 823 2876 nibil
856 2837 1057 2890 equidem

172 2894 320 2936 dicere
359 2898 509 2938 habeo.
582 2899 696 2940 Illud
734 2905 901 2940 tantum
945 2901 1060 2951 dico,

174 2958 386 2999 Gentium
431 2961 550 3001 illum
595 2963 867 3014 Illyricorum
910 2975 1058 3015 regem

175 3022 304 3074 longe
322 3023 532 3076 longeque
565 3031 667 3066 ante
695 3026 771 3066 Cn.
801 3026 1057 3077 Pompeium

176 3083 350 3124 vixisse.
407 3086 695 3137 Cogitandum
725 3088 856 3140 igitur
887 3089 942 3128 de
975 3090 1058 3129 alio

177 3146 405 3199 Pompeio.
436 3148 609 3189 Colerus.

234 3210 399 3262 Gentio]
442 3211 530 3252 Seu
567 3211 745 3253 Genitio
783 3225 886 3266 rege
915 3213 1059 3265 Illyri-

178 3283 341 3313 comm.

233 3337 349 3378 Ex‘r.
379 3339 401 3390 ς
431 3342 454 3378 1
497 3340 537 3378 E
565 3340 702 3391 quibus
732 3353 832 3381 unus
864 3341 1061 3381 thuribulo

182 3404 338 3452 arrepto
365 3406 455 3442 unte
480 3403 605 3454 ipsum
631 3405 783 3456 ostitit]
808 3405 932 3445 Vett.
952 3405 1060 3446 libb.

183 3474 346 3515 omneS,
369 3471 539 3518 arrepto,
571 3468 739 3519 legunt,
766 3480 866 3517 non,
893 3473 1061 3520 accepto.

186 3524 286 3564 Non
305 3525 463 3578 inepte.
491 3530 693 3572 *videtur
710 3531 826 3571 enim
843 3544 950 3584 puer
968 3533 1062 3572 thu-

1838 299 1978 351 1091

1100 430 1282 471 ribulum
1299 430 1557 472 festinanter
1569 426 1897 481 improvideque
1915 441 1982 469 ar-

1100 493 1300 545 ripuisse,
1335 501 1466 547 atque
1499 494 1597 534 ideo
1618 492 1846 533 carbonem
1866 493 1982 532 exci-

1101 556 1211 597 disse
1229 558 1271 597 in
1287 559 1379 610 ejus
1395 559 1630 599 brachium.
1659 556 1847 608 Pighius.
1881 556 1984 596 Tha-

1099 620 1285 671 ribulum]
1314 623 1392 662 Est
1411 634 1503 672 vas,
1521 634 1604 674 qno
1625 621 1718 660 thus
1739 619 1950 659 adoletur.

1154 683 1365 724 Sacrorum
1391 686 1575 738 antistes]
1612 684 1760 724 Veluti
1789 682 1986 736 quaedam

1101 747 1322 799 sacerdos,
1351 761 1447 800 qnae
1478 753 1700 799 praecepta
1719 746 1868 797 tradit,
1895 745 1987 798 qui-

1101 810 1179 849 bus
1200 810 1393 851 homines
1410 811 1463 850 ad
1480 810 1589 850 bene
1609 810 1821 862 beateque
1841 808 1988 849 viven-

1101 874 1202 914 dum
1222 875 1519 914 instituuntur.
1552 873 1661 914 oliv.

1155 940 1409 979 Potentiores
1440 938 1564 990 metu]
1606 937 1745 988 Facit,
1775 942 1826 977 ut
1860 937 1988 976 homo

1102 1007 1266 1043 metum
1295 1003 1456 1053 vincat,
1482 1008 1612 1054 atque
1640 1001 1857 1050 dolorem;
1887 1000 1991 1052 quia

1100 1079 1184 1107 nec
1204 1073 1340 1118 metu,
1358 1078 1438 1106 nec
1466 1066 1613 1105 dolore
1640 1064 1866 1116 praesentis
1886 1062 1991 1103 mali

1103 1129 1158 1169 ab
1178 1128 1319 1169 officio
1340 1128 1542 1169 discedit.
1572 1129 1699 1168 Idem.

1157 1193 1222 1244 §2
1250 1193 1406 1232 Zenone
1443 1191 1597 1243 Eleate]
1637 1191 1786 1230 Zenon
1814 1188 1991 1229 Eleates

1104 1255 1279 1296 dicebat
1306 1254 1509 1295 mundum
1552 1266 1661 1305 csse,
1694 1265 1875 1293 vacuum
1905 1264 1993 1292 non

1105 1330 1213 1369 esse,
1229 1318 1418 1358 universi
1438 1324 1638 1359 naturam
1652 1315 1881 1357 conflatam
1896 1327 1992 1356 esse

1107 1395 1131 1422 e
1166 1383 1323 1433 calido,
1352 1381 1531 1434 frigido,
1568 1381 1758 1431 humido,
1786 1386 1831 1420 et
1865 1379 1994 1428 sicco,

1106 1452 1274 1486 mutuas
1302 1458 1453 1498 operas
1485 1445 1596 1485 inter
1616 1456 1663 1484 se
1682 1442 1888 1484 mutando
1909 1448 1995 1483 tra-

1108 1509 1333 1550 dentibus:
1363 1509 1556 1549 homines
1574 1520 1597 1548 e
1620 1513 1737 1548 terra
1756 1511 1896 1547 ortum
1917 1505 1996 1545 du-

1107 1585 1232 1613 cere:
1259 1574 1442 1613 animam
1463 1584 1557 1612 esse
1578 1571 1811 1611 miscellam
1840 1581 1864 1608 e
1885 1580 1996 1620 prae-

1108 1637 1236 1676 dictis
1279 1636 1598 1685 concinnatam,
1646 1634 1767 1673 nullo
1810 1632 1996 1671 omnium

1108 1700 1376 1751 praevalente
1405 1705 1479 1740 ant
1509 1701 1815 1750 exsuperante.
1858 1694 1998 1735 Aiunt

1109 1763 1296 1803 convitio
1327 1763 1621 1813 verberatum,
1656 1761 1720 1801 ira
1756 1758 1996 1799 exarsisse:

1108 1827 1224 1879 quod
1245 1839 1341 1866 cum
1359 1827 1466 1866 alius
1486 1826 1549 1865 illi
1565 1825 1671 1865 vitio
1690 1822 1904 1873 vertisset,
1932 1833 1998 1860 re-

1110 1891 1352 1943 spondisse‚
1380 1891 1415 1930 si
1448 1887 1711 1930 contumelia
1744 1891 1923 1926 vexatus
1953 1883 2000 1924 id

1110 1954 1451 2005 dissimulavero,
1483 1965 1539 1993 ne
1560 1958 1652 1992 tum
1672 1950 1847 2004 quidem
1869 1961 2002 2001 quum

1109 2017 1610 2069 laudabor-,voluptatem
1620 2015 1801 2067 capiam.
1821 2013 2001 2066 Hesych-

1110 2081 1152 2120 ἰη
1176 2081 1259 2121 Vit.
1279 2080 1390 2120 Phil.
1447 2081 1602 2120 Zenone
1631 2077 1789 2128 Eleate]
1819 2077 1887 2116 Dc
1918 2077 2003 2115 hoc

1110 2145 1248 2184 Varro
1278 2144 1618 2184 Eumenidibus:
1662 2144 1675 2166 ‘
1698 2142 1788 2183 Ubi
1825 2141 2001 2181 dicatur

1113 2208 1276 2259 primus
1307 2209 1454 2248 Zenon
1490 2220 1646 2247 novam
1678 2205 1863 2246 haeresin
1891 2216 2004 2244 novo

1112 2272 1272 2322 paxillo
1303 2270 1610 2323 suspendisse.’
1669 2271 1740 2310 De
1770 2268 1894 2320 hujus
1923 2270 2005 2307 δια-

1113 2333 1355 2384 μαστιγῶσει
1387 2334 1682 2373 Tertullianus
1711 2331 2004 2384 Apologetico

1116 2398 1262 2450 capite
1283 2398 1450 2449 ultimo,
1469 2402 1515 2437 et
1531 2397 1586 2436 de
1607 2395 1898 2448 Spectaculis.
1929 2395 2006 2433 Co-

1116 2462 1190 2501 ler.
1245 2460 1404 2511 Eleate]
1451 2461 1530 2500 Est
1569 2460 1678 2499 Elea
1714 2456 2007 2509 Peloponnesi

1115 2523 1383 2574 regiuncula,
1415 2535 1513 2575 quae
1550 2521 1766 2563 Cauconia
1795 2519 2007 2571 aliquibus

1118 2585 1237 2625 dicta
1267 2591 1350 2636 est,
1379 2591 1427 2624 ut
1453 2585 1593 2638 inquit
1625 2583 1798 2625 Strabo.
1848 2584 1929 2622 Est
1960 2586 2010 2622 et

1119 2649 1243 2688 Livio
1262 2648 1336 2688 lib.
1361 2659 1534 2689 xxx111.
1588 2648 1698 2687 Elea
1714 2647 1757 2686 in
1778 2646 2009 2696 Laconica,

1118 2711 1339 2750 imminens
1354 2711 1509 2751 Leucis
1526 2715 1572 2750 et
1587 2709 1741 2750 Acriis.
1763 2710 1843 2748 Est
1860 2713 1906 2748 et
1925 2707 2009 2749 Ar-

1119 2773 1255 2813 cadiae
1276 2774 1392 2826 apud
1414 2773 1689 2814 Pausaniam.

1174 2836 1464 2888 Agrigentum]
1515 2836 1659 2876 Plinio
1695 2835 1853 2876 Siciliae
1890 2834 2009 2876 urbs.

1119 2898 1314 2952 Ἀκράγας
1349 2901 1602 2950 Ptolemaeo,
1639 2898 1828 2949 Lae'rtio,
1866 2899 2011 2938 Xeno-

1122 2966 1292 3017 phonti,
1307 2970 1352 3004 et
1370 2964 1628 3017 Thucydidi,
1641 2965 1713 3016 q'ui
1727 2977 1824 3004 cum
1840 2963 2009 3002 AEliano

1123 3029 1231 3068 dicit
1251 3041 1275 3068 a
1293 3027 1468 3068 flumine
1488 3027 1742 3080 Agragante
1771 3027 1834 3067 sic
1862 3026 2010 3077 appel·-

1122 3092 1266 3131 latam.
1325 3091 1438 3131 Naro
1467 3091 1592 3130 hodie
1613 3103 1638 3129 a
1657 3089 1795 3139 Nigro
1815 3088 2008 3127 nomina-

1124 3160 1210 3196 tur.
1268 3154 1452 3194 Cuidam
1468 3154 1695 3206 Anonymo
1712 3154 1796 3192 duo
1811 3156 1927 3199 sunt,
1939 3149 2010 3189 cui

1124 3217 1321 3269 Agragas
1341 3218 1481 3258 Monte
1499 3230 1619 3268 secco,
1648 3221 1694 3256 et
1722 3215 2010 3266 Agrigentum

1126 3281 1324 3331 Gergemi
1354 3287 1438 3322 est.
1494 3282 1592 3321 Hoc
1629 3279 1712 3319 erit
1743 3277 1857 3316 forte
1885 3274 2011 3325 Agri-

1125 3344 1397 3394 gentinorum
1417 3343 1673 3395 emporium,
1703 3340 1758 3380 ad
1785 3350 1929 3386 mare;
1962 3337 2011 3376 il-

1124 3406 1196 3445 lud
1208 3406 1469 3458 Agragas,in
1483 3401 1830 3445 mediterraneis:
1849 3404 2011 3440 utrum-

1126 3482 1208 3520 que
1223 3470 1467 3510 Ptolemaei.
1496 3465 1725 3518 Agrigenti
1741 3464 1864 3516 hujus
1879 3464 2008 3505 situm

1125 3533 1220 3583 lege
1239 3533 1353 3584 apud
1374 3530 1615 3582 Polybium.
1648 3528 1774 3568 Ortel.
