2320 4004
553 275 817 318 vALan
861 276 1104 318 MAxim
1149 278 1266 316 ΜΒ.
1307 277 1387 315 ιν.
1428 277 1563 316 οΑΡ.
1591 263 1641 315 1.

181 405 256 440 unt
290 397 433 446 animi,
465 407 562 436 cum
598 394 879 435 admiratione
916 393 1058 433 excel·

180 462 288 502 lenti
341 470 509 500 sensum
569 458 751 510 aliquem
810 456 1059 497 amittimus.

183 525 336 564 Oliuer.

251 582 417 634 Nervis]
472 581 810 634 Frigidissimum
860 581 1057 634 Cydnum

178 659 273 690 esse
292 660 347 688 ex
365 646 520 687 Galen.
541 646 650 686 libro
667 645 721 685 de
740 646 914 686 Procat.
933 646 1057 686 Caus.

178 712 331 763 liquet.
350 709 576 751 Quomodo
594 710 738 762 itaque
757 709 927 749 Vitruv.
946 709 1059 750 dixit

179 773 394 825 Podagrae
413 771 590 819 mederi,
603 772 798 812 cruribus
813 784 864 812 eo
881 772 1058 811 mersis?

179 837 385 890 Numquid
411 837 524 876 enim
555 849 639 877 non
674 835 810 888 frigus
842 836 1058 876 inimicum

178 901 352 941 nervis?
407 900 560 941 Strabo
587 905 732 940 tamen
763 913 931 953 quoque
953 901 1059 941 dicit

180 965 421 1006 hominibus
460 964 672 1015 auxiliari,
708 968 780 1017 qui
827 965 1059 1006 crassiores

181 1041 338 1070 nervos
356 1029 532 1070 habent.
590 1029 766 1082 Thysius.

235 1092 487 1149 fluctuabat]
514 1092 567 1134 Id
586 1100 670 1145 est,
687 1094 854 1134 incerta
867 1092 1059 1146 agitaba-

1861 265 2001 318 1119

1123 394 1258 434 turin
1289 394 1470 434 adversa
1485 392 1733 434 valetudine
1761 394 1878 445 ejus;
1908 397 2007 447 qnia

1127 457 1162 496 si
1182 468 1277 496 eum
1294 459 1400 498 mori
1414 457 1679 508 contigisset,
1693 462 1836 496 actum
1853 456 2007 499 fuisset

1126 519 1181 559 de
1217 521 1413 572 victoria,
1441 534 1581 575 quam,
1615 521 1650 561 si
1686 521 1829 560 statim
1864 523 2008 562 sanari

1127 584 1355 635 potuisset,
1368 585 1459 636 jam
1486 585 1576 626 fere
1605 585 1647 625 in
1665 584 1860 625 manibus
1879 585 2008 627 habe-

1126 646 1216 688 bat.
1273 648 1443 688 Badius.

1180 711 1460 763 Parmenione]
1490 712 1637 763 Hunc,
1663 711 1764 765 quia
1788 718 2010 764 suspectas

1126 773 1271 814 literas
1282 774 1531 815 Alexandro
1546 776 1637 827 regi
1653 776 1848 827 dederat,
1861 777 2012 817 Clean·

1126 838 1206 878 der
1224 844 1269 878 et
1287 839 1529 878 Polidamas
1549 839 1750 879 mandato
1771 839 2011 881 Alexandri

1125 901 1450 941 interemerunt.
1507 901 1591 942 Hic
1621 903 1713 942 sine
1748 915 1851 954 rege
1880 903 2011 945 Alex—

1128 964 1262 1004 andro
1281 965 1414 1004 multa
1432 969 1623 1015 strenue,
1636 978 1713 1005 rex
1734 966 1825 1006 sine
1841 980 1892 1006 eo
1907 968 2012 1007 nihil

1126 1041 1295 1081 magnae
1322 1029 1386 1068 rei
1415 1029 1560 1081 gessit,
1579 1034 1628 1070 ut
1646 1030 1738 1070 vult
1765 1031 1819 1072 Q.
1840 1031 2012 1073 Curtius

1127 1092 1199 1133 lib.
1220 1104 1303 1132 vu.
1361 1092 1510 1133 Oliver.

876 1500 1154 1561 LIBER
1205 1499 1322 1560 IV.

237 1657 349 1699 CAP-
384 1669 416 1699 ι.
446 1659 734 1709 Transgrediar
769 1659 820 1698 ad
851 1658 1060 1698 saluberri-

181 1734 284 1762 mam
298 1727 466 1775 partem,
476 1723 563 1775 ξω]
588 1722 657 1764 Ad
677 1724 912 1776 capitulum
926 1729 1061 1764 trans-

178 1784 216 1825 it
234 1785 290 1826 de
309 1786 625 1839 Moderatione.
677 1788 757 1827 Est
781 1793 925 1827 autem
941 1787 954 1809 ‘
975 1799 1063 1826 mo-

178 1847 381 1900 deratio,'
394 1849 679 1902 cupiditatum
693 1857 932 1891 nostrarum
949 1863 1063 1904 quae-

179 1911 277 1952 dam
309 1913 432 1965 quasi
463 1912 749 1965 refraenatriX,
773 1927 869 1967 quae
895 1921 1063 1955 nostros

179 1975 359 2016 solutius
391 1977 562 2029 evagari
601 1990 686 2018 non
719 1979 820 2019 sinit
852 1978 1064 2029 affectus3

181 2037 259 2078 sed
305 2044 508 2092 tanquam
563 2047 819 2082 caeterarnm
858 2043 1064 2083 virtutum

180 2101 346 2154 auriga,
356 2102 535 2143 hominis
549 2104 733 2145 animum
746 2106 808 2145 ita
827 2105 1063 2158 componit,

179 2169 229 2205 ut
256 2165 461 2219 quicquid
489 2165 646 2208 fecerit
676 2172 751 2208 aut
779 2168 957 2219 dixerit,
977 2181 1064 2208 om·

179 2228 283 2269 uiuo
318 2229 653 2281 reprehensione
690 2238 852 2272 careat.
926 2233 1065 2272 Recte

178 2291 309 2341 igitur
347 2293 614 2333 Constantiae
647 2293 934 2345 subjungitur,
967 2305 1063 2334 cum

181 2354 274 2406 ejus
292 2355 412 2406 quasi
442 2360 581 2396 mater
612 2355 670 2395 sit
698 2361 826 2408 atque
844 2356 1063 2408 magistra.

183 2417 333 2458 Oliver.

236 2484 260 2534 ς
278 2485 300 2521 l
329 2482 462 2534 Atque
475 2487 520 2529 ut
533 2483 580 2523 ab
590 2483 834 2524 incunabulis
846 2483 986 2523 summi
995 2484 1061 2523 Ιιο-

179 2545 286 2584 noris
300 2545 500 2598 incipiam,
515 2547 604 2599 ξω]
634 2547 769 2587 Primi
791 2547 999 2588 Consules
1019 2549 1062 2588 in

180 2607 300 2648 Urbe
315 2609 451 2649 Roma
467 2610 602 2650 creati
623 2615 722 2650 suut
733 2610 888 2652 Junius
899 2611 1063 2650 Brutus

178 2676 226 2711 et
244 2671 294 2712 L.
307 2672 563 2725 Tarquinius
577 2674 828 2715 Collatinus.
871 2675 968 2716 Quo
987 2674 1061 2716 de-

177 2732 278 2774 inde
303 2735 443 2786 pulso,
464 2735 566 2788 quia
583 2748 638 2775 ex
667 2743 798 2789 geute
826 2737 1064 2790 Tarquinia

177 2794 309 2848 foret,
323 2797 367 2836 in
386 2797 476 2849 ejus
493 2798 634 2838 locum
661 2798 915 2839 centuriatis
933 2800 1063 2840 comi-

181 2860 267 2912 tiis,
282 2860 547 2902 substitutus.
567 2868 636 2903 est
655 2863 709 2904 P.
727 2863 925 2903 Valerius
945 2863 1062 2904 Pub·

176 2923 325 2974 licola,
357 2924 430 2977 qui
460 2924 632 2966 fuerant
668 2926 783 2966 illius
821 2927 1062 2967 exactionis

178 2991 396 3036 auctores,
415 2993 460 3026 et
489 2988 692 3028 Romanae
723 2989 938 3029 libertatis
972 2989 1064 3029 viu-

179 3048 314 3090 dices.
368 3050 532 3090 Brutus
568 3053 736 3092 obvium
768 3053 959 3104 regibus,
992 3054 1066 3105 qui

179 3112 341 3166 populo
376 3114 573 3155 Romano
611 3115 771 3156 bellum
807 3115 1066 3169 inferebant,

179 3187 278 3216 cum
297 3177 466 3230 legione
482 3179 706 3230 processit,
717 3184 762 3219 et
781 3191 914 3232 super
924 3179 1065 3220 Arun-

179 3239 277 3279 tem‘
297 3240 412 3292 regis
443 3241 590 3293 filium,
609 3255 734 3295 quem
768 3244 893 3283 hasta
925 3249 1063 3284 trans·

180 3299 352 3353 fixerat,
367 3308 513 3344 mutuo
533 3306 708 3345 vulnere
732 3306 963 3357 expiravit.
1012 3307 1064 3348 Iu

182 3361 394 3405 demortui
425 3366 566 3406 locum
596 3367 855 3408 substitutus
881 3375 950 3408 est
980 3369 1064 3409 Lu·

183 3426 357 3477 cretius,
388 3429 603 3470 Lucretiae
637 3437 784 3482 pater;
826 3444 908 3484 quo
934 3433 1064 3483 paulo

184 3493 283 3539 post
323 3495 508 3544 mortuo,
542 3493 743 3534 Valerius
781 3507 860 3546 per
907 3496 1062 3537 multos

1129 1658 1222 1698 dies
1242 1658 1397 1698 nullam
1431 1655 1695 1709 subrogandi
1725 1655 1807 1696 sibi
1837 1656 2014 1706 collegae

1129 1721 1387 1761 mentionem
1401 1719 1566 1769 facere,
1585 1725 1632 1760 et
1650 1719 1694 1759 in
1714 1731 1877 1758 summa
1894 1718 2020 1757 Velia

1131 1784 1212 1824 sibi
1241 1784 1412 1824 domum
1446 1783 1680 1834 aedificare,
1708 1783 1891 1835 populus
1919 1794 2017 1821 eum

1131 1861 1309 1901 regnum
1324 1848 1529 1888 affectare
1543 1848 1782 1900 suspicatus
1795 1853 1873 1886 est.
1890 1845 2017 1888 Quod

1131 1912 1206 1952 ubi
1236 1911 1369 1951 sensit
1398 1911 1614 1962 Valerius,
1642 1914 1798 1950 vocato
1829 1908 1883 1948 ad
1918 1920 2019 1948 cou-

1132 1976 1298 2017 cionem
1318 1976 1491 2028 populo,
1508 1974 1798 2027 depositisque
1811 1972 2017 2022 fascibus,

1133 2041 1321 2093 graviter
1349 2040 1403 2079 de
1422 2040 1590 2079 illorum
1611 2038 1791 2078 levitate
1809 2047 2017 2088 conques-

1133 2109 1219 2155 tus,
1238 2102 1353 2156 quod
1392 2115 1455 2154 se,
1474 2114 1601 2155 quem
1633 2100 1851 2141 libertatis
1881 2098 2017 2138 vindi-

1132 2179 1226 2207 cem
1274 2167 1401 2218 paulo
1450 2172 1550 2206 ante
1591 2177 1746 2217 magna
1781 2163 2018 2204 ambitione

1131 2229 1440 2281 praedicarant,
1457 2241 1570 2269 nunc
1590 2227 1784 2281 ejusdem
1803 2226 2018 2267 libertatis

1132 2305 1434 2344 oppressorem
1469 2293 1805 2341 suspicarentur.
1876 2289 2017 2330 Casti-

1131 2357 1244 2407 gatis
1268 2356 1438 2396 demum
1471 2355 1666 2396 omnibus
1695 2355 1906 2405 collegam
1935 2352 2018 2393 sibi

1130 2418 1355 2459 substituit
1378 2419 1578 2470 Spurium
1606 2418 1872 2468 Lucretium,
1889 2416 2018 2468 eique

1130 2482 1296 2533 priores
1316 2480 1456 2522 fasces
1481 2480 1696 2534 proeferri,
1714 2485 1759 2520 et
1775 2479 1892 2520 aedes
1911 2491 2018 2531 quas

1127 2544 1173 2584 in
1194 2557 1357 2586 summo
1375 2545 1517 2585 Veliae
1546 2543 1806 2594 aedificabat,
1826 2542 1954 2593 dirui,
1972 2546 2019 2582 et

1130 2620 1298 2648 omnem
1331 2610 1555 2649 materiam
1587 2609 1633 2647 in
1670 2608 1847 2660 planum
1885 2612 2017 2658 atque

1129 2673 1173 2712 in
1192 2672 1382 2714 infimum
1405 2675 1548 2715 locum
1566 2672 1730 2714 deferri
1750 2671 1908 2724 jussit:
1941 2670 2018 2710 ali-

1133 2749 1235 2789 quas
1273 2738 1430 2779 deiude
1468 2738 1698 2791 populares
1743 2738 1862 2788 leges
1898 2735 2018 2785 tulit,

1129 2799 1245 2839 iuter
1277 2813 1383 2852 quas
1415 2806 1462 2841 et
1493 2802 1626 2851 illam,
1655 2805 1704 2840 ut
1738 2800 1877 2839 nullus
1911 2798 2019 2838 civis

1130 2863 1346 2904 Romanus
1401 2864 1606 2904 adversus
1666 2862 2017 2915 provocationem

1130 2926 1282 2966 violari
1317 2933 1482 2978 posset.
1535 2925 1809 2978 Incunabulis]
1847 2924 2017 2965 Princi-

1132 2989 1228 3042 piis.
1285 2990 1436 3032 Oliver.

1185 3053 1418 3105 Poplicolae]
1447 3052 1486 3092 A
1512 3052 1694 3094 colenda
1713 3051 1841 3104 plebe
1861 3051 2016 3101 dictus,

1134 3116 1234 3168 quia
1279 3117 1452 3168 plebem
1498 3116 1679 3157 mirifice
1726 3115 1875 3155 coluit.
1933 3115 2015 3159 Qui

1128 3179 1263 3230 populi
1281 3181 1520 3230 mqy‘estutem
1546 3180 1776 3229 venerando,
1804 3176 2016 3227 Poplicola

1131 3257 1342 3296 cognomen
1367 3250 1565 3287 assecutus
1593 3245 1670 3296 est]
1711 3244 1818 3283 Mss.
1851 3253 2016 3293 omnes,

1132 3308 1347 3349 Publicola>
1377 3322 1529 3359 nomen,
1569 3309 1734 3358 legunt.
1802 3304 2013 3356 Equidem

1130 3370 1441 3423 animadverto,
1458 3371 1693 3417 Valerium,
1721 3368 1911 3419 aliosque
1940 3379 2009 3406 ve-

1131 3439 1247 3474 teres
1299 3433 1392 3474 fere
1438 3433 1721 3487 quodcunque
1770 3430 2010 3481 proprium,

1128 3497 1305 3538 seorsim
1338 3497 1539 3547 positum,
1573 3492 1825 3544 simpliciter
1856 3503 2010 3536 nomeu
