2288 3990
387 313 531 367 1074
549 326 559 329 ”

386 460 531 500 parem
570 447 798 502 majoribus
835 446 959 499 fecit,
1004 453 1051 488 et
1086 445 1261 488 fatalem

386 512 598 564 Scipionis
631 513 674 552 in
705 511 852 552 Africa
872 509 1049 562 gloriam
1081 522 1164 550 non
1195 515 1263 551 est

383 575 636 628 interrumpi
667 587 805 627 passa.
857 574 1046 613 Multum
1065 578 1133 614 est
1159 573 1260 613 Car-

385 638 599 690 thaginem
620 639 808 690 vincere,
827 636 904 678 sed
934 636 1116 688 amplius
1147 648 1259 676 mor-

383 699 500 740 tem?
532 701 682 740 Oliver.

434 762 675 814 Infeliciter]
701 763 878 804 Dicitur
897 763 1058 809 Caesar,
1073 774 1168 802 cum
1185 774 1257 802 au-

380 824 512 866 disset
531 826 804 868 adversarios
836 838 936 866 suos
955 830 1127 866 vetusto
1158 838 1258 877 quo-

379 886 477 927 dam
498 887 715 947 confidere
739 889 954 940 vaticinio,
984 901 1067 941 quo
1087 901 1256 940 semper

377 949 422 989 in
455 949 605 992 Africa
636 952 811 993 vincere
842 951 975 992 fatale
1007 952 1254 1003 Scipionum

376 1015 525 1065 generi
555 1014 687 1068 foret,
714 1017 826 1057 haud
858 1016 986 1057 facile
1021 1016 1140 1057 dictu
1172 1022 1256 1068 est,

376 1077 470 1118 sive
508 1083 558 1119 ut
587 1078 771 1120 hostium
811 1080 1116 1132 imperatorem
1160 1080 1254 1121 Sci-

375 1140 546 1192 pionem
586 1154 664 1193 per
691 1143 839 1195 jocum
871 1141 992 1183 flocci
1029 1143 1253 1194 penderet,

375 1203 481 1255 sive,
500 1210 547 1244 ut
580 1206 692 1246 serio
728 1206 811 1245 sibi
840 1206 886 1246 id
913 1206 1164 1246 vendicaret
1182 1219 1254 1246 au-

374 1266 556 1318 gurium,
594 1268 807 1322 quendam
854 1281 910 1309 ex
957 1269 1252 1309 Corneliorum

372 1326 549 1380 familia,
580 1330 789 1371 hominem
823 1342 927 1371 sane
956 1330 1172 1382 abjectum
1207 1336 1254 1370 et

371 1390 745 1444 despectissimum
790 1394 1050 1446 Scipionem,
1097 1405 1252 1445 cogno-

369 1460 516 1496 mento
534 1457 816 1509 Salutiouem,
834 1457 948 1498 inter
967 1457 1250 1510 praeliandum

368 1519 549 1570 perinde
585 1532 636 1561 ac
667 1522 885 1562 exercitus
915 1521 1067 1562 ducem
1095 1533 1251 1573 propo-

367 1581 470 1628 suit,
489 1582 553 1622 ita
578 1588 627 1624 ut
656 1596 751 1624 cum
771 1584 894 1625 hoste
914 1584 1130 1624 interdum
1149 1596 1251 1624 con·

367 1643 489 1694 gredi
509 1651 752 1698 cogeretur,
773 1652 818 1687 et
835 1647 955 1700 quasi
986 1647 1136 1688 eadem
1167 1646 1252 1687 for·

366 1711 472 1748 tuna
498 1721 552 1749 ex
579 1710 750 1751 nomine
789 1710 1003 1763 Scipionis
1039 1717 1249 1753 uteretur.

369 1770 521 1812 Oliver.

423 1834 519 1885 §14
551 1835 627 1876 Tui
654 1849 816 1889 quoque,
844 1837 934 1889 ὅπη]
986 1838 1054 1877 De
1083 1837 1249 1879 Catone

367 1895 562 1936 Uticensi
581 1898 790 1951 loquitur,
808 1900 880 1953 qui
894 1901 987 1952 jam
1007 1898 1248 1952 profligatis

365 1959 551 2012 reipubl.
566 1962 831 2015 partibus,et
845 1965 888 2004 in
901 1964 1128 2004 Pharsalia
1137 1965 1247 2005 duce

364 2020 591 2075 Pompeio,
607 2025 710 2065 etin
727 2024 882 2066 Africa
900 2026 1033 2067 Sexto
1049 2028 1249 2080 Pompeii

359 2083 464 2132 filio,
495 2086 567 2127 ubi
587 2089 747 2128 nullam
783 2090 864 2129 sibi
894 2090 1109 2130 libertatis
1138 2091 1247 2142 poti-

360 2146 487 2187 undae
522 2161 643 2201 spem
673 2163 906 2203 superesse
937 2152 1062 2204 vidit,
1097 2154 1247 2194 maluit

359 2207 564 2261 dignitati
594 2224 699 2264 suae,
728 2226 855 2267 quam
875 2215 978 2255 vitae
1005 2217 1244 2257 consulere.

358 2271 554 2314 Platonis
585 2276 714 2328 enim,
745 2290 872 2330 quem
894 2278 936 2318 in
956 2279 1151 2319 manibus
1171 2280 1244 2319 ha-

357 2333 504 2388 bebat,
538 2337 592 2377 de
620 2339 955 2382 Immortalitate
989 2343 1159 2383 Animae
1194 2344 1243 2382 li·

356 2396 480 2439 brum
498 2401 740 2453 perlegens,
754 2403 1000 2445 cubiculum
1014 2406 1244 2458 ingressus,

354 2460 497 2510 gladio
529 2462 742 2506 incubuit.
800 2467 994 2508 Excitati
1025 2468 1140 2508 servi
1170 2481 1241 2508 ac-

356 2531 553 2576 currunt,
583 2527 638 2566 ad
673 2528 926 2570 transfixum
945 2531 1140 2583 veniunt,
1167 2531 1241 2572 do·

356 2586 515 2627 minum
563 2597 784 2642 accusant,
827 2592 900 2644 qui
937 2593 1017 2633 sibi
1056 2599 1240 2634 mortem

356 2649 657 2691 conscisceret.
732 2654 912 2694 Hortati
947 2655 1117 2707 deinde,
1150 2658 1240 2696 vul-

354 2721 434 2750 nus
453 2712 651 2766 religant,
671 2719 717 2755 et
743 2717 931 2757 salubria
950 2719 1095 2759 statim
1118 2719 1238 2759 adhi-

354 2772 463 2815 bent
481 2776 812 2820 medicamenta.
855 2780 936 2820 Ille
969 2793 1071 2821 vero
1105 2782 1239 2834 poeni-

354 2836 531 2877 tentiam
551 2839 769 2893 simulans,
790 2854 886 2882 cum
904 2855 950 2883 se
969 2844 1238 2896 requiescere

354 2899 466 2939 velle
499 2900 696 2954 dixisset,
732 2905 907 2945 remotis
928 2905 1117 2956 arbitris,
1152 2907 1240 2946 vul-

354 2972 432 3001 nus
452 2965 647 3016 resolvit,
667 2970 713 3006 et
733 2966 898 3018 digitis,
930 2968 1031 3020 quia
1063 2969 1139 3009 teli
1161 2982 1238 3021 po-

353 3029 489 3066 testas
505 3033 622 3068 esset
636 3033 800 3081 erepta,
814 3030 1085 3082 dilaceravit,
1099 3031 1237 3073 donec

353 3089 551 3141 spiritum
572 3092 728 3132 emisit.
784 3094 854 3133 De
873 3094 954 3133 hoc
975 3095 1123 3135 Caesar
1147 3096 1236 3136 dic-

350 3157 446 3192 tare
461 3153 611 3194 solitus
621 3160 732 3208 erat,
745 3155 953 3197 invidisse
970 3158 1117 3209 gloriae
1134 3171 1237 3211 suae,

351 3219 467 3271 quod
487 3220 566 3261 sub
585 3221 680 3273 ejus
695 3234 788 3262 esse
800 3222 1008 3262 noluisset
1025 3222 1205 3274 imperio
1222 3237 1234 3273 3

353 3294 451 3323 nam
483 3284 519 3323 is
552 3289 647 3325 erat
679 3285 806 3338 Cato,
836 3285 909 3338 qui
936 3286 1013 3325 nisi
1046 3285 1156 3326 liber
1190 3293 1236 3327 et

350 3358 447 3386 cum
463 3346 677 3399 dignitate
697 3348 842 3389 vivere
862 3348 1091 3401 potuisset,
1108 3362 1232 3402 quem

348 3408 584 3450 Uticenses
603 3410 763 3451 honore
797 3412 1032 3463 sepulturae
1061 3412 1235 3452 decora·

348 3476 462 3512 runt.
517 3473 688 3514 Seneca
719 3474 772 3514 de
805 3472 969 3515 Catone
1000 3475 1142 3527 Epist.
1179 3476 1233 3516 ad

351 3534 580 3576 Lucillium
601 3537 808 3589 vigesima
832 3542 1011 3592 quarta:
1045 3539 1058 3561 ‘
1074 3539 1138 3579 Tu
1159 3539 1234 3578 mi-

961 325 1137 364 NOTAE
1182 323 1255 362 vA
1271 324 1511 365 RlORUM
1555 326 1622 365 IN

1324 447 1384 499 hi,
1417 460 1512 490 cum
1547 449 1600 489 ad
1633 447 1986 489 contemnendam
2018 452 2198 488 mortem
2231 472 2238 479 oe

1324 518 1498 551 ventum
1546 511 1696 563 fuerit,
1733 512 1941 552 Catonem
1978 509 2199 550 narrabis:

1322 573 1423 625 quid
1460 574 1504 613 ni
1540 586 1621 626 ego
1655 574 1904 613 narrarem?
1944 574 2106 614 Ultima
2123 572 2198 612 illa

1321 642 1450 676 nocte
1478 636 1669 677 Platonis
1699 636 1850 676 librum
1871 636 2036 688 legens,
2057 635 2198 688 posito

1321 700 1374 739 ad
1407 706 1540 751 caput
1573 700 1731 751 gladio,
1762 699 1846 740 duo
1875 700 1968 739 haec
1993 700 2035 739 in
2070 698 2197 739 rebus

1318 763 1520 802 extremis
1567 763 1853 802 instrumenta
1896 767 2198 814 perspexerat,

1318 826 1517 876 alterum,
1536 832 1585 866 ut
1605 827 1735 866 vellet
1767 826 1892 875 mori,
1920 826 2118 875 alterum,
2147 831 2197 865 ut

1318 895 1477 942 posset.
1538 889 1793 940 Compositis
1821 900 1922 940 ergo
1952 888 2099 937 rebus,
2128 893 2196 928 ut-

1317 964 1485 1006 cunque
1504 953 1699 1004 componi
1715 951 1869 991 fractae
1887 957 2016 1004 atque
2032 951 2194 1004 ultimae
2268 958 2274 962 ·

1316 1022 1534 1069 poterant,
1552 1016 1595 1056 id
1617 1015 1827 1066 agendum
1844 1013 2121 1065 existimavit,
2139 1025 2195 1053 ne

1316 1082 1385 1121 cui
1405 1082 1612 1122 Catonem
1633 1085 1706 1119 aut
1726 1079 1925 1120 occidere
1944 1079 2108 1128 liceret,
2122 1082 2197 1117 aut

1316 1156 1490 1184 servare
1510 1143 1798 1194 contingeret,
1811 1148 1854 1181 et
1871 1140 2022 1181 stricto
2036 1139 2197 1191 gladio,

1315 1220 1443 1260 quem
1463 1220 1595 1261 usque
1626 1208 1679 1246 ad
1714 1207 1832 1247 illum
1863 1205 1978 1245 diem
2007 1204 2060 1244 ab
2081 1203 2195 1244 omni

1313 1270 1435 1310 caede
1464 1282 1616 1322 purum
1643 1273 1924 1309 servaverat:
1972 1267 2103 1316 Nihil,
2131 1266 2195 1305 in-

1313 1332 1423 1384 quit,
1452 1331 1600 1383 egisti,
1632 1332 1839 1381 Fortuna,
1871 1329 2064 1370 omnibus
2089 1329 2193 1368 meis

1314 1395 1538 1436 conatibus
1575 1394 1812 1434 obstando:
1858 1405 1944 1432 non
1977 1403 2057 1444 pro
2098 1403 2194 1431 mea

1314 1456 1469 1509 adhuc,
1498 1457 1574 1497 sed
1595 1469 1673 1508 pro
1701 1455 1852 1508 patriae
1872 1455 2072 1495 libertate
2094 1466 2196 1506 pug-

1312 1521 1435 1559 navi:
1477 1531 1559 1559 nec
1591 1518 1772 1571 agebam
1801 1522 1925 1559 tanta
1950 1517 2195 1569 pertinacia

1312 1589 1360 1623 ut
1376 1583 1499 1634 liber,
1511 1582 1586 1622 sed
1607 1588 1655 1622 ut
1674 1582 1788 1622 inter
1805 1581 1964 1622 liberos
1987 1581 2192 1620 viverem.

1310 1646 1452 1696 Nunc,
1477 1646 1676 1698 quoniam
1713 1644 1952 1697 deploratae
1985 1648 2085 1683 sunt
2122 1654 2191 1683 res

1309 1708 1522 1757 humanae,
1555 1708 1664 1747 Cato
1698 1706 1942 1747 deducatur
1959 1706 2002 1745 in
2035 1711 2191 1746 tutum.

1309 1770 1540 1822 Impressit
1559 1770 1716 1810 deinde
1736 1769 2003 1810 mortiferum
2022 1769 2191 1821 corpori

1311 1834 1484 1874 vulnus:
1515 1846 1599 1886 quo
1632 1833 1788 1873 deinde
1814 1832 2004 1884 obligato
2038 1844 2064 1871 a
2095 1833 2190 1872 Me-

1309 1896 1432 1948 dicis,
1450 1908 1547 1937 cum
1579 1897 1716 1936 minus
1751 1896 1970 1948 sanguinis
1996 1895 2190 1944 haberet,

1307 1959 1445 1999 minus
1477 1959 1646 2009 virium,
1681 1959 1808 1999 animi
1837 1960 1965 2010 idem,
1978 1959 2067 2011 jam
2103 1970 2190 1998 non

1306 2027 1472 2063 tantum
1488 2023 1665 2075 Caesari,
1692 2023 1769 2063 sed
1790 2023 1871 2063 sibi
1890 2023 2039 2073 iratus,
2056 2022 2189 2063 nudas

1307 2086 1351 2125 in
1383 2087 1533 2126 vulnus
1565 2099 1714 2126 manns
1745 2087 1851 2138 egit,
1870 2091 1917 2126 et
1936 2096 2190 2138 generosum

1305 2147 1427 2188 illum
1455 2153 1795 2200 contemptorem
1821 2148 1957 2188 omnis
1980 2148 2187 2199 potentiae

1306 2211 1507 2263 spiritum
1522 2224 1606 2252 non
1625 2212 1783 2263 emisit,
1802 2211 1880 2252 sed
1899 2211 2063 2263 eJeciw
2100 2210 2188 2252 Au-

1308 2276 1505 2327 gustinus
1530 2276 1585 2316 de
1604 2276 1792 2317 Civitate
1811 2275 1895 2315 Dei
1924 2275 2002 2316 lib.
2023 2286 2054 2315 1.
2073 2274 2190 2315 dam-

1306 2345 1382 2378 nat
1411 2338 1524 2378 hunc
1544 2338 1768 2378 Catonem.
1803 2338 1957 2377 Oliver.

1364 2400 1500 2452 Utica]
1547 2400 1810 2440 Punicarum
1839 2399 1882 2439 in
1903 2396 2054 2439 Africa
2075 2398 2189 2440 urbi-

1304 2475 1391 2510 um,
1410 2463 1447 2502 si
1467 2463 1768 2514 Carthaginem
1799 2463 1957 2510 demas,
1976 2462 2079 2501 nulli
2098 2474 2189 2502 ces-

1304 2529 1361 2568 sit
1394 2529 1542 2569 Utica.
1599 2529 1838 2581 Sexaginta
1872 2533 2015 2568 autem
2037 2526 2187 2567 stadiis

1303 2602 1328 2628 a
1364 2591 1626 2642 Carthagine
1672 2590 1880 2641 distabat,
1918 2594 1967 2630 ut
2000 2593 2188 2630 testatur

1302 2653 1552 2706 Appianus3
1599 2667 1756 2707 nempe
1792 2666 1939 2694 versus
1968 2665 2186 2694 occasum.

1302 2716 1544 2767 Stephanus
1566 2728 1659 2756 eam
1690 2717 1841 2757 scribit
1871 2716 2096 2769 Tyriorum
2115 2727 2186 2755 co-

1301 2779 1459 2818 loniam
1506 2778 1650 2820 fuisse.
1725 2779 1852 2822 Quod
1899 2784 1947 2819 et
1990 2778 2187 2820 Justinus

1303 2842 1488 2882 affirmat
1504 2843 1579 2883 lib.
1601 2854 1738 2883 xvm.
1785 2843 1798 2865 ‘
1818 2843 1926 2884 Cum
1955 2847 2001 2882 et
2034 2841 2186 2893 opibus

1302 2910 1347 2945 et
1361 2905 1635 2945 multitudine
1650 2905 1770 2958 Tyrii
1785 2904 2070 2954 abundarent,
2089 2903 2186 2943 mis-

1302 2969 1406 3008 sain
1427 2967 1618 3008 Africam
1631 2969 1882 3021 juventute,
1895 2967 2070 3008 Uticam
2088 2978 2186 3006 cou-

1301 3030 1484 3070 didere)
1530 3031 1688 3084 Itaque
1708 3031 1763 3071 de
1782 3030 2045 3083 antiquitate
2060 3029 2186 3080 glori-

1301 3094 1456 3134 abatur
1483 3106 1567 3134 non
1599 3107 1782 3147 parum;
1829 3094 1930 3146 quin
1964 3097 2010 3132 et
2039 3103 2092 3132 eo
2111 3103 2184 3131 no-

1300 3158 1413 3198 mine
1433 3158 1682 3209 Carthagini
1699 3156 2026 3210 praeferebatur.
2053 3154 2184 3194 Silius

1299 3223 1481 3263 Italicus
1513 3223 1586 3263 lib.
1623 3233 1695 3262 111.
1742 3222 1755 3244 ‘
1775 3221 1981 3261 Proxima
1997 3219 2184 3259 Sidoniis

1299 3285 1431 3325 Utica
1449 3290 1515 3325 est
1530 3283 1667 3324 effusa
1683 3283 1894 3335 maniplis,
1914 3282 2067 3322 Prisca
2087 3282 2185 3333 situ,

1297 3347 1542 3400 veterisque
1558 3352 1658 3388 ante
1675 3357 1796 3386 arces
1812 3344 2186 3397 conditaByrsae.’

1296 3408 1556 3450 Aristoteles
1576 3410 1620 3448 in
1652 3410 1762 3449 libro
1781 3407 2064 3448 mirabilium:
2111 3409 2184 3455 τῆς

1297 3472 1339 3514 δὲ
1356 3471 1502 3520 Λιβύης
1521 3473 1562 3512 ἐν
1590 3471 1720 3525 Ἰτύκῃ
1744 3470 1976 3525 καλουμένῃ,
2005 3470 2032 3518 ἣ
2058 3471 2182 3510 κεῖται

1294 3536 1378 3590 μὲν,
1397 3537 1446 3578 ὥς
1463 3535 1665 3588 λέγουσιν,
1685 3537 1726 3577 ἐν
1743 3537 1799 3586 τῷ
1817 3534 1949 3588 κόλπῳ
1962 3537 2024 3587 τῷ
2039 3533 2181 3585 μεταξὺ
