2288 3990
380 268 521 321 1046

381 399 512 442 cundi
540 399 652 439 Belli
683 397 834 439 Punici
862 397 1114 439 Annibalem
1147 397 1255 440 dicit

381 469 480 516 post
512 474 760 515 prosperam
780 461 831 501 ad
854 461 1022 501 Cannas
1055 473 1254 514 pugnam,

383 526 579 579 captivos
595 525 819 575 Romanos,
833 523 944 576 quod
959 535 1168 577 nunquam
1182 536 1254 565 an·

385 595 456 630 tea
474 587 656 639 fecerat,
674 587 854 639 benigne
874 586 975 627 satis
1001 586 1133 628 fuisse
1151 589 1254 629 allo-

384 657 545 698 cutum,
570 651 713 703 eisque
741 662 786 690 se
819 649 1052 690 redimendi
1071 656 1256 703 potesta-

383 719 470 755 tem
503 714 677 764 fecisse,
706 712 890 765 pretium
922 713 1193 755 constituisse
1211 715 1255 755 in

384 778 541 829 capita,
560 776 695 829 equiti
712 776 968 829 quingentos
983 776 1256 830 quadrigatos

384 851 592 888 nummos,
624 839 808 880 tricenos
841 839 992 892 pediti,
1019 851 1142 880 servo
1172 843 1257 883 ter-

385 905 532 954 denos,
553 907 597 943 et
615 915 853 956 quanquam
866 902 1171 956 aliquantulum
1184 901 1256 942 ad-

376 966 614 1018 jiciebatur
631 965 864 1018 equitibus,
879 971 925 1006 et
939 965 993 1006 ad
1012 965 1053 1006 id
1074 966 1259 1018 pretium

387 1041 470 1082 quo
509 1029 763 1080 pepigerant
797 1028 1007 1069 dedentes
1044 1041 1105 1080 se,
1136 1029 1258 1069 laetos

386 1096 475 1131 tum
495 1103 789 1144 quameunque
816 1092 1106 1132 conditionem
1140 1104 1259 1132 acce-

384 1155 516 1208 pisse,
537 1152 800 1207 Romamque
813 1156 975 1206 legatos
989 1155 1169 1206 misisse,
1186 1155 1261 1195 Se-

386 1226 533 1261 natum
550 1232 634 1260 non
650 1219 918 1260 redimendos
932 1219 1164 1270 censuisse,
1180 1219 1263 1259 dis·

387 1282 597 1323 suadente
633 1282 839 1333 imprimis
875 1283 926 1323 T.
962 1282 1127 1322 Manlio
1166 1282 1265 1321 Tor·

389 1350 539 1398 quam,
558 1344 711 1396 priscae
746 1350 791 1384 et
815 1344 939 1384 nimis
971 1343 1088 1384 durae
1108 1343 1264 1383 severi-

388 1405 490 1445 tatis
518 1405 626 1454 viro,
657 1405 729 1457 qui
759 1410 916 1457 praeter
947 1405 1051 1445 alias
1081 1405 1265 1445 rationes

334 1509 342 1517 ‚
390 1480 536 1508 eorum
557 1468 763 1519 ignaviam
778 1468 1023 1515 insectatus,
1036 1469 1149 1508 illam
1166 1467 1266 1508 affe-

391 1529 532 1582 rebat,
550 1529 663 1582 quod
682 1543 777 1571 cum
798 1531 851 1570 P.
870 1531 1121 1584 Sempronio
1139 1532 1267 1572 Tudi-

391 1599 493 1634 tano
511 1592 719 1644 aufugere
739 1595 996 1646 potuissent,
1011 1601 1056 1636 et
1068 1596 1267 1636 noluisse.

394 1655 548 1695 Cicero
582 1654 710 1697 Offic.
744 1655 820 1697 lib.
857 1657 936 1698 ult.
962 1658 1080 1698 circa
1111 1657 1265 1699 finemz

392 1720 405 1742 ‘
427 1719 542 1759 Octo
561 1719 777 1760 hominum
806 1720 971 1773 millia,'
997 1721 1149 1775 inquit,
1177 1722 1189 1744 ‘
1206 1728 1268 1763 te·

393 1781 527 1822 nebat
545 1780 750 1833 Annibal,
779 1795 863 1823 non
895 1796 987 1836 quae
1014 1785 1057 1824 in
1086 1785 1179 1825 acie
1200 1797 1269 1824 ce·

396 1846 545 1897 pisset,
566 1851 640 1885 ant
659 1847 732 1898 qui
753 1847 945 1898 periculo
978 1849 1127 1889 mortis
1146 1848 1269 1889 diffu-

394 1910 572 1961 gissent,
587 1910 664 1950 sed
683 1911 756 1963 qui
775 1911 916 1952 relicti
933 1912 976 1952 in
996 1914 1145 1953 castris
1170 1912 1271 1953 fuis-

397 1977 495 2012 sent
513 1984 538 2012 a
552 1972 690 2013 Paulo
705 1977 751 2012 et
764 1973 956 2015 Varrone
972 1975 1179 2016 Consule:
1198 1987 1271 2015 eos

397 2034 580 2075 Senatus
591 2047 674 2076 non
689 2036 859 2076 censuit
876 2037 1161 2089 redimendos,
1177 2050 1272 2078 cum

397 2097 443 2137 id
476 2110 607 2150 parva
639 2099 824 2150 pecunia
850 2098 945 2140 fieri
976 2100 1207 2151 potuisset,
1225 2105 1275 2140 ut

398 2167 515 2202 esset
554 2162 727 2202 insitum
769 2162 973 2203 militibus
1009 2163 1164 2204 nostris
1202 2168 1277 2203 aut

399 2224 588 2274 vincere,
609 2230 684 2265 aut
703 2225 866 2266 emori!
900 2226 1009 2267 Oliv.

454 2286 538 2327 Sex
563 2287 749 2340 niiuium]
789 2287 838 2328 In
870 2300 1048 2330 numero
1077 2290 1278 2331 dissentit

401 2361 426 2388 a
446 2348 652 2389 Cicerone
684 2355 730 2391 et
763 2351 898 2403 Livio,
922 2352 996 2404 qui
1015 2358 1115 2393 octo
1147 2354 1279 2393 millia

402 2411 530 2452 fuisse
548 2411 712 2454 dicunt.

457 2474 643 2515 Severum
675 2475 916 2528 exhibuerit]
965 2478 1152 2519 Detorta
1190 2479 1280 2520 vul-

408 2539 521 2589 garis
541 2538 703 2578 locutio
719 2544 802 2579 est.
841 2539 892 2578 In
913 2539 1158 2592 Campensi,
1178 2541 1282 2581 Pul-

406 2599 651 2650 manniano,
667 2606 712 2640 et
727 2601 920 2652 Susiano,
938 2614 978 2642 se
989 2614 1162 2642 severum
1173 2602 1285 2648 exhi-

408 2660 553 2712 buerit,
571 2661 743 2713 legitur.
769 2663 893 2714 Pigh.

463 2723 648 2764 Severum
679 2725 917 2778 exhibuerit]
947 2727 1167 2780 Quidquid
1185 2728 1288 2780 Pig-

410 2786 506 2826 hius
538 2792 754 2839 causetur,
800 2800 881 2840 ego
927 2795 1122 2832 veterum
1158 2790 1287 2831 libro·

411 2862 503 2891 rum
526 2851 754 2891 lectionem
770 2851 892 2904 quasi
909 2850 1135 2904 fugitivam
1156 2859 1290 2893 retra-

411 2912 597 2954 hendam
617 2926 787 2965 censeo,
802 2926 934 2955 severe
948 2916 1184 2958 excubuerc't.
1218 2916 1291 2956 Sic

412 2976 487 3017 lib.
509 2987 585 3016 ιιι.
603 2988 700 3028 cap.
720 2977 798 3016 ult.
840 2980 852 2999 ‘
873 2977 961 3018 Pro
978 2978 1117 3018 salute
1134 2978 1290 3020 civium

415 3039 458 3079 iu
479 3037 573 3079 foro
593 3037 890 3079 excubuerat!
919 3040 1091 3082 Colerus.

477 3101 670 3153 Rhegium
703 3101 851 3151 injusto
893 3102 1010 3154 bello]
1065 3104 1293 3144 Frontinus

418 3164 531 3204 libro
551 3175 616 3205 iv.
638 3175 735 3215 cap.
767 3167 807 3204 1.
851 3166 863 3188 ⁶
880 3165 932 3205 In
958 3167 1200 3218 legionem}
1230 3167 1292 3206 in-

421 3227 533 3280 quit,
550 3227 563 3250 ‘
580 3239 676 3280 quae
691 3227 900 3280 Rhegium
914 3229 1118 3280 oppidum
1132 3230 1295 3282 injussu

421 3291 543 3331 ducis
578 3290 784 3337 diruerat,
832 3292 1170 3333 animadversum
1214 3299 1297 3344 est,

422 3354 485 3394 ita
518 3360 564 3394 ut
594 3361 776 3407 quatuor
812 3355 944 3394 millia
974 3356 1131 3396 tradita
1158 3362 1298 3397 custo-

425 3418 508 3457 diae
535 3423 815 3467 necarentur3
850 3422 1063 3470 praeterea
1097 3420 1300 3460 Senatus-

429 3482 624 3522 consulto
648 3486 820 3523 cautum
848 3487 930 3533 est,
947 3494 1001 3523 ne
1023 3495 1148 3537 quem
1168 3495 1222 3524 ex
1242 3484 1302 3524 eis

957 282 1133 322 NO'rAE
1175 283 1503 324 VAmoRUM
1548 287 1609 325 IN

1314 402 1495 452 sepelire
1510 408 1583 442 aut
1596 403 1740 455 lugere
1757 403 1821 444 fas
1837 403 1977 445 esset!
2016 404 2182 448 Abbre-

1314 463 1455 504 viator
1499 465 1609 506 Livii
1652 479 1736 506 non
1779 468 1791 489 ‘
1822 468 2059 519 Romanos,’
2104 471 2180 510 sed

1314 526 1327 548 ‘
1347 527 1744 580 Campanos’fuisse
1757 529 1879 570 dicit.
1905 533 1918 553 ‘
1939 530 2184 583 Campana,'

1315 589 1464 642 inquit,
1481 591 1494 613 ‘
1513 591 1640 643 legio,
1658 604 1750 644 quae
1769 593 1976 645 Rhegium
1995 605 2182 645 occupa·

1318 660 1456 706 verat,
1473 655 1642 695 obsessa
1669 655 1887 696 obsidione
1913 655 2029 697 facta
2043 657 2184 698 securi

1318 729 1514 770 percussa
1533 718 1628 758 est!
1659 719 1808 758 Oliver.

1373 779 1523 829 lnjusto
1552 780 1667 831 bello]
1693 780 1743 820 Id
1773 786 1855 831 est,
1885 793 1969 821 non
1995 781 2186 833 legitime

1317 841 1495 893 indicto,
1510 849 1556 883 et
1572 842 1762 883 Jubellio
1781 842 1890 882 duee
1918 848 2102 883 mortno.

1374 906 1527 946 Morem
1557 905 1763 958 majorum]
1799 906 1895 946 Non
1927 905 2038 945 enim
2067 907 2189 957 leges

1319 968 1627 1020 permittebant
1641 968 1777 1007 civem
1806 968 2039 1007 Romanum
2057 968 2191 1020 virgis

1321 1031 1447 1081 caedi,
1481 1031 1547 1070 vel
1579 1031 1720 1081 capite
1753 1031 1917 1082 puniri:
1947 1031 2021 1070 sed
2053 1031 2087 1069 si
2115 1031 2190 1070 de·

1323 1094 1555 1146 prehensus
1599 1092 1727 1145 foret,
1767 1101 1977 1145 perpetuo
2020 1106 2191 1134 carcere

1323 1158 1634 1198 mulctabatur:
1673 1157 1738 1197 sin
1770 1164 1891 1198 extra
1921 1158 2067 1198 urbem
2091 1157 2194 1198 fuis-

1324 1226 1409 1271 set,
1427 1221 1488 1260 ita
1507 1226 1550 1260 ut
1567 1219 1829 1271 deprehendi
1847 1232 1930 1260 non
1946 1225 2102 1272 posset,
2119 1231 2192 1259 ex-

1325 1283 1397 1321 ilio
1417 1281 1688 1333 puniebatur.

1382 1345 1598 1394 Eorumque
1623 1343 1801 1395 corpora]
1843 1343 1912 1384 Ad
1932 1351 2109 1384 mortem
2128 1356 2197 1384 us·

1328 1420 1411 1461 que
1431 1408 1580 1447 saevire
1603 1407 1824 1447 tolerabile
1843 1412 1927 1458 est,
1946 1408 2060 1446 ultra
2085 1419 2198 1446 mor·-

1329 1477 1414 1512 tem
1434 1471 1720 1522 inhumanum,
1736 1471 1848 1512 sicut
1871 1470 1926 1510 de
1954 1469 2120 1511 Achille
2138 1470 2198 1511 le-

1329 1535 1460 1586 gitur,
1477 1534 1550 1586 qui
1570 1535 1611 1574 in
1636 1534 1872 1574 Hectorem
1891 1537 2103 1573 mortuum
2124 1544 2201 1572 sae·

1329 1598 1420 1637 viit.
1460 1597 1689 1648 Virgilius:
1720 1596 1733 1618 ‘
1753 1597 1838 1636 Ter
1864 1596 2028 1636 circum
2045 1594 2200 1634 Iliacos

1330 1666 1577 1712 raptaverat
1624 1659 1819 1700 Hectora
1852 1669 2011 1709 muros,
2045 1657 2201 1697 Exani-

1330 1735 1526 1775 mumque
1545 1735 1646 1763 auro
1660 1734 1815 1775 corpus
1837 1720 2047 1762 vendebat
2060 1719 2203 1760 Achil·

1328 1786 1419 1826 les!
1454 1786 1601 1826 Oliver.

1385 1849 1604 1902 Sepultura>
1622 1847 1820 1900 mandari]
1838 1846 1866 1889 J
1872 1858 1946 1887 ure
1965 1845 2082 1886 civili
2108 1857 2201 1886 cor-

1333 1926 1438 1965 pora
1470 1912 1767 1952 damnatorum
1803 1922 1888 1950 non
1919 1909 2046 1950 aliter
2082 1920 2205 1960 sepe·

1334 1976 1509 2026 liuntur,
1547 1987 1671 2027 quam
1706 1974 1741 2014 si
1772 1972 1906 2013 fuerit
1936 1971 2118 2024 petitum
2159 1977 2206 2010 et

1336 2039 1582 2090 permissum
1599 2052 1612 2088 ς
1631 2045 1676 2078 et
1691 2047 1992 2089 nonnunquam
2009 2047 2095 2075 non
2113 2045 2209 2086 per-

1334 2103 1535 2155 mittitur,
1566 2102 1748 2142 maxime
1772 2099 2007 2153 majestatis
2039 2099 2210 2139 damna-

1338 2171 1490 2207 torum.
1543 2165 1612 2205 Ita
1641 2164 1864 2216 respondit
1894 2163 1976 2205 JC.
1994 2162 2037 2202 in
2057 2163 2084 2203 l.
2114 2159 2209 2202 nff.

1338 2228 1392 2268 de
1413 2228 1560 2268 cadav.
1582 2227 1768 2279 punitor.
1805 2225 1999 2278 Pighius,
2024 2225 2138 2276 nulli,
2156 2236 2212 2264 ex

1338 2291 1645 2341 Manuscriptis
1666 2289 1840 2340 omittit,
1858 2300 1942 2328 non
1959 2289 2085 2328 male.
2141 2330 2147 2336 ,

1391 2353 1564 2405 Lugere]
1590 2355 1806 2406 Tanquam
1824 2350 2020 2391 infames.

1396 2417 1512 2458 Ex'r.
1544 2419 1606 2469 §l
1637 2415 1756 2457 Cruci
1780 2420 1910 2456 tamen
1939 2411 2216 2467 affigebantur]

1342 2482 1456 2522 Vide
1487 2493 1632 2532 supra.

1398 2545 1464 2595 §2
1505 2543 1776 2582 Maternarum
1819 2538 2114 2590 blanditiarum]
2163 2536 2217 2578 Id

1346 2611 1428 2655 est,
1457 2605 1642 2645 virilium
1670 2604 1884 2655 jussorum
1915 2608 2093 2641 matrum
2125 2612 2218 2640 sua-

1348 2680 1456 2718 rum,
1492 2678 1587 2718 quae
1628 2663 1883 2705 abeuntibus
1917 2662 2092 2711 dabant,
2124 2673 2219 2702 cum

1349 2729 1525 2769 aliarum
1546 2728 1760 2768 nationum
1780 2730 1939 2767 matres
1953 2724 2138 2764 blandiri
2157 2736 2221 2764 so·

1349 2791 1479 2831 leant.
1524 2789 1649 2830 Unde
1667 2800 1817 2829 severa
1835 2787 2002 2827 illarum
2022 2785 2223 2826 mandata

1351 2854 1547 2907 speciose
1565 2851 1792 2893 blanditias
1811 2855 1950 2891 vocat.
1985 2850 2152 2891 Badius.

1404 2918 1574 2968 Accepto
1591 2914 1722 2966 signo]
1741 2913 1931 2963 Vexillo,
1942 2911 2023 2952 hoc
2041 2918 2122 2964 est,
2137 2924 2225 2954 mo-

1352 2980 1444 3020 nitu
1464 2980 1556 3019 loco
1576 2978 1721 3018 vexilli
1740 2981 1935 3028 accepto.
2149 3020 2151 3026 ¹

1407 3044 1518 3083 CAP.
1546 3047 1586 3083 8.
1618 3040 1768 3080 Fauces
1794 3038 1954 3079 Pontici
1983 3037 2108 3089 sinus]
2157 3039 2226 3077 De

1354 3106 1434 3146 hoc
1453 3106 1515 3146 ait
1542 3105 1694 3146 Cicero
1726 3103 1767 3142 in
1802 3102 1928 3143 Orat.
1962 3111 2040 3152 pro
2074 3098 2229 3140 Areliia

1356 3167 1500 3220 poeta.
1556 3165 1746 3217 Populus
1763 3165 1875 3204 enirn
1893 3164 2109 3203 Romanus
2127 3174 2229 3214 ape-

1358 3230 1444 3270 ruit
1478 3230 1654 3270 Lucullo
1684 3229 1922 3279 imperante
1949 3225 2153 3274 Pontum,
2186 3231 2232 3265 et

1360 3294 1489 3346 regiis
1515 3293 1664 3344 opibus
1684 3289 1895 3344 quondam
1928 3294 1974 3328 et
1993 3293 2150 3328 natura
2165 3300 2230 3328 re-

1361 3356 1497 3408 gionis
1515 3356 1712 3394 vallatum
1729 3367 1738 3391 ε
1757 3364 1855 3391 nam
1874 3350 2073 3392 Lucullus
2083 3356 2233 3391 contra

1362 3419 1656 3463 Mithridatem
1676 3427 1821 3466 regem
1837 3413 1967 3453 Ponti
1983 3413 2134 3453 missus
2154 3417 2237 3463 est,

1365 3488 1411 3524 et
1429 3480 1618 3522 victoriae
1653 3477 1816 3518 aditum
1845 3475 1967 3526 fecit,
1989 3487 2112 3528 quam
2146 3487 2234 3516 am·
