2288 3990
549 282 806 326 vAnnnu
848 279 1091 319 ΜΑΧιΜι
1135 278 1257 318 ma.
1285 277 1353 316 11.
1391 276 1525 315 GAP.
1551 261 1603 314 8.

173 412 286 465 piam
321 411 470 461 postea
515 402 746 456 Pompeius
790 402 1046 442 consecutus

175 479 259 514 est.
290 470 440 511 Oliver.

227 532 410 587 Alpium]
449 530 584 584 Alpes
619 527 922 569 disterminant
951 524 1050 566 Gal-

175 599 274 639 liam
293 596 349 637 ab
375 594 518 635 Italia.

233 657 446 711 rasuram]
475 658 554 698 Est
568 656 639 696 bic
659 654 773 696 Asiae
793 664 910 693 mons
926 652 1053 703 longe

177 723 402 772 maximus,
420 720 493 774 qui
521 720 576 760 ab
609 719 762 760 Indico
783 716 889 757 mari
908 726 1054 756 exsur-

179 797 302 837 gens,
312 790 433 825 vaste
447 784 550 824 satis
560 782 785 832 attollitur,
798 780 897 821 dein
905 779 1056 819 dextro

177 849 314 888 latere
341 847 396 887 ad
416 846 770 899 septentrionem,
782 843 954 884 sinistro
972 854 1056 882 me·

179 909 331 950 ridiem
363 921 511 950 versus
544 907 756 960 procedit,
784 906 828 946 in
859 903 1057 945 occiden-

183 979 272 1013 tem
291 976 436 1013 rectus
450 976 496 1012 et
516 977 728 1024 perpetuo
741 969 845 1021 jugo
863 981 875 1008 ε
904 968 1058 1008 multa-

184 1046 361 1087 rumque
399 1033 609 1086 gentium,
640 1043 726 1084 qua
756 1030 928 1070 dorsum
956 1029 1060 1082 agit,

184 1097 389 1138 terminus
405 1110 417 1138 ε
446 1095 522 1136 sed
538 1108 616 1148 pro
632 1094 821 1147 gentium
835 1106 886 1135 ac
898 1093 1058 1145 lingua-

182 1172 276 1201 rum
296 1160 507 1211 varietate
522 1159 692 1200 diversa
704 1157 835 1198 habet
850 1156 1036 1197 nomina.

240 1225 301 1277 §l
334 1223 395 1263 Ob
420 1222 537 1274 levia,
562 1220 653 1274 qe]
697 1219 892 1273 Contigit
920 1219 977 1281 ᾼ.
1004 1219 1061 1260 U.

188 1298 346 1328 ncxcr.

243 1348 491 1403 Trimnphns]
534 1349 642 1389 Erat
668 1345 905 1398 triumphus
934 1344 1066 1386 maxi-

189 1426 284 1454 mus
307 1414 459 1463 honor,
485 1411 556 1464 qui
587 1411 771 1451 dabatur
792 1408 1067 1460 Imperatori·

191 1479 271 1519 bus
292 1477 508 1527 Romanis,
528 1477 598 1528 qui
619 1480 802 1528 quatuor
821 1473 929 1513 albis
949 1473 1069 1526 equis

189 1542 384 1581 inaurato
408 1540 552 1580 cnrrui
559 1538 741 1591 junctis,
757 1536 903 1589 capite
923 1533 1070 1576 laurea

189 1609 411 1656 coronato,
429 1604 473 1644 in
501 1603 760 1656 Capitolium
792 1601 1073 1649 vehebantur,

193 1667 538 1722 praecedentibus
558 1666 741 1718 captivis
767 1664 996 1714 catenatis,
1024 1670 1072 1703 et

194 1737 416 1784 praeeunte
429 1729 607 1780 Senatu,
624 1729 668 1769 in
687 1728 715 1770 J
721 1728 810 1768 ovis
830 1727 938 1779 Opt.
951 1727 1072 1766 Max.

193 1794 400 1846 templum
420 1793 605 1844 devecti,
635 1792 852 1832 immolato
874 1797 995 1830 tauro
1016 1791 1074 1830 al·

196 1857 253 1899 bo
271 1857 325 1898 ad
348 1857 543 1910 proprias
571 1857 688 1897 aedes
718 1856 933 1896 redibant.
990 1854 1075 1898 Qui

196 1926 340 1962 autem
373 1921 535 1974 primus
567 1921 612 1961 in
647 1920 753 1960 urbe
785 1921 975 1960 Romana
1005 1919 1077 1958 tri-

198 1986 489 2038 umphaverit,
536 1986 654 2026 varia
698 1990 768 2026 est
809 1985 1078 2036 Scriptorum

198 2049 441 2089 sententia:
487 2060 584 2089 nam
621 2048 695 2088 alii
732 2048 975 2096 Camillum,
1006 2047 1080 2088 alii

199 2112 476 2165 Tarquinium
505 2112 718 2164 Priscum,
757 2112 830 2152 alii
858 2111 1081 2152 Valerium

201 2174 470 2216 Publicolam
491 2173 626 2215 fnisse
646 2175 841 2217 tradunt.
875 2175 1027 2216 Oliver.

259 2238 364 2290 Lege
379 2242 536 2279 cautum
553 2239 631 2291 est]
675 2239 743 2279 De
759 2251 842 2291 qua
861 2239 959 2290 lege
978 2238 1084 2279 Dio-

207 2313 306 2341 nem
325 2301 400 2341 lib.
422 2312 612 2342 xxxvii.
963 2340 969 2349 ,

263 2364 445 2416 Quinque
473 2363 620 2415 millia]
665 2361 854 2404 Accedit
887 2370 934 2404 et
965 2363 1087 2414 illud,

207 2426 326 2479 qnod
343 2427 398 2467 ad
430 2426 690 2479 triumphum
722 2439 892 2480 quoque
911 2439 1089 2468 necesse

209 2494 322 2540 erat,
355 2502 410 2529 ne
448 2490 582 2530 multo
619 2490 826 2542 sangnine
870 2490 1089 2530 victoriam

210 2558 461 2604 parassent:
490 2552 592 2593 inde
610 2564 791 2592 necesse
805 2558 900 2594 erat
918 2560 1089 2594 auctum

210 2614 466 2666 imperium:
522 2626 606 2655 non
660 2625 916 2667 recuperata
963 2617 1094 2669 bello,

211 2689 308 2731 quoe
328 2677 484 2718 amissa
500 2676 692 2719 fuerant.
730 2678 901 2719 Deinde
918 2692 972 2720 ne
992 2693 1093 2720 con-

213 2746 284 2781 tra
300 2752 461 2790 servos,
490 2739 712 2793 fugitivos,
742 2742 921 2793 piratas,
953 2750 1028 2783 aut
1047 2744 1097 2783 si-

213 2800 316 2846 mile
349 2817 485 2858 genus
509 2805 724 2846 hominum
752 2806 1016 2847 debellatum
1032 2806 1097 2847 fo-

214 2874 300 2910 ret.
356 2869 584 2910 Postremo
619 2868 736 2909 civili
771 2868 903 2919 bello,
931 2871 1015 2910 etsi
1052 2882 1098 2910 re

216 2931 465 2973 felicissime
480 2937 761 2984 gesta,neque
775 2931 1098 2984 imperatorium

217 3007 371 3036 nomen
399 2996 624 3036 acclamari
642 3001 832 3048 poterat,
848 3008 986 3050 neque
1001 3009 1101 3050 sup·

218 3059 474 3110 plicationes
492 3058 697 3098 decerni:
725 3069 810 3098 non
838 3059 1102 3111 triumphan-

219 3126 302 3171 tes,
316 3132 373 3161 ne
391 3126 570 3162 ovantes
587 3121 758 3173 quidem
778 3121 941 3162 Urbem
960 3123 1101 3175 ingre-

219 3183 264 3224 di
283 3189 502 3235 poterant.
556 3184 701 3225 Livius
717 3185 912 3237 sparsim,
937 3192 985 3226 et
1016 3187 1102 3228 Va-

221 3247 351 3287 lerius
371 3247 586 3288 Maximus
602 3248 684 3289 hoc
701 3260 798 3300 cap.
844 3249 1022 3290 Carolus
1042 3252 1105 3291 Si-

224 3312 375 3364 gonius
393 3311 448 3351 de
467 3313 644 3365 antiquo
654 3314 754 3366 jure
774 3313 931 3354 civium
954 3317 1107 3357 Roma-

225 3387 315 3416 nor.
342 3387 439 3428 cap.
477 3376 532 3417 de
567 3378 675 3420 Jure
705 3379 1028 3432 Triumphaudi,
1061 3384 1107 3421 et

229 3438 316 3477 alii.
370 3439 482 3478 Item
513 3449 594 3479 nec
624 3449 736 3489 aras,
765 3453 847 3481 nec
870 3443 992 3494 signa
1010 3443 1108 3485 Diis

227 3501 488 3554 statuebant,
501 3502 583 3542 nisi
601 3500 655 3542 ob
675 3509 879 3547 externas
894 3507 1108 3548 victorias,

1842 260 1984 314 1047

1106 396 1280 437 Tacitus
1300 395 1355 435 de
1385 393 1660 446 Imperatore
1692 390 1867 431 Tiberio
1899 391 1984 432 Au-

1030 474 1033 475 ’
1109 460 1194 501 nal.
1213 470 1287 499 111.
1312 458 1326 480 ‘
1347 455 1501 507 Idem,'
1530 454 1688 507 iuquit,
1714 454 1727 477 ‘
1743 465 1842 495 cum
1859 454 1990 495 Vale-

1112 524 1200 564 rius
1233 523 1511 564 Messallinus
1535 522 1703 575 signum
1739 531 1914 561 aureum
1945 520 1991 560 in

1113 585 1220 627 AEde
1237 586 1392 626 Martis
1410 585 1588 632 Ultoris,
1618 584 1794 626 Caecina
1811 583 1993 624 Severus

1116 662 1234 691 aram
1274 649 1439 690 Ultioni
1480 647 1754 690 statuendam
1804 645 1993 687 censuis-

1116 718 1228 765 sent,
1248 712 1494 766 prohibuit:
1542 711 1598 752 ob
1629 717 1833 752 externas
1859 708 1996 749 victo·

1118 776 1205 816 rias
1221 775 1380 816 sacrari
1397 773 1619 825 dictitans,
1637 771 1873 814 domestica
1883 771 1998 811 mala

1119 838 1298 879 tristitia
1316 835 1579 890 operienda:
1635 834 1798 876 Eadem
1825 834 1880 876 de
1898 845 1997 875 cau·

1119 916 1167 944 sa
1195 903 1336 957 spolia
1362 901 1479 942 civili
1511 900 1624 940 bello
1655 898 1846 952 captain
1865 897 2000 950 posti-

1123 967 1199 1007 bus
1217 967 1334 1007 nnlla
1360 965 1447 1007 fixa
1472 963 1708 1005 verosimile
1736 967 1818 1004 est.
1856 962 2003 1003 stewe-

1117 1031 1243 1072 chius.

1178 1096 1405 1142 Quaestor-es
1447 1091 1633 1144 urbanos]
1679 1090 1765 1133 Qui
1801 1089 2003 1131 aerarium

1124 1160 1270 1200 Romae
1289 1158 1594 1212 procurabant,
1625 1159 1672 1195 et
1697 1152 1900 1206 pecunias
1932 1163 2006 1191 ex-

1125 1234 1281 1276 pensas
1305 1228 1352 1263 et
1382 1225 1581 1272 receptas
1608 1219 1652 1258 in
1680 1217 1847 1258 tabulas
1866 1214 2006 1268 publi-

1126 1299 1201 1327 cas
1218 1284 1413 1327 conferre
1442 1285 1773 1333 consueverant,
1789 1283 1840 1320 ut
1857 1283 2007 1319 notum

1132 1355 1213 1391 est.

1183 1414 1207 1465 ς
1238 1415 1264 1452 2
1294 1411 1478 1452 Lutatius
1512 1405 1676 1458 Consul]
1730 1404 1818 1446 Hic
1859 1408 2011 1444 contra

1131 1477 1290 1518 Poenos
1334 1474 1525 1516 Siciliam
1570 1470 1826 1513 invadentes
1861 1468 2012 1509 missus

1131 1545 1216 1589 est,
1233 1539 1421 1592 quicum
1453 1535 1598 1577 navali
1627 1533 1781 1587 proelio
1799 1532 2013 1573 interesse

1131 1613 1216 1642 nou
1251 1608 1399 1653 posset
1434 1604 1613 1651 propter
1641 1597 1794 1637 malam
1822 1595 2014 1647 corporis

1134 1662 1439 1713 valetudinem,
1493 1661 1549 1703 Q.
1591 1660 1793 1701 Valerius
1850 1663 2017 1713 praetor

1134 1728 1314 1768 classem
1332 1725 1517 1766 hostiurn
1535 1723 1713 1764 delevit.
1743 1723 1893 1763 Oliver.

1189 1791 1328 1831 Minor
1342 1788 1535 1842 potestas]
1563 1789 1732 1840 Utpote
1748 1785 1968 1839 praetoria.

1194 1858 1289 1898 Nisi
1318 1869 1388 1898 suo
1417 1858 1537 1897 ducta
1570 1855 1726 1897 Punica
1755 1853 1893 1895 classis
1919 1857 2021 1893 esset

1138 1921 1339 1974 oppressa]
1384 1919 1437 1962 In
1457 1919 1711 1972 Campensi3
1739 1918 1801 1958 Ni
1817 1930 1886 1958 suo
1901 1918 2023 1958 ductu

1142 1986 1303 2026 Poenica
1321 1984 1456 2025 classis
1471 1988 1587 2025 esset.
1643 1983 1828 2024 Vetusta
1857 1980 2022 2034 sponsi-

1142 2051 1235 2091 onis
1249 2049 1436 2090 formula
1452 2054 1538 2100 est,
1556 2048 1697 2102 qualis
1715 2047 1828 2099 apud
1850 2046 2024 2087 Cicero-

1142 2125 1240 2154 nem
1272 2111 1404 2154 Offic.
1438 2111 1515 2153 lib.
1551 2122 1627 2152 111.
1682 2113 1695 2134 ‘
1716 2109 1776 2151 Ni
1805 2109 1870 2149 vir
1889 2109 2026 2150 bonus

1145 2175 1295 2217 esset!
1349 2176 1409 2216 Et
1444 2173 1603 2228 passim
1633 2173 1737 2214 alibi
1770 2172 1927 2213 similes
1955 2183 2028 2212 oe-

1145 2245 1338 2281 currunt.
1394 2238 1544 2279 Verba
1577 2242 1722 2278 autem
1766 2248 1862 2287 quae
1898 2235 2027 2287 vulgo

1148 2303 1419 2355 praecedunt,
1451 2303 1545 2342 Non
1570 2314 1612 2342 se
1639 2296 1856 2352 petiturum
1889 2299 2028 2338 trium-

1147 2366 1281 2418 phum,
1300 2366 1344 2405 in
1365 2364 1530 2405 duobus
1551 2364 1732 2404 vetustis
1746 2363 1932 2415 exempl.
1944 2373 2032 2402 non

1151 2436 1320 2481 extant,
1379 2428 1663 2470 Atrebatensi
1710 2427 1930 2479 videlicet,
1987 2433 2034 2467 et

1152 2493 1470 2543 Gemblacensi,
1479 2505 1574 2546 qnae
1584 2491 1824 2533 auferenda
1832 2503 1918 2531 non
1927 2490 2035 2530 male

1152 2561 1304 2596 censet
1320 2556 1534 2603 Pithoeus,
1551 2554 1714 2596 frustra
1740 2555 1854 2595 enim
1871 2553 2036 2594 addun-

1154 2627 1242 2671 tur,
1261 2625 1308 2660 et
1339 2624 1502 2672 praeter
1528 2618 1769 2672 sponsionis
1797 2616 2037 2660 formulam.

1156 2683 1343 2734 Pighius.

1214 2744 1477 2798 Restipulari]
1522 2745 1535 2767 ‘
1555 2743 1792 2797 Stipulari’
1822 2742 2041 2795 significat

1159 2810 1335 2861 stipem,
1354 2809 1434 2849 hoc
1465 2814 1553 2859 est,
1573 2806 1816 2860 pecuniam,
1833 2806 2039 2859 obligare.

1158 2874 1361 2913 Tractum
1381 2878 1524 2911 autem
1542 2875 1610 2911 est
1633 2882 1658 2910 a
1677 2870 1810 2922 stipe,
1826 2882 1924 2923 quae
1945 2882 2042 2922 spe-

1161 2935 1251 2977 cies
1283 2939 1378 2975 erat
1409 2934 1694 2976 numismatis.
1747 2934 1867 2986 Stips
1900 2938 2044 2974 autem

1162 3000 1278 3042 dicta
1311 3005 1379 3041 est
1410 3012 1436 3040 a
1470 2998 1701 3051 stipando:
1750 3010 1848 3038 nam
1878 2997 2044 3050 antiqui

1162 3064 1392 3118 pecuniam
1412 3074 1612 3115 pensare,
1629 3074 1716 3103 non
1734 3073 1959 3102 numerare
1979 3073 2044 3100 so-

1164 3127 1331 3178 lebant,
1361 3138 1488 3179 quam
1517 3126 1746 3178 pecuniam
1781 3125 1794 3148 ‘
1815 3137 1871 3164 aes
1891 3122 2044 3175 grave’

1165 3189 1312 3230 Livius
1332 3189 1541 3241 appellat,
1553 3194 1599 3229 et
1613 3189 1777 3229 Plinius
1788 3188 1862 3227 lib.
1878 3197 2050 3228 xxxm-

1165 3255 1178 3277 ‘
1201 3251 1424 3303 Militum‚’
1475 3252 1633 3304 inquit,
1677 3253 1690 3274 ‘
1723 3250 2048 3301 stipendiorum,

1167 3318 1248 3359 hoc
1268 3322 1351 3367 est,
1368 3315 1491 3367 stipis
1522 3313 1829 3366 ponderandae,
1847 3318 2050 3364 pensato·

1169 3392 1255 3430 res,
1272 3377 1537 3431 libripeudes
1569 3377 1771 3416 dicuntur
1784 3375 1811 3415 :'
1838 3375 1950 3415 unde
1970 3375 2050 3416 eti-

1171 3457 1237 3484 am
1251 3442 1420 3482 nomina
1430 3440 1610 3480 nummis
1625 3443 1924 3478 remanserunt
1935 3438 2050 3489 apud

1173 3506 1372 3559 antiquos
1404 3516 1428 3544 a
1467 3501 1734 3555 pensatione,
1783 3501 1897 3542 sicut
1929 3501 2050 3552 assis,
