2346 3996
414 611 1224 716 RECENSUS
1282 619 2216 723 EDITIONUM

735 894 1266 969 VALERII
1350 898 1862 992 MAXIMI,

925 1117 1227 1165 AUCTIOR
1263 1119 1300 1166 F
1302 1119 1698 1178 ABRICIANO,

891 1306 958 1346 ΕΤ
986 1307 1049 1346 ΙΝ
1081 1308 1156 1350 lV.
1185 1307 1411 1349 AETATES
1440 1308 1726 1351 DIGESTUS.

966 1534 1056 1586 [Ex
1102 1535 1190 1573 En.
1235 1535 1456 1575 BIPONT.
1503 1535 1645 1588 1806]

809 1757 997 1805 AETAS
1034 1757 1075 1805 I.
1111 1756 1422 1807 NATALIS.
1464 1762 1811 1813 1470—1500.

392 1874 619 1939 Enrrxo
655 1891 904 1956 princeps,
932 1884 1032 1939 sine
1055 1893 1186 1950 loco,
1210 1909 1354 1950 anno,
1380 1900 1430 1941 et
1467 1893 1770 1957 typographo
1793 1893 2134 1956 (Argentorati,
2157 1901 2211 1943 ut

391 1971 596 2029 videtur,
623 1989 702 2021 an.
729 1980 873 2028 1470.
900 1974 1031 2037 typis
1055 1974 1132 2021 J0.
1158 1973 1414 2022 Mentelini
1438 1973 1637 2033 excusa)
1660 1973 1807 2020 literis
1833 1973 2060 2022 Gothicis
2079 1974 2213 2023 rudi-

392 2051 576 2100 oribus.
600 2053 705 2100 F01.
723 2053 838 2102 min.
906 2053 961 2100 In
988 2054 1143 2117 prima
1158 2053 1319 2103 statim
1336 2055 1515 2118 pagina
1539 2054 1744 2117 legitur:
1782 2059 1796 2079 ‘
1815 2053 1990 2102 Valerii
2010 2055 2212 2103 Maximi

390 2132 647 2180 Factorum
666 2140 715 2181 et
730 2134 970 2181 dictorum
988 2133 1386 2182 memorabilium.
1425 2134 1500 2182 Ad
1520 2134 1774 2182 Tiberium
1792 2134 2034 2183 Cesarem.
2066 2134 2213 2183 Liber

387 2212 571 2275 primus
595 2213 766 2278 incipit
797 2214 1037 2264 feliciter.'
1105 2216 1267 2264 Litera
1291 2215 1482 2263 initialis
1507 2232 1596 2280 per
1618 2233 1808 2266 omnem
1835 2215 2059 2265 codicem
2079 2215 2210 2280 typis

385 2308 616 2356 expressa
640 2294 938 2359 conspicitur
961 2295 1110 2354 nulla,
1137 2295 1220 2343 sed
1247 2311 1413 2343 omnes
1431 2297 1598 2354 minio,
1626 2303 1676 2345 et
1699 2297 1907 2345 coeruleo
1927 2296 2108 2354 colore,
2130 2295 2210 2344 cni

388 2390 734 2438 nonuunquam
769 2393 936 2424 aurum
963 2377 1227 2436 internitet‚
1247 2377 1464 2442 appictae
1497 2385 1622 2426 sunt.
1694 2378 1876 2426 Praeter
1899 2383 2134 2441 punctum
2159 2383 2212 2425 et

386 2454 544 2513 colon,
564 2471 660 2502 non
686 2456 819 2504 aliud
841 2456 1165 2506 distinctionis
1192 2458 1380 2523 signum
1407 2458 1571 2507 habet.
1645 2458 1898 2507 Scribendi
1915 2456 2208 2522 compendia

383 2551 533 2597 parca
549 2536 813 2585 admodum
833 2555 971 2586 manu
989 2537 1248 2587 distributa
1266 2538 1653 2603 conspiciuntur.
1680 2538 1824 2594 Quod
1839 2554 1951 2586 vero
1967 2536 2029 2585 ad
2046 2536 2205 2600 ipsum

384 2622 567 2664 textum
592 2617 782 2674 attinet,
823 2617 904 2666 ille
928 2619 1178 2683 permultis
1214 2619 1333 2667 locis
1358 2619 1422 2667 ab
1446 2618 1740 2667 editionibus
1778 2617 2020 2666 hodiernis
2046 2616 2205 2665 disce·

385 2694 471 2742 dit.
544 2695 687 2745 Conf.
732 2698 958 2762 Freytag.
995 2699 1044 2746 in
1071 2699 1300 2747 Analect.
1324 2699 1448 2747 liter.
1479 2714 1591 2763 pag.
1625 2706 1770 2755 1017.
1808 2715 1911 2762 seq.
1958 2697 2204 2760 Lengnich

380 2775 429 2821 in
457 2776 681 2824 Meuselii
705 2778 890 2827 Histor.
919 2779 1118 2828 Literar.
1145 2780 1407 2845 Biograph.
1432 2779 1656 2843 Magazin
1682 2780 1814 2828 Part.
1845 2792 1936 2828 111.
1975 2793 2088 2842 pag.
2123 2783 2203 2834 89.

386 2871 491 2918 seq.
514 2863 564 2903 et
587 2857 858 2905 Harlesium
883 2858 929 2905 in
954 2859 1206 2923 Supplem.
1231 2860 1292 2908 ad
1327 2863 1466 2909 Brev.
1498 2856 1742 2908 Notitiam
1777 2859 2066 2907 Literaturae
2104 2858 2202 2906 Rao-

384 2953 539 2984 manae
559 2937 690 2986 Part.
719 2951 783 2986 11.
808 2955 921 3002 pag.
949 2948 996 2989 2.
1023 2957 1128 3004 seq.
1186 2940 1388 2989 Videtur
1411 2949 1570 2990 autem
1597 2940 1763 2989 eadem
1785 2955 1889 2988 esse
1909 2940 2014 2987 haec
2032 2937 2199 2995 editio,

378 3017 519 3080 cujus
540 3018 786 3081 exemplar
811 3020 1023 3068 contulit
1046 3030 1096 3069 et
1119 3021 1378 3086 descripsit
1400 3022 1446 3069 in
1484 3020 1766 3085 praefatione
1794 3018 2034 3085 Kappius.
2058 3017 2196 3082 [Vid.

381 3114 528 3162 supra
552 3115 601 3163 p.
629 3098 701 3160 5.]

448 3186 571 3236 1471
613 3181 790 3230 Valerii
815 3182 1020 3230 Maximi
1044 3182 1280 3232 Romanae
1306 3183 1436 3231 urbis
1476 3183 1505 3231 J
1511 3182 1606 3231 uris
1650 3178 1931 3246 peritissimi
1956 3177 2196 3226 factorum

377 3267 425 3308 et
448 3259 694 3309 dictorum
719 3263 1100 3311 memorabilium
1127 3265 1275 3314 Libri.
1312 3264 1416 3313 Fol.
1487 3266 1544 3312 ln
1583 3262 1680 3310 fine
1717 3259 1921 3323 legitur:
1958 3258 2196 3306 ‘Presens

379 3341 556 3390 Valerii
595 3343 800 3391 Maximi
831 3359 956 3408 opus
999 3345 1450 3409 praeclarissimum!
1488 3345 1534 3392 in
1558 3342 1710 3391 nobili
1743 3341 1860 3390 urbe
1899 3340 2193 3403 Moguntina

380 3421 555 3479 Rheni,
589 3423 924 3473 terminatum!
960 3441 1086 3473 anno
1126 3439 1190 3474 Μ.
1235 3439 1390 3475 cccc.
1431 3438 1597 3473 LXXI.
1639 3435 1815 3471 xvl11.
1852 3418 2084 3472 Kalendis
2109 3418 2196 3480 ju-

379 3502 484 3551 liis!
523 3519 609 3568 per
630 3505 874 3570 egregium
897 3506 1094 3555 Petrum
1122 3506 1377 3570 Schoyffer
1407 3505 1470 3554 de
1509 3503 1809 3553 Gernsshem
1843 3500 1956 3550 artis
1995 3499 2197 3562 impres-
