2320 4004
536 288 798 330 vunan
840 288 1080 327 MAX1M1
1124 289 1241 327 ms.
1281 290 1371 328 111.
1411 276 1621 329 cAP.8.

182 408 381 459 redierat,
398 413 442 448 et
459 408 600 448 statim
631 407 879 448 concionem
899 406 1058 446 habue-

182 478 253 513 rat
282 473 337 512 de
368 472 644 512 retribuenda
678 471 793 524 plebi
835 471 1060 512 tribunitia

182 540 412 587 potestate,
454 535 659 575 Palicano
704 534 879 575 tribuno
923 534 1060 586 plebis

179 598 319 651 legem
363 597 547 639 ferente.
632 598 760 639 Hunc
809 599 1060 638 Palicanum

180 660 430 701 seditiosum
458 660 592 702 fuisse
611 668 798 710 constat,
818 661 890 714 qui
911 667 1062 702 contra

178 723 363 764 Senatus
382 726 684 766 auctoritatem
717 723 878 775 effecit,
907 733 955 765 ut
987 725 1062 765 tri-

181 786 393 828 bunitiam
426 796 688 840 potestatem
718 790 878 841 populo
908 789 1063 830 redde-

183 853 263 889 ret.
319 850 422 890 Fuit
441 857 585 891 autem
615 852 846 892 Palicanus
875 852 929 891 ad
950 852 1063 892 viam

183 910 368 963 Appiam
388 924 526 952 caesus
545 926 639 954 curn
667 913 760 953 aliis
779 914 850 966 qui
870 914 1064 965 praelium

185 973 246 1014 ibi
274 975 573 1016 commiserant
604 989 683 1028 pro
703 977 998 1028 recuperando
1016 976 1065 1016 fi·

185 1035 261 1088 lio,
279 1049 404 1090 quem
422 1039 650 1089 repetebat
661 1040 881 1091 Tigranes.
915 1041 1065 1080 Oliver.

239 1101 306 1141 M.
345 1101 546 1152 Palicani]
590 1103 662 1142 De
698 1103 778 1142 hoc
815 1103 987 1143 Sallust.
1022 1103 1066 1142 in

187 1161 304 1205 Hist.
345 1165 439 1204 ‘M.
459 1163 620 1205 Atilius
651 1165 882 1206 Palicanus
919 1166 1069 1206 humili

186 1227 296 1280 loen,
313 1227 484 1280 Picens,
518 1230 676 1281 loquax
695 1229 829 1281 magis
863 1242 986 1281 quam
1008 1229 1069 1269 fa-

189 1290 386 1332 cundus.'
450 1292 651 1332 Meminit
683 1292 877 1344 ejusdem
908 1293 1069 1346 aliquo-

191 1353 274 1393 ties
293 1353 460 1393 Cicero.
491 1355 620 1394 Celer.

245 1415 709 1468 pestiferisblanditiis]
755 1417 871 1460 Quia
903 1416 1071 1458 ferente

192 1478 336 1531 legem
373 1480 594 1531 Palicano,
620 1480 842 1520 tribunitia
876 1485 1072 1532 potestas

195 1545 395 1584 restituta
415 1545 575 1596 populo
600 1542 758 1584 fuerat.

251 1609 539 1660 Consternatoe]
567 1609 858 1661 Perturbatae,
885 1612 932 1649 et
950 1609 1074 1662 quasi

192 1676 337 1711 mente
353 1681 510 1723 captae.

252 1734 422 1774 Tantum
435 1748 512 1775 non
528 1735 709 1776 manibus
730 1735 975 1776 tribunorum
1001 1748 1075 1788 pro

195 1796 355 1837 Rostris
387 1797 479 1845 Piso
501 1798 731 1850 collocatus]
773 1798 825 1838 In
846 1797 1076 1851 campensi

194 1860 389 1914 aliisque,
411 1866 564 1903 tantum
581 1875 672 1903 non.
730 1862 934 1914 Optime:
956 1862 1076 1914 poni-

196 1928 270 1964 tur
285 1925 399 1964 enim
421 1937 516 1977 pro,
539 1926 671 1974 ferme
689 1926 758 1965 vel
779 1925 908 1977 quasi,
928 1930 975 1965 et
991 1926 1077 1965 Va-

195 1987 304 2029 lerio
333 1988 538 2029 familiare
571 1995 636 2029 est
655 1990 924 2036 adverbium,
952 1989 1077 2030 Grae-

197 2050 261 2091 cis
287 2052 510 2104 μονονουχί.
552 2054 742 2104 Pighius.
812 2054 886 2094 De
918 2054 1080 2094 Rostris

197 2113 295 2155 vide
309 2121 455 2168 supra.

251 2181 435 2233 Abscisa]
462 2182 643 2224 Conciso
663 2188 709 2224 et
727 2183 866 2224 brevi.

255 2247 319 2297 §4
342 2248 677 2299 Metellusautem,
693 2249 782 2300 ssa]
799 2250 949 2289 Florus
966 2262 976 2289 2
997 2249 1010 2271 ‘
1023 2249 1081 2288 A·

200 2310 402 2362 puleius‚'
411 2311 565 2364 inquit,
576 2314 588 2335 ⁴
600 2313 854 2352 Saturninus
864 2312 1081 2352 Graccha-

201 2382 278 2411 nas
298 2385 491 2414 asserere
511 2376 627 2426 leges
658 2387 743 2415 non
777 2375 962 2425 destitit,
987 2381 1082 2415 tan·

204 2438 294 2473 tum
327 2436 562 2476 animorum
600 2437 691 2477 viro
727 2438 892 2477 Marius
937 2438 1085 2491 dabat,

204 2497 278 2548 qui
297 2497 512 2538 nobilitati
542 2512 713 2552 semper
745 2501 960 2552 inimicus,
986 2515 1085 2542 con·

202 2559 343 2601 sulatu
378 2562 553 2614 insuper
590 2575 666 2603 suo
704 2563 904 2615 confisus,
942 2565 1085 2606 occiso

204 2623 347 2674 palam
367 2624 408 2663 in
428 2626 613 2666 comitiis
633 2625 775 2666 Annio
801 2629 1085 2679 competitore

205 2684 464 2738 tribunatus,
509 2688 743 2739 subrogare
791 2695 972 2731 conatus
1020 2698 1087 2731 est

203 2747 250 2789 in
270 2750 359 2802 ejus
377 2751 517 2792 locum
533 2753 582 2793 C.
601 2754 1087 2805 Gracchum,hominem

205 2811 298 2852 sine
319 2814 552 2862 tribu,sine
571 2817 756 2866 nomine,
771 2817 847 2856 sed
865 2818 1088 2860 subdititio

206 2875 336 2917 titulo
353 2877 395 2917 in
415 2877 622 2920 familiam
655 2880 747 2932 ipse
775 2893 820 2921 se
838 2881 1088 2934 adoptabat.

209 2938 315 2980 Cum
334 2944 401 2979 tot
422 2943 639 2994 tantisque
656 2943 851 2984 ludibriis
871 2946 1089 2988 exultaret

207 3001 400 3054 impune,
434 3005 633 3056 rogandis
661 3007 954 3048 Gracchorum
987 3010 1094 3062 legi·

210 3063 290 3104 bus
308 3064 369 3104 ita
389 3066 662 3108 vehementer
679 3069 890 3121 incubuit,
907 3077 955 3112 ut
968 3086 1091 3113 sena·

210 3132 301 3168 tum
321 3140 492 3181 quoque
511 3140 690 3183 cogeret
707 3133 751 3172 in
770 3134 905 3174 verba
924 3135 1091 3188 jurare,

213 3201 310 3229 cum
331 3190 619 3232 abnuentibus
638 3207 750 3246 aqua
777 3201 823 3235 et
849 3196 939 3248 igni
958 3197 1092 3239 inter-

211 3250 427 3294 dicturum
453 3267 500 3294 se
531 3257 779 3308 minaretur,
813 3271 920 3300 unus
949 3266 1094 3303 tamen

215 3315 364 3357 extitit
394 3319 467 3370 qui
486 3321 633 3360 mallet
659 3322 862 3362 exilium?
915 3324 1002 3366 Hic
1020 3338 1093 3366 au-

217 3381 306 3418 tem
334 3379 418 3421 fuit
446 3383 648 3424 Metellus
685 3386 952 3429 Numidicus.
1020 3391 1093 3430 De

218 3437 300 3479 boc
323 3441 416 3482 viro
446 3444 587 3486 Autor
605 3447 661 3487 de
679 3448 796 3488 Viris
826 3449 1063 3492 illustribus
1083 3465 1094 3493 ε

218 3501 232 3526 ⁸
248 3500 319 3543 Q)
343 3503 492 3560 inquit,
518 3508 531 3531 ⁴
551 3507 753 3551 Caecilius
782 3511 986 3554 Metellus
1006 3515 1096 3567 Nu·

1858 275 2002 330 1115

1120 407 1317 457 midicus,
1334 408 1407 461 qui
1427 409 1480 448 de
1500 407 1714 461 Jugurtha
1734 419 1834 459 rege
1855 408 2005 447 trium-

1121 470 1285 520 phavit,
1310 472 1472 511 Censor
1505 483 1618 521 eum,
1653 470 1725 523 qui
1760 482 1805 510 se
1838 470 2004 509 Tiberii

1123 533 1311 573 Gracchi
1330 533 1465 574 filium
1498 535 1802 583 mentiebatur,
1829 534 1873 573 in
1904 545 2006 574 cen·-

1123 609 1215 637 snm
1247 610 1332 637 non
1379 599 1561 650 recepit.
1621 598 1742 639 Idem
1786 597 1829 636 in
1867 598 2005 649 legem

1122 659 1355 712 Apuleiam
1384 674 1463 713 per
1490 662 1574 702 vim
1607 662 1738 702 latam
1765 661 1914 714 jurare
1932 672 2008 699 no-

1123 723 1203 763 luit
1224 737 1234 763 :
1265 735 1396 776 quare
1416 724 1459 763 in
1496 725 1671 764 exilium
1692 731 1829 774 actus,
1859 723 2007 775 Smyr-

1123 798 1190 827 nae
1219 787 1424 826 exulavit.
1483 787 1664 827 Claudia
1699 786 1855 826 deinde
1884 798 2010 837 roga-

1125 850 1243 890 tione
1272 855 1517 901 revocatus,
1548 862 1643 890 cum
1674 851 1785 890 ludis
1812 849 1926 891 forte
1959 849 2011 888 li-

1125 919 1243 954 teras
1279 913 1324 952 in
1346 913 1519 953 theatro
1554 914 1792 965 accepisset
1814 914 1867 953 de
1888 924 2012 953 revo-

1126 977 1318 1026 catione,
1329 988 1413 1016 non
1428 975 1547 1028 prius
1564 988 1636 1015 eas
1653 978 1798 1028 legere
1813 976 2016 1028 dignatus

1127 1046 1210 1091 est,
1230 1052 1354 1093 quam
1370 1040 1663 1091 spectaculum
1678 1039 1889 1079 finiretur.
1918 1039 2016 1078 Me-

1128 1105 1278 1145 tellum
1298 1103 1454 1144 sororis
1479 1115 1567 1143 suae
1590 1103 1724 1142 virum
1747 1102 1923 1142 laudare
1940 1115 2016 1141 no-

1128 1169 1226 1219 luit,
1247 1167 1360 1220 quod
1395 1167 1431 1207 is
1465 1167 1601 1206 solum
1629 1166 1843 1218 judicium
1863 1172 2017 1206 contra

1129 1233 1247 1283 leges
1262 1229 1557 1271 detrectaret!
1581 1229 1870 1269 Abbreviator
1881 1230 1931 1269 T.
1946 1228 2018 1269 Li-

1130 1295 1206 1345 vii,
1231 1295 1244 1317 ‘
1260 1295 1367 1334 Cum
1399 1292 1568 1344 legem‚'
1599 1293 1753 1344 inquit,
1777 1292 2019 1344 ‘agrariam

1133 1370 1211 1408 per
1230 1358 1316 1397 vim
1345 1356 1517 1398 tulisset
1540 1355 1814 1404 Saturninus,
1836 1355 2021 1395 Metello

1134 1419 1384 1470 Numidico,
1407 1431 1459 1459 eo
1496 1418 1609 1472 quod
1645 1419 1686 1458 in
1723 1431 1816 1459 eam
1845 1419 2021 1458 minime

1127 1484 1335 1537 jurasset,
1355 1483 1467 1523 diem
1488 1483 1625 1534 dixit;
1653 1483 1726 1536 qui
1748 1495 1843 1523 cum
1860 1495 1886 1523 a
1901 1483 2022 1523 bonis

1136 1548 1301 1588 civibus
1330 1546 1655 1597 defenderetur,
1686 1558 1741 1586 ne
1774 1558 1905 1586 causa
1932 1558 2023 1585 ma-

1135 1611 1272 1650 lorum
1292 1611 1576 1650 certaminum
1597 1615 1728 1660 esset,
1761 1610 1805 1649 iu
1824 1610 2023 1649 volunta-

1138 1674 1247 1713 rium
1280 1673 1455 1713 exilium
1477 1672 1670 1712 Rhodum
1703 1671 1921 1724 profectus
1941 1679 2024 1722 est,

1136 1724 1282 1789 ibique
1299 1736 1484 1788 legendo
1518 1742 1564 1776 et
1598 1735 1813 1777 audiendo
1845 1748 2024 1788 magnos

1137 1802 1252 1841 viros
1271 1799 1544 1841 advocabat?
1578 1800 1728 1840 Oliver.

1193 1866 1261 1917 §5
1293 1864 1346 1910 Q.
1374 1864 1587 1904 Scaevolam
1619 1862 1843 1916 Augurem]
1873 1863 2028 1916 Augur

1140 1935 1242 1969 ante
1272 1928 1433 1968 bellum
1463 1927 1591 1967 civile
1624 1931 1816 1967 mortuus
1850 1928 2027 1968 videtur

1141 2005 1196 2033 ex
1215 1992 1348 2032 Laelio
1370 1991 1609 2031 Ciceronis.
1639 1990 1851 2031 Corradus.

1201 2055 1306 2096 Urbs
1324 2058 1362 2095 et
1379 2053 1522 2104 Italia]
1541 2052 1656 2095 Quia
1667 2054 1899 2105 Teutones,
1915 2055 2029 2095 Cim-

1142 2119 1258 2171 bros,
1273 2124 1317 2158 et
1335 2119 1483 2158 Gallos
1506 2116 1746 2156 devicerat.

1198 2185 1267 2235 §6
1297 2182 1404 2227 Quid
1424 2177 1623 2230 foeminae]
1662 2180 1891 2220 Mulierem
1911 2193 2031 2221 more

1144 2246 1430 2285 Romanorum
1461 2241 1685 2297 peculiari,
1703 2244 1886 2283 comitiis
1915 2243 2032 2284 foro·

1144 2321 1226 2360 que
1262 2320 1410 2348 carere
1443 2310 1626 2360 solitam,
1652 2309 1754 2347 satis
1783 2311 1849 2346 est
1866 2314 2032 2347 notum.

1146 2371 1241 2411 Nec
1263 2371 1372 2411 adeo
1400 2372 1591 2423 arrogari
1626 2377 1814 2423 poterat,
1836 2375 1883 2409 ut
1902 2369 2034 2411 docet

1145 2433 1338 2487 Agellius
1359 2434 1432 2474 lib.
1454 2447 1499 2475 v.
1519 2447 1616 2487 cap.
1640 2438 1708 2474 19.
1740 2434 1869 2473 Celer.

1199 2497 1427 2549 Fluctibus]
1457 2499 1650 2539 Motibus
1673 2503 1718 2537 et
1742 2497 2036 2549 perturbatio-

1147 2562 1286 2602 nibus.

1201 2627 1341 2677 Itaque
1370 2630 1410 2666 te
1443 2623 1696 2677 Sempronia]
1741 2625 1790 2665 L.
1821 2623 2035 2676 Apuleius

1148 2689 1344 2730 tribunus
1383 2689 1520 2741 plebis
1557 2689 1870 2729 subornaverat
1906 2688 2038 2741 Equi·

1148 2753 1252 2793 tium
1283 2753 1495 2806 quendam
1530 2752 1779 2805 ignobilem,
1805 2757 1958 2804 utpote
1987 2751 2036 2792 li-

1149 2816 1331 2857 bertinae
1351 2817 1479 2856 sortis
1511 2816 1742 2867 hominem,
1768 2820 1818 2857 ut
1837 2828 1883 2856 se
1901 2815 2039 2856 filium

1148 2881 1195 2921 Τ.
1229 2881 1417 2921 Gracchi
1454 2880 1638 2921 diceret.
1694 2879 1954 2931 Sempronia
1993 2880 2037 2919 in

1149 2941 1289 2983 forum
1323 2943 1527 2995 adducta,
1558 2949 1608 2983 nt
1628 2944 1727 2982 ‘rem
1760 2943 1866 2983 hanc
1887 2941 2039 2985 falsam

1151 3011 1403 3056 testaretur,
1423 3007 1542 3046 nulla
1561 3005 1602 3046 vi
1621 3006 1786 3057 impelli
1806 3006 1964 3058 potuit,
1992 3009 2040 3045 ut

1151 3069 1339 3108 dedecus
1374 3067 1548 3109 familiae
1588 3081 1678 3109 suae
1716 3074 2040 3121 agnosceretur.

1155 3133 1306 3173 Oliver.

1206 3195 1412 3247 Maligna]
1449 3196 1732 3236 Detractoria
1762 3194 1986 3235 relatione.

1206 3261 1462 3312 Amplissima
1486 3258 1678 3312 potestas]
1709 3258 1929 3297 Videlicet
1966 3258 2039 3298 tri-

1154 3324 1332 3366 bunitia.

1212 3387 1420 3439 Osculum]
1467 3390 1668 3427 Donatus
1706 3387 1748 3426 in
1787 3387 2040 3427 Eunuchum

1154 3453 1282 3493 oscula
1308 3452 1372 3492 ita
1390 3451 1615 3502 distinguit
1634 3462 1660 3488 a
1677 3448 1795 3488 basiis
1819 3454 1863 3488 et
1881 3450 2044 3499 suaviis,

1157 3523 1207 3557 ut
1225 3514 1316 3556 haec
1337 3514 1508 3567 quidem
1538 3524 1633 3554 esse
1655 3512 1771 3554 dicat
1788 3510 2043 3567 officiorum,
