2288 3990
370 294 512 361 1090

370 438 510 466 aarum
548 427 657 476 Rex,
692 437 790 477 pop.
819 424 942 463 Rom.
963 422 1241 462 amicissimus

367 488 466 539 fuit,
501 488 693 528 Secundo
736 487 902 526 Punico
947 487 1085 525 Bello.
1154 486 1239 526 Hic

368 558 510 592 autem
531 551 662 591 filium
695 549 844 588 habuit
873 548 1093 598 Gelonem,
1112 561 1136 588 a
1156 561 1238 600 quo

369 614 505 654 Hiero
525 619 651 653 natus
685 618 766 662 est,
797 610 870 662 qui
899 623 1030 650 causa
1061 610 1141 652 fuit
1166 625 1237 651 ex-

365 676 611 728 tinguendae
632 673 758 724 regiae
778 673 937 724 stirpis.
993 673 1105 712 Nam
1128 686 1237 713 mor-

368 743 442 778 tuo
461 733 653 776 Hierone
679 740 808 787 atque
838 740 977 786 patre,
1006 748 1100 775 cum
1120 741 1237 775 esset

365 800 587 840 admodum
610 811 729 851 puer,
756 804 801 838 et
820 810 952 849 regno
970 798 1235 848 immaturus,

364 862 581 902 tutoribus
611 867 713 902 tunc
755 860 1071 901 commendatus
1106 865 1172 900 est
1194 865 1239 900 et

361 925 523 974 amicis,
540 924 612 977 qui
630 925 719 975 ejus
734 923 952 975 ingenium
966 923 1019 963 ad
1037 923 1235 974 praecipi-

362 987 535 1027 tandum
572 988 615 1026 in
646 987 786 1027 omnia
826 986 929 1026 vitia
958 993 1233 1038 acceperunt.

364 1050 474 1092 Quae
491 1049 552 1090 ita
568 1061 749 1090 cernens
764 1048 908 1088 futura
923 1048 1074 1099 Hiero,
1087 1049 1236 1088 ultima

359 1118 536 1153 senecta
555 1113 712 1152 dicitur
726 1103 908 1152 voluisse
929 1112 1083 1151 liberas
1109 1113 1235 1164 Syra-

361 1188 485 1217 cusas
523 1177 779 1229 relinquere,
814 1187 868 1215 ne
904 1175 983 1214 sub
1012 1175 1233 1214 dominatu

360 1241 517 1294 puerili
548 1253 626 1292 per
655 1239 901 1288 ludibrium,
926 1238 1047 1277 bonis
1069 1238 1232 1277 artibus

358 1308 528 1354 partum
564 1303 864 1354 firmatumque
907 1301 1105 1340 interiret
1139 1313 1231 1351 reg-

355 1377 482 1416 num;
502 1365 576 1405 sed
597 1365 690 1416 ejus
709 1364 886 1405 consilio
900 1364 1098 1402 restitere
1117 1362 1232 1413 filiae,

355 1439 452 1479 quae
481 1427 678 1478 precibus
713 1431 759 1466 et
792 1424 1011 1464 blanditiis
1041 1426 1230 1475 pellexe—

354 1495 456 1530 runt
491 1502 654 1540 senem,
686 1493 735 1528 ut
767 1500 944 1540 regnum
967 1488 1231 1540 relinqueret

352 1554 517 1606 nepoti.
589 1553 746 1604 Itaque
789 1557 953 1592 tutores
987 1551 1229 1603 quindecim

353 1627 488 1668 puero
527 1621 630 1656 tunc
666 1614 855 1666 reliquit,
888 1625 991 1665 quos
1028 1618 1228 1663 precatus

354 1686 419 1718 est
435 1679 629 1729 moriens,
649 1684 698 1718 ut
717 1677 843 1717 fidem
864 1688 966 1728 erga
986 1689 1086 1728 pop.
1109 1678 1230 1718 Rom.

355 1741 665 1794 quinquaginta
680 1752 810 1780 annos
823 1753 848 1779 a
863 1752 907 1779 se
922 1741 1080 1780 cultam
1095 1740 1229 1779 invio-

349 1804 566 1856 latamque
584 1807 819 1844 servarent.
875 1802 1002 1843 Quod
1023 1803 1146 1854 longe
1163 1815 1228 1842 se-

353 1879 428 1906 cus
459 1867 621 1906 factum
659 1871 739 1907 est.
806 1867 919 1907 Nam
956 1878 1006 1909 eo
1042 1871 1226 1916 mortuo,

351 1933 461 1970 mala
474 1943 606 1982 puero
625 1930 866 1979 suadentes,
883 1929 1161 1979 impulerunt,
1180 1934 1227 1968 ut

350 2007 376 2034 a
395 1994 587 2034 Romana
611 1994 822 2033 societate
842 1990 1067 2041 deficeret,
1088 1991 1226 2041 regio-

349 2068 433 2108 que
452 2057 616 2107 habitu,
651 2062 695 2095 et
728 2057 846 2095 cultu
876 2055 1110 2105 augustiori
1129 2067 1226 2094 cum

350 2131 542 2171 purpura
578 2123 624 2158 et
665 2119 928 2168 diademate,
967 2117 1224 2157 satellitibus

347 2182 534 2235 undique
567 2183 768 2234 stipatus,
787 2181 841 2220 ad
866 2185 1071 2220 terrorem
1093 2181 1226 2220 omni-

347 2255 418 2284 um
437 2244 674 2290 incederet,
706 2243 820 2296 quod
853 2254 1070 2295 nunqnam
1099 2250 1246 2283 antea,

346 2312 473 2360 pater
496 2320 576 2348 nec
604 2320 706 2348 avus
740 2306 919 2348 fecerat.
975 2308 1043 2346 Ex
1075 2308 1224 2360 quoin

345 2384 525 2423 puerum
541 2371 810 2424 tyrannidem
821 2376 1096 2411 exercentem
1110 2370 1226 2411 facta

347 2441 416 2475 est
452 2434 715 2486 conjuratio;
751 2434 825 2474 ubi
862 2445 944 2473 non
979 2434 1114 2472 solum
1146 2445 1224 2473 rex

345 2497 573 2549 occiditur,
605 2496 679 2536 sed
711 2497 912 2535 universa
943 2497 1076 2547 stirps
1112 2496 1223 2547 regis

344 2559 549 2599 Hieronis
597 2558 789 2598 funditus
838 2559 1019 2598 tollitur.
1074 2559 1126 2597 In
1171 2571 1224 2598 ea

344 2620 476 2672 igitur
495 2622 794 2672 persecutione
815 2620 974 2660 factum
998 2626 1080 2673 est,
1110 2622 1222 2674 quod

343 2684 540 2724 Valerius
561 2690 780 2723 memorat.
812 2684 1020 2722 oliverius.

398 2746 680 2796 Harmoniam]
710 2746 789 2785 Est
809 2746 886 2785 hoc
907 2746 1118 2785 Punicum
1139 2746 1222 2786 ori-

344 2808 444 2859 gine
459 2821 628 2850 nomen.
682 2809 740 2848 Et
755 2807 967 2859 significat
979 2809 1220 2848 concinnam.

342 2871 469 2911 Unde
489 2877 535 2912 et
557 2871 795 2910 Harmonia
813 2871 966 2910 Martis
981 2877 1027 2910 et
1038 2871 1220 2910 Veneris

342 2933 436 2974 filia
453 2935 636 2987 credita,
665 2939 710 2974 et
730 2934 894 2984 Cadmi,
914 2935 986 2986 qui
1005 2934 1219 2986 Agenoris

343 3000 456 3041 filius
479 2999 572 3051 fuit,
589 3013 711 3041 uxor.
741 3001 835 3041 0⁸¹2?
867 3000 1063 3041 Hebraeis
1083 3002 1220 3042 adhuc

345 3062 542 3114 denotat,
559 3066 766 3103 concinne
784 3063 1040 3114 composuit.

400 3125 514 3167 CAP.
541 3130 581 3166 3.
616 3126 687 3166 Vel
702 3138 751 3165 ex
778 3125 842 3176 ea]
873 3125 981 3164 Nam
1002 3123 1219 3165 fortitudi-

343 3188 410 3228 nis
444 3194 591 3239 partes
620 3194 735 3239 sunt,
767 3188 983 3229 Patientia
1003 3193 1050 3228 et
1068 3189 1222 3229 Perse-

343 3253 553 3293 vetantia.

397 3316 420 3367 ᾧ
442 3319 460 3355 l
495 3316 532 3355 A
554 3313 749 3365 Porsena]
775 3314 1085 3354 Hetruscornm
1103 3326 1219 3364 rege,

345 3376 400 3416 ad
433 3377 554 3427 cujus
578 3389 681 3428 opes
709 3389 762 3416 ea
789 3382 1046 3428 tempestate
1064 3375 1219 3417 floren·

346 3438 530 3478 tissimas
576 3439 830 3491 Tarquinius
872 3451 968 3478 cum
1009 3440 1220 3480 scelerata

346 3500 482 3554 stirpe
502 3502 647 3553 pulsus
667 3513 723 3542 ex
740 3501 846 3542 urbe
863 3499 1132 3552 confugerat.

1916 292 1946 306 ΒΨ

951 308 1126 347 NOTAE
1169 308 1500 349 VAR10RUM
1545 311 1610 350 IN

1359 424 1698 478 Immolantemque
1728 433 1819 468 ante
1837 429 2001 480 altaria]
2029 428 2081 469 In
2098 430 2180 472 hoc

1305 486 1451 527 Valer.
1484 501 1509 528 a
1545 490 1664 529 Livio
1700 491 1920 542 dissentit;
1950 504 2032 531 non
2068 494 2180 534 enim

1303 549 1632 601 sacrificantem,
1660 554 1733 592 sed
1769 555 1923 594 milites
1956 567 2178 596 recensen-

1302 615 1387 650 tem
1408 625 1489 651 una
1507 626 1602 653 cum
1623 616 1760 656 scriba
1779 617 1820 655 in
1841 619 2008 669 castris,
2039 624 2083 659 et
2102 619 2181 660 sti·

1302 674 1504 724 pendium
1550 675 1724 716 dantem
1770 679 1875 719 dicit
1915 681 2086 731 Livius;
2132 686 2190 724 etl

1304 736 1511 787 Mucium,
1541 738 1611 788 qui
1644 739 1697 778 ad
1728 742 1840 792 regis
1869 743 2031 782 caedem
2051 755 2178 784 vene-

1299 802 1383 844 rat,
1404 810 1547 838 errore
1568 799 1760 851 ductum,
1780 814 1857 853 pro
1876 815 1977 854 rege
1995 805 2178 846 scribam

1301 860 1592 914 obtruncasse,
1611 864 1722 915 quod
1752 864 1822 904 ille
1849 867 2039 917 corporis
2059 867 2179 908 cultu

1299 922 1402 961 nihil
1422 922 1557 963 ferme
1579 937 1603 963 a
1620 937 1722 976 rege
1742 925 1936 966 distaret.
1975 927 2178 979 Compre-

1298 984 1474 1025 hensum
1512 987 1667 1026 deinde
1700 1000 1797 1027 cum
1834 988 1938 1040 regii
1969 991 2178 1032 satellites

1299 1050 1581 1089 retraxissent
1613 1056 1712 1091 ante
1747 1051 1931 1092 tribunal
1950 1052 2062 1104 regis
2081 1053 2178 1093 des-

1298 1111 1488 1163 titutum,
1510 1118 1554 1153 et
1573 1120 1661 1154 tum
1691 1127 1861 1167 quoque
1891 1115 2005 1155 inter
2035 1122 2177 1156 tantas

1296 1172 1478 1215 fortunae
1520 1176 1655 1215 minas
1703 1177 1977 1216 metuendum
2020 1178 2174 1230 magis,

1298 1251 1423 1290 quam
1443 1244 1705 1279 metuentem
1725 1240 1902 1290 dixisse,
1922 1240 1935 1262 ‘
1955 1241 2174 1281 Romanus

1296 1313 1388 1341 sum
1408 1301 1546 1341 civis!
1580 1303 1629 1342 C.
1646 1302 1832 1342 Minium
1852 1308 2023 1354 vocant,
2040 1303 2175 1345 hostis

1293 1363 1454 1403 hostem
1470 1363 1668 1403 occidere
1683 1365 1813 1414 volui,
1826 1376 1906 1404 nec
1922 1365 1976 1403 ad
1992 1370 2176 1407 mortem

1293 1426 1429 1465 minus
1451 1426 1577 1466 animi
1596 1432 1675 1478 est,
1685 1438 1811 1478 quam
1828 1426 1912 1466 fuit
1927 1427 1979 1466 ad
1996 1427 2174 1481 caedem,

1293 1488 1307 1512 ‘
1329 1490 1387 1529 Et
1406 1488 1565 1539 facere,
1591 1494 1636 1528 et
1665 1489 1755 1540 pati
1774 1488 1919 1539 fortia,
1938 1490 2173 1530 Romanum

1293 1551 1386 1591 est.'
1434 1552 1533 1591 Non
1554 1564 1662 1591 unus
1684 1564 1765 1603 ego
1793 1552 1836 1592 in
1854 1557 1897 1592 te
1913 1552 1989 1592 hos
2009 1552 2173 1593 animos

1293 1614 1420 1666 gessi,
1453 1615 1603 1666 longus
1637 1619 1702 1655 est
1732 1621 1830 1667 post
1849 1627 1914 1654 me
1934 1616 2038 1656 ordo
2057 1615 2172 1656 idem

1292 1676 1530 1727 petentium
1568 1676 1715 1716 decus.
1771 1677 1962 1717 Proinde
2002 1678 2048 1717 in
2087 1678 2171 1719 hoc

1292 1740 1519 1780 discrimen
1555 1740 1591 1779 si
1619 1741 1748 1791 juvat
1779 1741 2022 1792 accingere,
2050 1741 2172 1782 utin

1290 1804 1474 1856 singulas
1517 1803 1640 1844 horas
1677 1803 1821 1856 capite
1865 1804 2045 1844 dimices
2080 1810 2172 1855 tuo,

1290 1866 1449 1907 ferrum
1496 1869 1749 1919 hostemque
1780 1868 1826 1907 in
1858 1867 2071 1908 vestibulo
2100 1869 2174 1908 ha-

1287 1932 1388 1972 beas
1409 1932 1554 1983 regiae,
1571 1933 1649 1972 hoc
1667 1932 1960 1983 tibijiiventus
1977 1933 2170 1973 Romana

1290 1994 1447 2033 bellum
1467 1995 1709 2044 indicimus,
1727 1995 1888 2034 nullam
1908 1995 2059 2046 aciem,
2076 1997 2171 2038 nul-

1287 2057 1373 2095 lum
1405 2057 1600 2108 proelium
1635 2057 1842 2108 timueris,
1860 2058 1932 2096 uni
1964 2058 2042 2098 tibi
2070 2070 2170 2099 cnm

1288 2120 1464 2170 singulis
1486 2132 1554 2159 res
1575 2120 1673 2160 erit.
1727 2120 1833 2158 Tum
1866 2132 2008 2171 regem
2041 2119 2170 2161 simul

1286 2183 1352 2222 ira
1382 2184 1618 2233 incensum,
1648 2182 1926 2234 periculoque
1959 2183 2172 2224 conterri-

1287 2250 1378 2284 tum
1398 2245 1452 2285 ad
1481 2245 1727 2285 terrendum
1754 2244 2090 2296 adolescentem,
2118 2249 2170 2286 ut

1287 2313 1406 2347 metu
1426 2319 1645 2359 poenarum
1675 2311 1966 2358 expromeret,
1995 2306 2167 2359 quidil-

1286 2370 1361 2409 lud
1382 2376 1511 2420 esset,
1529 2370 1639 2423 quod
1662 2382 1739 2421 per
1758 2369 1956 2420 ambages
1982 2370 2166 2410 minare·

1290 2439 1372 2484 tur,
1387 2438 1602 2472 tormenta
1618 2430 1777 2482 afferri,
1796 2437 1841 2471 et
1860 2431 2002 2482 ignem
2021 2433 2169 2483 parari

1277 2496 1471 2547 jussisse,
1489 2507 1572 2548 quo
1592 2501 1796 2547 tanquam
1827 2494 2001 2534 victima
2019 2494 2168 2534 immo-

1286 2561 1477 2608 laretur;
1514 2559 1633 2598 illum
1653 2570 1772 2606 vero,
1790 2562 1838 2596 ut
1857 2557 1948 2608 regi
1968 2556 2165 2597 ostende-

1287 2627 1370 2670 ret,
1388 2633 1514 2673 qnam
1542 2619 1669 2659 facile
1691 2625 1904 2659 tormenta
1923 2623 2168 2659 contemne-

1285 2687 1369 2730 ret,
1415 2683 1625 2732 dextram,
1668 2680 1811 2720 foculo
1838 2681 1928 2732 jam
1975 2680 2167 2733 incenso,

1286 2744 1583 2795 spectantibus
1620 2743 1816 2783 omnibus
1859 2742 2076 2794 injecisse,
2119 2749 2165 2784 et

1284 2808 1407 2847 exuri
1428 2820 1596 2860 passum
1626 2819 1735 2847 esse.
1789 2806 1898 2846 Inde
1927 2806 2164 2847 Scaevolam

1283 2870 1415 2910 fuisse
1462 2871 1732 2910 nominatum.
1804 2870 2046 2920 Dionysius,
2092 2870 2164 2921 qui

1282 2935 1416 2974 multo
1436 2934 1644 2985 prolixius
1665 2933 1775 2973 banc
1805 2931 2040 2972 Historiam
2065 2944 2165 2972 nar-

1283 3002 1366 3047 rat,
1383 2997 1540 3036 nullam
1567 3007 1742 3047 prorsus
1763 2995 1816 3034 de
1842 2995 1921 3035 hac
1940 2994 2163 3035 Patientia

1282 3061 1542 3100 mentionem
1563 3059 1683 3099 facit.
1716 3060 1820 3098 Oliv.
2018 3096 2026 3099 ,

1340 3123 1508 3162 Causam
1556 3120 1761 3171 adventus]
1816 3120 1929 3163 Quia
1975 3119 2160 3170 ingenue

1283 3184 1502 3238 confessus
1533 3190 1599 3223 est
1629 3195 1675 3223 se
1704 3182 1758 3222 ad
1786 3180 2065 3222 occidendum
2094 3192 2162 3221 re·

1283 3260 1379 3299 gem
1401 3247 1581 3288 venisse.

1338 3310 1499 3360 Facula]
1545 3309 1598 3348 In
1641 3319 1725 3360 quo
1766 3305 1876 3358 ignis
1912 3302 2159 3345 Sacerdotis

1282 3371 1633 3413 conservabatur.

1335 3432 1570 3483 Scaevolam]
1602 3432 1653 3471 Id
1685 3435 1767 3481 est,
1794 3429 1956 3470 sinistra
1987 3430 2160 3469 utentem

1282 3509 1412 3548 manu,
1457 3508 1583 3550 quam
1629 3494 1774 3535 Graeci
1819 3491 1958 3534 σκαίαν
1995 3490 2158 3533 dieunt.
