2346 3996
561 312 817 353 VALERII
861 309 1103 351 M‘Axnm

200 431 460 481 inciderunt,
474 429 575 485 quia
595 431 636 469 in
657 435 750 471 tuto
769 430 902 469 clausi
922 440 966 468 se
987 441 1085 469 con·

202 496 417 536 tinebant.
469 493 604 534 Cinna
623 505 726 533 vero
742 493 926 533 Caesaris
943 504 1083 544 aequa-

199 559 270 607 lis,
298 569 394 598 cum
414 569 440 596 a
462 556 706 596 decorando
727 556 912 596 Caesaris
933 553 1085 595 funere

202 621 370 660 domum
390 630 438 658 se
458 619 688 671 reciperet,
701 619 744 658 in
763 618 962 659 furiosam
979 619 1085 658 mul-

201 684 432 726 titudinem
470 683 638 734 incidit,
676 684 748 737 qui
786 683 1085 724 existimantes

202 747 448 788 Cornelium
469 747 648 787 Cinnam
669 758 779 798 esse,
806 747 878 799 qui
901 746 1085 786 Caesaris

202 811 341 853 affinis
363 813 572 854 adversus
594 825 689 853 eum
705 812 849 853 fuerat
864 811 1085 852 conciona-

199 881 289 928 tus,
302 889 448 917 errore
465 876 656 928 decepti,
671 875 958 923 trucidarunt,
975 875 1087 926 ejus-

202 952 286 993 que
312 947 450 993 caput
482 941 617 980 hasta:
648 938 823 979 infixum
853 938 969 978 circa
991 939 1084 979 Cae-

204 1004 311 1044 saris
333 1016 500 1057 rogum,
529 1009 731 1054 tanquam
753 1000 943 1053 inferias,
963 1001 1088 1040 detu-

201 1068 358 1108 lerunt.
426 1067 649 1107 Plutarch.
687 1066 730 1105 in
764 1065 868 1107 Vita
897 1064 1084 1105 Caesaris

202 1130 311 1170 dicit
343 1130 440 1170 huic
473 1129 622 1169 Cinnae
641 1129 857 1169 Caesarem
887 1129 1021 1168 visum
1042 1128 1084 1167 in

203 1193 377 1232 somniis
408 1192 541 1244 priori
570 1195 723 1242 nocte3
753 1192 866 1244 quod
893 1191 1009 1231 illum
1031 1190 1082 1231 ad

201 1267 363 1297 coenam
397 1257 615 1307 invitaret,
644 1261 689 1296 et
717 1268 814 1296 cnm
851 1260 1086 1305 recusaret,

200 1319 381 1360 invitum
413 1325 458 1360 et
488 1321 777 1360 reluctantem
805 1319 858 1359 ab
886 1331 939 1359 eo
959 1330 1086 1358 manu

201 1383 336 1424 fnisse
367 1389 646 1437 protractum.
700 1384 804 1423 Tum
825 1383 956 1423 etiam
977 1382 1086 1422 dicit

203 1447 323 1487 illum
374 1459 425 1488 eo
473 1452 666 1500 tempore
702 1446 814 1487 febri
852 1447 1085 1487 laborasse.

212 1511 366 1552 Olivet-

259 1575 431 1627 Impium
459 1575 691 1626 orationem]
721 1573 832 1617 Quia
853 1573 1022 1614 dixerat
1042 1573 1085 1613 in

203 1640 410 1681 concione
421 1639 519 1692 jure
532 1651 690 1679 caesum
708 1637 840 1678 fnisse
856 1639 1087 1688 Caesarem;

203 1705 284 1746 hoc
306 1710 450 1744 autem
470 1702 655 1750 fecerat,
684 1709 734 1744 ut
764 1705 920 1744 iratum
952 1714 1087 1756 popu-

204 1770 291 1810 lum
312 1780 391 1808 sua
409 1767 604 1808 oratione
624 1767 797 1819 leniret,
812 1766 1087 1807 seditionem-

203 1844 286 1884 que
305 1832 490 1871 sedaret.
525 1831 674 1875 Oliver.

260 1894 394 1948 Officii
423 1894 506 1946 sui]
536 1894 662 1937 Quod
695 1895 855 1935 Caesari
894 1894 938 1934 in
976 1896 1088 1935 ceie-

202 1958 371 1999 braudo
390 1958 480 2010 ejus
500 1956 653 1998 funere
672 1959 958 2010 praestiterat:
990 1972 1089 1999 nam

202 2021 305 2062 inde
327 2033 352 2061 a
370 2033 530 2074 pompa
555 2019 729 2061 funebri
750 2021 934 2062 redibat.
963 2022 1088 2063 Idem.

258 2087 282 2136 ᾧ
315 2089 340 2125 2
380 2085 559 2130 Quatuor
588 2084 848 2135 exercituum]
878 2086 1087 2137 Duorum,

204 2148 375 2188 scilicet
409 2148 538 2188 Bruti
569 2155 615 2188 et
650 2149 803 2200 Cassii,
831 2154 876 2190 et
907 2149 1086 2190 totidem

205 2211 383 2252 Octavii
407 2210 664 2252 et'Antonii.
694 2213 816 2252 Idem.

265 2275 428 2316 Varium
444 2276 641 2327 eventum]
655 2277 792 2324 Bene,
805 2277 973 2327 varium,
987 2276 1089 2329 quia

203 2351 258 2380 ex
293 2340 430 2380 altero
466 2353 600 2380 cornu
643 2342 803 2381 Brutus
842 2342 996 2392 victor,
1035 2355 1088 2381 ex

204 2405 344 2445 altero
360 2403 590 2454 Antonius,
617 2411 662 2445 et
682 2413 832 2446 contra
852 2406 1022 2446 Cassius
1043 2411 1089 2445 et

206 2466 419 2508 Octavius
440 2467 560 2508 victi.
588 2469 710 2507 Idem.

263 2532 404 2572 Finire
439 2533 562 2571 vitam
589 2534 832 2586 properavit]
869 2534 978 2574 Sunt
1016 2535 1088 2587 qui

207 2595 355 2636 dicant
401 2596 708 2636 hallucinatum
762 2603 935 2648 putasse
989 2609 1088 2637 suos

202 2671 295 2700 esse
313 2660 474 2708 hostes,
501 2667 547 2700 et
566 2661 627 2701 ita
647 2661 730 2701 sibi
760 2673 910 2702 necem
932 2673 1087 2714 prope-

205 2735 336 2764 rasse.
364 2725 534 2765 Badius.

259 2788 471 2840 Hostium]
502 2789 856 2831 Octavianornm.

259 2853 391 2904 Capta
427 2854 612 2905 invicem]
642 2855 679 2894 E
713 2855 946 2907 contrario,
976 2856 1090 2898 sicut

202 2922 346 2957 castra
365 2916 459 2968 ejus
479 2917 532 2957 ab
550 2917 738 2958 Antonio
753 2924 885 2972 capta
900 2919 1089 2962 fuerant.

201 2979 371 3021 Badius.

259 3043 404 3085 minii
423 3057 527 3092 vero,
550 3045 641 3098 8sc.]
672 3047 840 3088 Laudat
859 3048 1022 3101 Titinii,
1042 3054 1091 3090 ut

203 3106 464 3148 Plutarchus
510 3121 680 3162 quoque
715 3111 839 3162 dicit,
880 3110 1008 3151 fidem
1044 3117 1090 3152 et

205 3171 456 3222 amicitiam,
484 3173 574 3224 qui,
606 3185 735 3225 quum
766 3174 809 3213 in
844 3180 989 3216 castra
1021 3186 1088 3215 re-

202 3231 354 3274 diisset
382 3234 438 3274 ad
466 3235 676 3282 Cassium,
708 3237 902 3277 victoriae
929 3249 1089 3278 corona

206 3295 447 3348 redimitus,
462 3299 534 3338 ubi
549 3301 761 3350 comperit
776 3312 827 3339 ex
844 3302 1031 3352 ploratu,
1043 3306 1089 3340 et

209 3359 439 3400 amicorum
473 3374 569 3402 sese
599 3361 881 3415 affligentium
912 3369 1086 3415 questu-

208 3420 291 3463 bus
305 3429 351 3464 et
366 3423 612 3477 ululatibus,
625 3426 815 3467 Cassium
829 3426 1086 3479 ignorantias

211 3498 355 3528 errore
380 3487 609 3539 deceptum
634 3497 817 3530 mortem
837 3491 1087 3543 oppetiisse,

207 3549 353 3590 dolore
381 3551 508 3592 nimio
542 3553 751 3605 percituS,
780 3553 937 3595 educto
967 3566 1086 3605 ense,

1886 301 2027 356 1355

1147 432 1286 472 multa
1317 433 1430 484 prius
1460 433 1502 472 in
1536 444 1656 474 suam
1689 431 1938 472 tarditatem
1971 432 2031 471 in-

1149 500 1312 547 vectus,
1340 497 1525 548 seipsum
1545 495 1776 537 transfixit.
1807 496 1957 535 oliver.

1204 559 1226 609 ᾧ
1248 562 1271 598 3
1303 559 1422 600 Falsa
1438 560 1633 613 opinatio]
1662 559 1790 602 Quod
1810 558 1919 598 falso
1941 559 2032 609 opi-

1149 621 1241 661 nati
1267 621 1441 663 fuerunt
1470 625 1678 665 satellites
1706 624 1908 675 imperari
1937 623 2032 673 sibi,

1148 690 1197 724 ut
1217 685 1381 737 legatos
1401 687 1663 727 occiderent.
1698 687 1850 727 Oliver.

1207 748 1439 799 Penatibus]
1471 750 1581 789 Nam
1610 750 1817 790 violatum
1843 750 1914 801 jus
1936 760 2034 799 gen-

1150 810 1272 862 tium,
1305 811 1462 851 violata
1489 818 1535 852 et
1561 813 1731 863 hospitii
1757 813 1859 864 jura
1888 812 2034 850 viden-

1150 879 1234 920 tur,
1263 885 1360 914 cum
1391 874 1545 926 legatis
1579 876 1622 914 in
1657 876 1775 927 regia
1805 876 1867 916 vis
1900 874 2036 915 fuerit

1148 940 1281 980 illata.
1309 940 1434 979 Idem.

1196 1003 1462 1055 Tesserarum]
1481 1003 1763 1043 Instrumenti
1781 1004 1926 1043 lusorii
1942 1016 2036 1042 sex-

1152 1066 1379 1119 angularis.
1459 1065 1725 1118 Tesserarum]
1770 1067 1837 1106 De
1889 1067 2035 1105 tabula

1151 1131 1309 1171 lusoria
1345 1130 1442 1170 vide
1478 1131 1618 1171 Notas
1651 1129 1704 1169 ad
1737 1130 1910 1169 Sallust.
1939 1141 2036 1179 pag.

1150 1198 1217 1235 32.
1265 1194 1465 1235 Tesseris
1485 1200 1628 1234 autem
1660 1193 1941 1245 antiquissimi
1963 1193 2039 1231 tri-

1149 1258 1230 1299 bus
1261 1258 1511 1305 utebantur,
1540 1257 1685 1297 media
1715 1263 1820 1297 aetas
1851 1255 2036 1306 duabus,

1151 1323 1290 1364 donec
1310 1324 1463 1363 iterum
1486 1322 1624 1363 tribus
1643 1324 1723 1363 usi.

1149 315 1266 352 ma.
1296 313 1387 352 ix.
1427 315 1561 353 cAP.
1588 300 1676 353 10.

1204 1387 1351 1438 Legati
1386 1386 1670 1437 Romanorum]
1699 1387 1818 1428 Quos
1854 1390 2038 1438 quatuor

1150 1449 1286 1491 fuisse
1301 1451 1408 1491 dicit
1425 1451 1578 1491 Cicero
1592 1450 1782 1501 Philipp.
1803 1460 1868 1489 1x.
1898 1448 2038 1488 Addit

1150 1514 1344 1566 insuper,
1390 1514 1503 1568 quod
1555 1514 1720 1553 illorum
1775 1518 1928 1552 statuae
1982 1511 2035 1550 ad

1150 1591 1271 1619 suum
1292 1591 1428 1632 usque
1451 1585 1620 1630 tempus
1642 1583 1857 1617 steterant
1883 1576 1927 1615 in
1948 1588 2038 1615 ros-

1150 1644 1242 1684 tris,
1298 1644 1490 1683 Fuerant
1508 1648 1652 1683 autem
1677 1641 1792 1681 missi
1816 1640 1961 1691 legati,
1989 1644 2037 1678 ut

1151 1714 1332 1759 agerent
1351 1706 1406 1751 de
1426 1718 1536 1759 pace
1557 1718 1655 1747 cum
1678 1717 1796 1757 rege.
1829 1704 1978 1743 Oliver.

1204 1771 1319 1810 CAP.
1332 1781 1379 1810 x.
1401 1772 1423 1823 ξ
1442 1774 1462 1810 l
1486 1770 1548 1810 M.
1572 1769 1739 1810 Fulvius
1758 1768 1940 1807 tribunus
1954 1767 2038 1817 ple-

1151 1836 1230 1888 bis]
1252 1837 1323 1876 Ita
1337 1837 1484 1888 vulgo.
1524 1835 1578 1875 In
1593 1835 1764 1874 Winch.
1782 1835 1844 1874 M.
1861 1833 2036 1881 Flavius,

1153 1899 1514 1952 quemadmodum
1556 1899 1803 1951 appellatur
1851 1897 1979 1936 etiam
2014 1908 2039 1935 a

1151 1962 1292 2002 Livio.
1322 1962 1507 2013 Pighius.

1205 2025 1287 2066 Sub
1305 2038 1446 2066 corona
1465 2025 1616 2077 venire]
1634 2026 1697 2066 Ut
1717 2024 1912 2065 coronati
1929 2023 2035 2075 pub-

1149 2091 1233 2130 lice
1255 2090 1577 2139 venderentur;
1599 2090 1661 2129 sic
1683 2090 1793 2128 enim
1812 2087 1927 2140 apud
1948 2099 2036 2126 ma-

1141 2154 1261 2206 jores
1283 2154 1498 2205 mancipia
1518 2152 1832 2204 vendebantur,
1859 2157 1902 2192 et
1928 2163 2038 2203 pra*-

1153 2217 1300 2257 sertim
1342 2216 1535 2256 homines
1579 2221 1625 2256 et
1659 2216 1773 2268 equi.
1846 2214 1955 2254 Cato
1994 2214 2037 2252 in

1152 2281 1349 2321 oratione
1387 2280 1587 2331 quadam,
1622 2280 1635 2302 ‘
1663 2279 1804 2319 Satius
1837 2277 1933 2329 est,'
1973 2278 2039 2317 in-

1151 2344 1262 2396 quit,
1286 2345 1298 2366 ‘
1321 2348 1369 2384 ut
1404 2357 1505 2396 pop.
1540 2345 1662 2384 Rom.
1693 2343 1736 2383 in
1775 2341 2036 2395 Capitolium

1152 2408 1296 2460 potius
1330 2407 1620 2460 supplicatum
1651 2412 1739 2459 eat,
1767 2418 1891 2459 quam
1917 2417 2035 2445 coro·

1151 2477 1279 2511 natus
1300 2469 1477 2511 veniat!
1509 2470 1659 2511 Oliver.

1209 2535 1338 2581 Quam
1363 2535 1410 2574 ob
1438 2547 1594 2574 causam
1615 2532 1774 2585 Popilia
1794 2530 1938 2582 tribus]
1967 2530 2037 2571 Ita

1151 2599 1293 2651 vulgo.
1335 2598 1653 2639 winchelianus
1673 2597 1809 2637 codex
1829 2596 2038 2648 Papirium

1150 2663 1297 2703 tribum
1315 2668 1458 2703 vocat.
1512 2663 1666 2713 Recte,
1693 2673 1789 2701 nam
1819 2661 1881 2700 ita
1906 2659 2036 2700 etiam

1154 2728 1313 2767 Livius.
1384 2727 1478 2767 Nec
1516 2737 1757 2779 quenquam
1810 2735 1864 2763 ex
1911 2722 2038 2762 Polia

1153 2790 1267 2830 tribu
1289 2789 1566 2830 candidatum
1585 2788 1723 2829 ferme
1738 2788 1884 2828 datum
1905 2786 2035 2838 Papi-

1151 2854 1258 2894 riam
1278 2853 1395 2894 ferre
1411 2853 1596 2893 solitum.
1625 2852 1754 2902 Pigh.

1207 2919 1260 2958 In
1286 2930 1364 2970 qua
1379 2917 1590 2969 plurimum
1606 2920 1741 2968 postea
1770 2914 1976 2955 Tusculani
1992 2914 2037 2952 in

1151 2981 1353 3022 civitatem
1393 2981 1542 3033 recepti
1584 2983 1810 3032 potuerunt,
1847 2978 2037 3018 neminem

1151 3059 1321 3098 unquam
1352 3046 1603 3086 candidatum
1631 3043 1761 3084 Polioe
1787 3042 1913 3082 tribus
1932 3040 2037 3089 sede

1152 3109 1449 3161 magistratum]
1470 3107 1707 3149 Tusculani
1727 3105 1942 3145 civitatem
1965 3114 2036 3142 ac-

1153 3185 1329 3226 cepere,
1359 3186 1458 3214 cum
1491 3173 1555 3213 M.
1585 3170 1758 3212 Furium
1797 3167 2036 3215 Camillum,

1154 3249 1279 3289 agros
1298 3236 1535 3288 urbemque
1555 3245 1702 3274 eorum
1733 3231 1944 3271 hostiliter
1973 3229 2034 3268 in-

1152 3300 1398 3351 vadentem,
1440 3310 1551 3351 pace
1587 3309 1637 3336 ac
1681 3294 1766 3334 fide
1803 3292 2036 3342 constanti,

1151 3363 1278 3402 nullis
1297 3361 1506 3414 oppositis
1526 3358 1667 3406 armis,
1691 3356 1826 3396 amice
1853 3365 2031 3406 accepe-

1150 3430 1267 3475 runt,
1308 3424 1448 3466 omnia
1499 3419 1705 3473 potestati
1748 3418 2030 3457 Romanorum

1149 3495 1303 3541 sponte
1323 3486 1617 3539 subjicientes.
1671 3483 1767 3523 Qua
1787 3479 2031 3524 obedientia

1150 3566 1235 3594 non
1255 3554 1387 3594 solum
1409 3549 1653 3597 amicitiam,
1678 3545 1753 3587 sed
1776 3546 1905 3597 etjus
1927 3545 2032 3585 civi-
