2288 3990
560 305 817 346 VALERu
859 304 1099 342 MAXlMl

194 428 368 482 Ἑρμείας
386 428 450 469 καὶ
477 429 548 476 τῆς
567 426 712 467 Ἵππου
744 425 879 478 ἄκρας,
907 424 1083 465 ἐπέκεινα

195 493 238 534 δὲ
258 490 505 545 Καρχηδόνος
523 491 573 531 ὡς
604 490 784 531 σταδίους
809 489 1035 530 διακοσίους·
1056 487 1083 536 ἢ

197 556 263 598 καὶ
275 554 461 610 πρότερον
474 556 674 602 κτισθῆναι
692 552 856 604 λέγεται
875 551 995 600 αὐτῆς
1011 553 1083 599 τῆς

198 617 449 672 Καρχηδόνος
475 616 581 658 ἔτεσι
609 616 816 658 διακοσίοις
843 615 1085 667 ὀγδοήκοντα

196 684 311 736 ἑπτὰ,
327 684 377 723 ὦς
394 681 689 735 ἀναγέγραπται
702 685 743 722 ἓν
755 684 842 723 ταῖς
856 681 1086 722 Φοινικικαῖς

193 746 410 799 Ἱστορίαις.
466 746 519 787 Id
555 753 648 786 est:
694 747 745 786 In
772 745 913 798 Libyae
950 744 1084 795 Utica,

194 825 312 864 quam
340 815 495 860 vocant,
526 823 640 862 quam
671 810 714 851 in
740 810 831 850 sinu
861 810 980 849 sitam
1004 819 1087 848 esse

196 877 311 917 aiunt
330 875 435 916 inter
465 875 662 916 Mercurii
687 881 726 916 et
756 874 888 927 Hippi
904 886 1086 926 promon-

194 940 314 990 toria,
328 940 436 979 altra
453 939 739 990 Carthaginem
755 939 898 979 stadiis
903 938 996 988 fere
1014 939 1086 977 du-

196 1002 336 1054 centis,
370 1006 486 1054 atque
530 1002 647 1042 annis
687 1013 954 1042 ccnxxxvu.
995 1003 1089 1040 ante

201 1065 486 1115 Carthaginem
503 1076 585 1105 esse
601 1067 813 1112 conditam,
832 1069 878 1104 ut
907 1065 951 1105 in
970 1065 1087 1104 Plaoe-

198 1130 317 1170 niciis
347 1129 527 1170 historiis
556 1130 747 1182 scriptum
779 1129 939 1180 legitur.
985 1130 1087 1169 Vel-

143 1222 151 1226 -
197 1195 309 1234 leins
325 1194 581 1234 Paterculus
596 1195 713 1234 circa
728 1194 860 1235 Codri
875 1199 1087 1247 tempora,

199 1256 273 1309 qui
291 1256 411 1296 Sauli
430 1254 516 1296 fuit
535 1257 728 1310 aequalis,
757 1257 910 1310 Tyrios
940 1257 1087 1309 paucis

197 1320 320 1360 annis
339 1325 439 1373 post
458 1319 606 1360 Gades
631 1321 807 1361 Uticam
839 1322 1086 1362 condidisse

201 1381 351 1423 refert.
405 1383 516 1424 Urbi
547 1384 682 1436 igitur
701 1391 788 1426 tam
808 1390 992 1426 vetustae
1013 1398 1088 1425 no-

198 1458 298 1486 men
319 1445 426 1486 fecit
440 1447 531 1498 ipsa
546 1448 796 1501 antiquitas,
825 1449 955 1490 Utica
974 1449 1088 1488 enim

201 1514 268 1553 vel
289 1513 417 1566 Ityca
434 1514 601 1556 Punice
621 1516 760 1567 p’l'w,
790 1516 911 1567 Itica,
942 1516 986 1556 id
1009 1521 1090 1567 est,

204 1577 349 1628 prisca
406 1578 648 1618 dicebatur.
705 1579 928 1619 Bou-hart.
1002 1579 1089 1621 Qui

202 1652 312 1683 nunc
342 1641 459 1680 locus
494 1654 520 1680 a
556 1641 761 1681 Bai-baris
794 1641 1091 1682 Illa-Zachares

199 1703 459 1755 appellatur.
489 1704 548 1744 D.
569 1704 728 1744 Marius
744 1704 890 1755 Niger.

253 1768 278 1819 §
301 1770 349 1807 15
383 1767 627 1819 ObJ'urgare]
665 1768 716 1808 Id
752 1770 930 1821 proprie
962 1768 1089 1809 dixit.

201 1830 314 1871 Nam
325 1831 517 1883 jurgium
534 1838 603 1872 est
618 1832 731 1872 inter
746 1833 906 1873 amicos
923 1839 969 1874 et
990 1845 1090 1873 con-

193 1893 394 1945 junctos.
525 1900 534 1904 “

256 1956 424 2008 Porcia]
469 1956 630 2009 Hujus,
660 1970 788 2010 quem
818 1971 949 2010 supra
982 1957 1091 1998 dixi-

204 2031 311 2069 mus,
330 2019 506 2060 Catonis
524 2019 628 2072 filia,
654 2027 701 2061 et
731 2022 888 2071 Bruto,
909 2022 979 2073 qui
999 2021 1093 2061 Cae-

204 2094 343 2123 sarem
367 2081 607 2135 interfecit,
625 2085 897 2126 matrimonio
917 2085 1093 2136 copula-

204 2151 266 2193 ta,
321 2145 434 2187 Haec
467 2152 622 2198 postea
653 2147 803 2188 audita
837 2148 915 2188 viri
935 2153 1093 2198 morte,

206 2222 304 2250 cnm
331 2210 398 2250 illi
435 2223 663 2263 superesse
697 2214 816 2254 nullo
846 2214 976 2254 modo
994 2226 1093 2255 con-

205 2273 438 2326 stituisset,
455 2276 666 2317 carbones
682 2277 883 2318 ardentes
903 2279 1096 2330 conjecit

208 2340 253 2379 in
274 2352 336 2391 os,
358 2353 409 2382 ac
429 2342 671 2394 devoravit,
695 2344 815 2384 nulla
843 2343 928 2384 alia
947 2344 1096 2384 mortis

206 2403 278 2443 via
297 2410 488 2455 reperta,
506 2406 706 2458 quoniam
739 2419 873 2458 genus
893 2418 1017 2447 omne
1038 2413 1099 2446 te-

206 2468 346 2508 lorum
364 2467 466 2509 inde
487 2476 605 2510 esset
626 2477 814 2511 amotum
833 2485 844 2510 ε
876 2477 919 2511 et
941 2472 1004 2511 ita
1024 2483 1099 2510 uo-

211 2543 264 2570 vo
310 2543 471 2582 genere
518 2534 668 2573 mortis
715 2538 973 2585 consumpta
1017 2539 1098 2573 est.

208 2595 322 2636 Haec
354 2595 524 2647 Porcia,
544 2603 592 2637 ut
625 2597 810 2638 habetur
829 2599 871 2637 in
892 2598 999 2637 Vita
1019 2598 1099 2638 Ca-

209 2657 340 2709 tonis,
362 2658 500 2710 primo
520 2659 668 2700 Bibuli
688 2673 797 2700 uxor
816 2659 915 2712 fuit,
940 2673 994 2700 ex
1014 2673 1099 2713 quo

209 2719 318 2761 dnos
339 2722 532 2774 suscepit
550 2721 675 2764 filios.
707 2724 857 2765 Oliver.

263 2786 287 2837 §
307 2789 360 2826 16
390 2786 578 2838 Felicior,
594 2787 683 2839 δῖα]
712 2788 815 2839 Hic,
835 2792 884 2828 ut
901 2786 930 2829 J
935 2786 1100 2827 ustinus

212 2848 347 2888 tradit
364 2849 441 2889 lib.
463 2861 639 2891 xxxm.
654 2850 738 2891 fuit
756 2851 820 2891 M.
841 2850 950 2890 Cato
971 2850 1100 2890 Cato-

211 2912 277 2952 nis
298 2911 497 2954 Oratoris
514 2913 642 2965 filius,
661 2914 750 2967 qui,
768 2926 867 2954 eum
886 2913 1002 2954 forte
1021 2913 1102 2954 sub

213 2973 351 3014 Paulo
380 2976 550 3017 AEmilio
583 2977 697 3017 bello
724 2977 1009 3018 Macedonico
1028 2977 1103 3018 sti·

213 3037 372 3089 pendia
410 3037 591 3090 faceret,
628 3040 716 3092 die,
755 3053 842 3093 quo
881 3046 1103 3080 certamen

213 3106 341 3141 atro-x
376 3102 647 3143 commissum
675 3102 835 3152 fuerat,
868 3103 982 3144 iuter
1003 3115 1105 3146 con·

212 3162 470 3210 fertissimos
502 3165 648 3207 hostes
679 3166 782 3207 dum
800 3166 975 3208 fortiter
995 3180 1103 3220 pug-

215 3234 358 3278 naret,
378 3240 489 3280 equo
523 3229 742 3282 delapsus,
771 3231 973 3282 pedestre
992 3244 1105 3283 prae-

216 3291 318 3331 lium
349 3293 618 3344 aggreditur,
651 3307 751 3334 nam
772 3295 1002 3336 cadentem
1021 3309 1109 3336 ma·

217 3354 390 3406 nipnlus
401 3355 587 3395 hostium
603 3369 698 3397 cum
714 3358 888 3398 horrido
904 3359 1107 3410 clamore,

220 3417 340 3458 velut
367 3418 590 3469 jacentem
637 3420 990 3473 obtruncaturus,
1025 3421 1107 3461 cir-

223 3485 520 3523 cumsteterat.
575 3482 638 3523 At
670 3483 743 3522 ille
774 3484 888 3524 citus
922 3496 1108 3536 corpore

222 3542 421 3594 collecto,
440 3557 610 3599 magnas
644 3553 811 3600 strages
837 3548 991 3601 edidit,
1011 3560 1109 3590 cum

1147 305 1263 346 ms.
1301 305 1396 344 111.
1436 293 1647 347 οΑΡ.2.
1886 296 2029 351 1075

1145 425 1199 466 ad
1221 438 1348 466 unum
1367 426 1698 479 opprimendum
1718 426 1907 480 undique
1932 429 2031 470 hos-

1145 495 1212 529 tes
1230 491 1527 543 convolarent,
1543 491 1643 532 dum
1658 502 1883 543 procerum
1900 505 2033 545 quen-

1146 551 1243 591 dam
1264 554 1393 605 petit,
1427 554 1596 606 gladius
1631 566 1658 595 e
1685 566 1813 595 manu
1847 556 2033 608 elapsus,

1146 617 1188 656 in
1205 616 1390 656 mediam
1407 618 1627 659 cohortem
1646 619 1831 659 hostium
1853 619 2032 670 decidit,

1147 679 1201 720 ad
1218 691 1344 732 quem
1378 682 1739 734 recuperandum,
1772 682 1959 723 umbone
1986 696 2033 723 se

1147 748 1398 795 protegem,
1417 744 1690 797 inspectante
1710 751 1892 800 utroque
1911 759 2036 788 exer-

1147 807 1254 858 citu,
1281 806 1398 847 inter
1429 819 1657 850 mucrones
1678 822 1725 850 se
1742 810 1928 851 hostium
1956 811 2034 851 im·

1146 871 1316 922 mersit,
1344 872 1663 926 recollectoque
1696 875 1858 930 gladio,
1889 876 2036 916 multis

1138 935 1389 976 vulneribus
1422 936 1639 989 exceptis,
1678 938 1733 978 ad
1767 938 1906 979 socios
1936 951 2035 979 cum

1147 1000 1337 1040 clamore
1363 1000 1552 1040 omnium
1585 1001 1840 1043 revertitur.
1892 1002 2038 1054 Hujus

1149 1064 1373 1104 audaciam
1411 1065 1564 1105 caeteri
1608 1064 1782 1116 imitati,
1815 1065 2038 1106 victoriam

1148 1139 1388 1180 peperere;
1430 1141 1530 1169 nam
1566 1129 1716 1169 hostes
1752 1134 1929 1180 postero
1966 1129 2039 1169 die

1149 1192 1369 1245 supplices
1400 1192 1455 1232 ad
1477 1204 1627 1244 pacem
1648 1193 1878 1245 petendam
1907 1205 2038 1233 vene·

1151 1260 1266 1296 runt.
1315 1255 1471 1296 Cicero
1490 1256 1565 1296 lib.
1582 1256 1637 1296 de
1656 1256 1907 1297 Senectute.
1952 1256 2040 1297 Ubi

1152 1319 1364 1359 Catonem
1394 1320 1449 1360 de
1479 1333 1525 1360 se
1556 1321 1804 1373 loquentem
1836 1321 2037 1366 inducit;

1150 1382 1162 1404 ‘
1180 1381 1364 1436 Redeo‚’
1400 1383 1555 1437 inquit,
1585 1385 1598 1407 ‘
1621 1385 1676 1424 ad
1705 1397 1806 1426 me:
1838 1391 2041 1438 quartum

1154 1457 1258 1497 gero
1279 1458 1435 1487 annum
1451 1453 1500 1488 et
1511 1448 1839 1499 octogesimum.
1869 1450 2040 1490 Vellem

1153 1509 1355 1561 equidem
1391 1510 1506 1550 idem
1544 1523 1670 1563 posse
1707 1513 1880 1565 gloriari
1926 1513 2040 1565 quod

1155 1574 1296 1625 Cyrus
1315 1590 1326 1625 ;
1344 1574 1421 1614 sed
1453 1580 1620 1615 tantum
1642 1588 1752 1628 queo
1773 1576 1934 1623 dicere,
1955 1588 2040 1616 non

1151 1649 1221 1678 me
1242 1638 1415 1690 quidem
1444 1640 1510 1679 his
1543 1653 1637 1680 esse
1674 1641 1853 1692 viribus,
1886 1641 2042 1694 quibus

1153 1701 1278 1741 miles
1307 1701 1421 1742 bello
1453 1703 1621 1743 Punico
1654 1709 1730 1744 aut
1759 1710 1952 1756 quaestor
1973 1717 2045 1745 eo-

1154 1765 1251 1805 dem
1290 1766 1419 1818 bello,
1449 1773 1524 1806 aut
1556 1768 1716 1808 Consul
1750 1768 1794 1807 in
1831 1768 2044 1820 Hispania

1153 1827 1336 1869 fuerim:
1382 1835 1458 1871 aut
1491 1831 1774 1884 quadriennio
1808 1837 1910 1885 post
1943 1844 2041 1872 cum

1154 1894 1356 1936 tribunus
1393 1896 1591 1937 militaris
1639 1897 1886 1948 depugnavi
1927 1896 2042 1948 apud

1153 1960 1482 2011 Thermopylas,
1518 1961 1581 2000 Μ.
1611 1959 1769 2001 Attilio
1808 1959 2043 2001 Glabrione

1155 2023 1375 2063 Consule!
1407 2024 1560 2066 Oliver.

1211 2087 1369 2128 Porcioe
1394 2086 1588 2139 familiae]
1628 2087 1790 2129 Porcia
1821 2099 1925 2139 gens
1945 2086 2046 2126 Ple·

1155 2150 1279 2192 beia:
1319 2151 1382 2190 M.
1422 2151 1655 2203 Catonem,
1682 2151 1756 2204 qui
1789 2151 2047 2191 Censorinus

1156 2216 1402 2266 appellatus
1450 2220 1534 2266 est,
1577 2215 1764 2254 Tusculo
1811 2214 2046 2265 municipio

1158 2278 1401 2328 oriundum,
1427 2284 1648 2317 auctorem
1670 2276 1906 2326 exstitisse,
1930 2276 2046 2316 inter

1159 2341 1404 2392 Scriptores
1442 2341 1547 2380 satis
1585 2340 1815 2379 convenit:
1865 2340 1921 2379 de
1959 2351 2045 2391 quo

1161 2403 1317 2444 Cicero
1345 2403 1401 2443 de
1439 2403 1628 2455 Legibus
1666 2403 1741 2443 lib.
1769 2414 1821 2442 ιι.
1856 2403 2046 2455 itemque

1161 2467 1216 2507 de
1235 2479 1392 2519 genere
1421 2479 1472 2506 ac
1507 2466 1749 2507 nominibus
1782 2466 1952 2506 Porciae
1991 2464 2051 2505 fa·

1161 2530 1290 2570 miliae
1309 2529 1507 2583 Agellius
1526 2530 1660 2570 Noct.
1683 2528 1824 2570 Attic.
1842 2529 1918 2569 lib.
1939 2539 2048 2569 xm.

1161 2607 1259 2648 cap.
1290 2599 1354 2637 18.
1382 2594 1667 2646 meminitque
1703 2593 1856 2634 eodem
1891 2593 1936 2633 in
1975 2592 2047 2635 lib.

1163 2674 1201 2702 c.
1223 2664 1290 2701 12.
1309 2661 1459 2701 Porcii
1473 2660 1653 2700 Tribuni
1673 2659 1790 2712 pleb.
1848 2658 2051 2702 Familias

1163 2725 1268 2766 duas
1286 2725 1417 2765 habet
1431 2724 1650 2767 Liciorum
1665 2729 1711 2765 et
1731 2724 1957 2764 Catonum.
1986 2723 2052 2761 Ex

1162 2789 1242 2828 hac
1261 2788 1345 2829 duo
1368 2787 1569 2840 Reipubl.
1602 2786 1764 2828 lumina
1782 2786 1847 2827 M.
1868 2786 2051 2826 Porcius

1165 2852 1276 2892 Cato
1294 2851 1431 2903 major
1449 2856 1496 2890 et
1514 2849 1668 2900 minor,
1684 2855 1731 2889 et
1749 2849 1870 2888 multi
1890 2849 2053 2889 Consu-

1165 2916 1291 2965 lares,
1310 2920 1359 2955 ut
1379 2915 1422 2953 in
1442 2913 1583 2953 Fastis
1599 2912 1855 2965 Capitolinis
1875 2922 2025 2953 cernes
2042 2924 2051 2950 ;

1163 2979 1271 3019 item
1290 2979 1432 3022 Lecca
1447 2981 1750 3027 cognomento.

1222 3040 1452 3092 Principia]
1496 3039 1611 3082 Quia
1643 3038 1804 3092 primus
1830 3037 1913 3078 fuit
1945 3038 2054 3076 Por-

1166 3105 1247 3145 ciae
1265 3104 1456 3145 familiae.

1221 3168 1273 3209 In
1307 3167 1412 3219 acie]
1464 3165 1618 3212 ,Persei
1654 3166 1804 3217 Regis,
1837 3169 1885 3204 et
1925 3160 2054 3201 Pauli

1167 3230 1338 3271 AEmilii.

1227 3293 1373 3344 Globo]
1402 3291 1679 3333 Multitudini
1695 3287 1983 3340 conglobatae.

1226 3355 1314 3400 Quo
1327 3356 1545 3407 spectaculo
1563 3353 1727 3394 attoniti
1744 3351 1887 3400 hostes,
1900 3352 2054 3400 postero

1169 3419 1236 3458 die
1248 3420 1300 3458 ad
1317 3431 1404 3461 eum
1422 3418 1614 3469 supplices
1637 3426 1774 3467 pacem
1797 3417 1974 3464 petentes
1990 3424 2056 3450 ve-

1169 3481 1333 3532 nerunt]
1374 3482 1487 3522 Haec
1520 3478 1714 3520 clausula
1738 3482 1831 3516 tota
1850 3475 1911 3514 rei
1933 3474 2054 3514 falsae

1172 3551 1254 3597 est,
1275 3549 1320 3585 et
1338 3542 1551 3586 absurdae.
1610 3540 1649 3583 A
1670 3540 1834 3580 Catone
1870 3542 1960 3580 tum
1982 3536 2055 3577 ad-
