2346 3996
393 272 554 357 5360,

391 412 538 442 vocem
555 399 710 441 deinde
739 398 966 439 contextui
995 397 1269 440 librariorum

389 463 606 516 imperitia
622 462 832 515 adjunxit.
867 461 994 502 Unde
1009 462 1179 502 omnino
1197 475 1270 503 ex·

392 526 621 578 pungenda
648 530 734 576 est,
770 523 1114 577 quandoquidem
1134 525 1179 564 in
1202 537 1272 564 ve·

391 591 556 630 teribus
575 589 694 629 libris
712 599 795 627 non
814 587 1078 638 reperiatur-5
1111 587 1157 626 in
1177 587 1269 639 qui-

390 652 470 693 bus
500 653 561 692 ita
580 651 762 702 legimus
781 663 792 690 :
824 651 946 696 Quem
965 650 1060 702 quid
1077 651 1183 691 aliud
1201 662 1270 690 ex-

388 716 620 766 istimemus,
669 726 784 765 quam
820 713 1065 753 conscientia.-
1103 713 1272 753 stimulis

388 781 519 817 actum
547 790 571 816 a
589 789 629 818 se
646 777 821 817 inchoati
834 776 1042 828 parricidii
1057 775 1269 828 peregisse.

388 841 513 891 Pigb.

444 908 466 958 ξ
498 910 525 946 4
571 906 873 945 Consternatum
903 903 1037 955 etiam,
1073 903 1162 955 ξω]
1198 904 1269 943 De

387 974 527 1008 morte
562 969 632 1008 M.·
649 968 848 1009 Marcelli
867 967 1040 1008 Servius
1059 966 1272 1017 Sulpitius

387 1031 442 1071 ad
489 1029 742 1072 Ciceronem
786 1031 1000 1083 Epistola,
1058 1029 1169 1068 libro
1206 1040 1271 1070 ιν.

385 1093 526 1145 Epist.
558 1094 611 1134 ad
646 1094 863 1134 Familiar.
892 1095 903 1115 ‘
927 1092 993 1132 Ad
1030 1090 1270 1142 decimum,'

384 1156 541 1208 inquit,
571 1158 583 1179 ‘
599 1156 785 1196 Kalend.
821 1156 942 1198 Junii
978 1167 1074 1195 cum
1094 1154 1146 1194 ab
1167 1155 1269 1206 Epi-

385 1221 521 1262 dauro
540 1223 741 1275 Pyraeum
761 1222 859 1261 navi
891 1221 1095 1260 advectus
1119 1231 1271 1271 essem,

382 1285 442 1324 ibi
464 1286 718 1330 Marcellum
736 1285 942 1335 collegam
961 1287 1150 1322 nostrum
1169 1293 1269 1321 con-

386 1348 499 1399 veni,
515 1360 699 1399 eumqne
719 1347 780 1387 ibi
805 1347 918 1386 diem
946 1344 1203 1396 consumpsi,
1220 1349 1270 1385 ut

383 1422 480 1451 cum
501 1423 553 1451 eo
570 1423 737 1451 essem:
767 1415 940 1462 postero
973 1409 1058 1459 die,
1088 1420 1184 1448 cum
1213 1408 1269 1448 ab

384 1485 436 1514 eo
459 1473 675 1525 digressus
705 1485 841 1513 essem
862 1484 914 1513 eo
932 1470 1127 1521 consilio,
1149 1475 1196 1510 ut
1215 1471 1269 1511 ab

383 1535 567 1578 Athenis
588 1538 631 1578 in
651 1537 866 1578 Boeotiam
893 1538 1016 1587 irem,
1043 1535 1270 1588 reliquam·

384 1611 467 1652 qne
485 1601 838 1652 jurisdictionem
865 1599 1147 1649 absolverem,
1177 1597 1268 1649 ille,

382 1663 448 1702 uti
461 1663 620 1714 aiebat,
635 1676 764 1717 supra
778 1663 916 1703 Maias
932 1661 1102 1702 Italiam
1123 1672 1268 1702 versus

382 1727 657 1779 navigaturus
687 1733 798 1768 erat.
856 1724 1072 1767 Postridie
1099 1735 1196 1764 cum
1214 1722 1268 1763 ab

382 1789 566 1831 Athenis
587 1791 800 1844 proficisci
829 1791 871 1830 in
892 1789 1031 1830 animo
1050 1787 1268 1838 haberem,

382 1854 559 1895 circiter
587 1856 732 1894 horam
752 1855 960 1894 decimam
980 1853 1117 1892 noctis
1138 1852 1267 1892 Post-

381 1916 548 1958 humius
575 1916 797 1957 familiaris
828 1929 948 1957 meus
973 1915 1027 1955 ad
1047 1927 1114 1955 me
1134 1915 1270 1967 venit,

357 1985 428 2034 ‚et
446 1981 549 2020 mihi
567 1981 782 2020 nuntiavit
801 1981 865 2021 M.
893 1979 1152 2020 Marcellum
1183 1979 1268 2019 col-

379 2044 520 2096 legam
539 2051 731 2085 nostrum
751 2050 850 2096 post
877 2055 1012 2084 coenae
1039 2048 1209 2094 tempus
1240 2053 1265 2081 a

381 2108 538 2149 Publio
563 2109 713 2161 Magio
740 2108 918 2150 Chilone
945 2106 1146 2146 familiari
1167 2105 1263 2158 ejus

381 2172 569 2224 pugione
597 2184 847 2224 percussum
876 2181 986 2221 esse,
1004 2176 1048 2209 et
1069 2169 1155 2209 duo
1174 2168 1265 2207 vul-

378 2246 484 2275 nera
513 2235 749 2287 accepisse,
781 2246 911 2275 unum
948 2233 993 2273 in
1029 2231 1266 2282 stomacho,

378 2298 563 2338 alterum
590 2299 635 2338 in
667 2299 814 2351 capite
834 2296 1070 2337 secundum
1091 2306 1268 2344 aurem3

379 2372 555 2412 sperare
601 2369 744 2402 tamen
790 2373 886 2401 eum
935 2359 1081 2399 vivere
1122 2370 1264 2410 posse.

378 2423 571 2475 Magium
587 2425 776 2476 seipsum
788 2421 1073 2463 interfecisse.
1103 2421 1267 2461 Postea

377 2498 423 2527 se
440 2500 467 2528 a
485 2489 696 2529 Marcello
715 2487 767 2528 ad
789 2499 858 2528 me
875 2486 1047 2527 missum
1066 2496 1176 2536 esse,
1193 2484 1266 2536 qui

371 2552 472 2593 *haec
488 2553 709 2594 nuntiaret
728 2559 776 2593 et
794 2558 983 2605 rogaret,
1003 2556 1053 2591 ut
1072 2550 1264 2590 medicos

379 2627 593 2668 cogerem.
633 2615 784 2668 Coegi,
797 2621 844 2656 et
862 2627 886 2654 e
906 2614 1086 2666 vestigio
1105 2626 1158 2654 eo
1172 2625 1264 2653 sum

377 2679 614 2732 profectus.
644 2681 902 2721 Primaluce
922 2692 1018 2720 cum
1039 2690 1121 2718 non
1135 2679 1264 2730 longe

378 2755 406 2783 a
425 2743 585 2796 Pyraeo
614 2744 823 2792 abessem,
854 2755 962 2796 puer
988 2742 1162 2782 Acidini
1183 2740 1264 2798 ,⁰b·

377 2806 492 2846 viam
509 2806 612 2847 mihi
626 2807 746 2847 venit
764 2819 862 2847 cum
877 2805 1101 2857 codicillis,
1115 2805 1159 2844 in
1173 2803 1265 2857 qui-

375 2870 456 2911 bus
474 2870 700 2923 scriptum,
718 2871 845 2924 paulo
863 2875 966 2911 ante
992 2869 1131 2909 lucem
1149 2867 1264 2908 diem

379 2947 503 2976 suum
527 2936 701 2977 obiisse.
757 2935 829 2976 Ita
848 2935 914 2975 vir
932 2933 1189 2974 clarissimus
1207 2931 1263 2971 ab

375 2999 549 3040 homine
569 2998 791 3041 teterrimo
819 2999 1097 3040 acerbissima
1124 3002 1262 3037 morte

379 3066 448 3104 est
483 3062 678 3116 affectus,
713 3068 759 3104 et
788 3063 858 3104 cni
888 3061 1048 3102 inimici
1081 3066 1260 3113 propter

377 3127 631 3180 dignitatem
650 3131 956 3180 pepercerant,
974 3127 1173 3166 inventus
1193 3130 1261 3165 est

379 3191 558 3243 amicus,
588 3191 660 3245 qui
678 3190 719 3231 ei
738 3195 919 3230 mortem
939 3186 1140 3229 afferret?
1172 3187 1260 3228 Oli-

377 3267 462 3295 ver.

432 3317 571 3368 Magia·
591 3315 790 3368 Chilonis]
817 3316 889 3357 Ita
913 3315 1053 3367 vulgo.
1106 3315 1260 3356 Cicero

378 3383 431 3421 P.
452 3382 636 3433 Magium
659 3381 858 3421 Chilonem
878 3380 1085 3431 appellat.
1142 3378 1259 3418 Edit.

377 3446 536 3485 Venet.
577 3445 726 3484 Cilonis
766 3443 911 3484 habet.
966 3442 1051 3482 Sed
1090 3442 1258 3481 diversa

379 3514 478 3550 sunt
512 3508 626 3549 Chilo
657 3513 704 3549 et
740 3508 841 3548 Cilo.
882 3507 1059 3548 Festus:
1103 3506 1115 3528 ‘
1138 3505 1257 3546 Chilo

975 282 1151 323 NO'I'AE
1197 284 1471 325 vAffloRU
1483 285 1524 323 M
1567 285 1632 323 IN

1329 401 1489 442 dicitur
1525 408 1807 455 cognomento
1853 414 1878 442 a
1919 399 2206 454 magnitudine

1329 465 1571 506 labrorum:
1603 466 1695 506 Cilo
1717 466 1809 505 sine
1841 465 2117 517 aspiratione,
2135 467 2205 509 cui

1328 527 1446 568 frons
1479 536 1548 568 est
1585 527 1872 569 eminentior.'
1929 529 2044 579 Ergo
2076 528 2206 567 iidem

1330 591 1526 631 Chilones
1545 604 1570 631 a
1591 590 1880 642 Labeonibus‚
1901 590 2006 630 dicti
2034 589 2110 630 ἀπὸ
2137 590 2208 630 τοῦ

1329 654 1496 705 χείλεος.
1551 654 1716 694 Glossae
1736 659 1926 694 veteres:
1953 655 2054 703 Cilo,
2070 651 2206 705 προκέ-

1328 726 1466 770 φαλος.
1495 719 1623 758 Coler.

1375 782 1535 834 ‘Datum
1552 793 1576 819 α
1595 780 1753 819 Coesare
1769 779 1972 831 spiritum]
1993 777 2205 819 Confecto

1331 842 1445 883 bello
1464 843 1596 892 civili,
1627 842 1743 894 quod
1771 842 1885 882 inter
1911 842 2123 882 Caesarem
2144 846 2206 881 at·

1330 918 1413 958 qne
1437 906 1690 958 Pompeium
1711 905 1964 945 suscitatum
1989 909 2098 955 erat,
2116 904 2209 944 (2ae-

1332 981 1412 1020 sar,
1432 982 1574 1010 rerum
1591 970 1769 1022 potituS,
1787 969 1942 1008 multos
1961 968 2040 1007 sibi
2057 966 2207 1007 adver·

1332 1046 1418 1083 sos,
1452 1035 1524 1086 qui
1563 1034 1817 1085 Pompeium
1850 1031 1990 1072 secuti
2021 1030 2211 1081 fuerant,

1330 1098 1373 1136 in
1407 1098 1587 1149 patriam
1623 1098 1831 1146 restituit,
1865 1097 1908 1135 in
1942 1087 2209 1147 gratiamque

1331 1159 1514 1210 recepit,
1541 1160 1653 1199 inter
1671 1171 1778 1211 quos
1797 1165 1844 1199 et
1858 1159 1921 1197 M.
1942 1156 2210 1207 Marcellum,

1331 1232 1410 1272 pro
1428 1234 1511 1274 quo
1525 1222 1707 1261 Senatus
1720 1220 1943 1260 universus
1958 1219 2211 1259 intercesse-

1331 1291 1414 1333 rat,
1434 1285 1701 1336 supplexque
1715 1297 1739 1324 a
1754 1284 1928 1325 Caesare
1946 1282 2146 1335 petierat,
2158 1287 2208 1337 ut

1330 1347 1412 1387 sibi
1444 1347 1510 1387 vir
1542 1353 1687 1388 tantus
1720 1346 2208 1397 condonaretu13quns

1331 1411 1531 1462 precibus
1587 1410 1794 1463 fatigatus
1839 1411 1986 1450 Caesar
2031 1409 2209 1450 senatui

1329 1475 1557 1525 concessit,
1582 1474 1695 1527 quod
1723 1472 1847 1514 fratri
1865 1473 2064 1514 Marcelli
2079 1473 2210 1513 dene·

1330 1544 1524 1590 gaverat.
1555 1538 1666 1578 Nam
1683 1536 1882 1580 Marcelli
1896 1535 2034 1576 frater
2049 1536 2209 1588 saepius

1329 1601 1383 1640 ad
1400 1601 1585 1642 Caesaris
1605 1601 1737 1653 pedes
1756 1599 2019 1653 provolutus,
2044 1598 2208 1650 snppli-

1329 1665 1438 1706 citer
1454 1666 1642 1717 petierat
1657 1677 1682 1704 a
1695 1665 1884 1714 Caesare,
1902 1668 1951 1704 ut
1965 1663 2213 1714 ignosceret

1328 1726 1471 1777 fratri,
1487 1729 1690 1780 illumque
1709 1728 1751 1767 in
1772 1727 1955 1779 gratiam
1975 1725 2207 1778 reciperet.

1328 1792 1454 1834 Quod
1475 1803 1686 1844 nunquam
1717 1803 1742 1831 a
1770 1791 1940 1831 Caesare
1975 1789 2208 1840 impetrare

1328 1861 1546 1906 potuerat.
1585 1855 1805 1896 Restituto
1819 1853 1967 1905 itaque
1980 1851 2209 1901 Marcello,

1329 1917 1491 1957 Caesari
1530 1919 1654 1958 multi
1676 1916 1836 1968 gratias
1858 1919 2058 1966 egerunt,
2091 1913 2207 1954 inter

1328 1993 1433 2034 quos
1453 1981 1623 2032 Cicero,
1643 1980 1716 2034 qui
1733 1979 1967 2020 orationem
1984 1976 2132 2018 habuit
2148 1977 2210 2017 lu·

1326 2043 1677 2084 calentissimam.
1739 2042 1974 2083 Marcellus
2020 2052 2122 2081 vero
2163 2045 2211 2080 et

1325 2106 1420 2158 ipse
1438 2107 1481 2147 in
1501 2106 1684 2159 patriam
1705 2105 1847 2146 redire
1863 2103 2105 2156 recusabat,
2119 2114 2210 2143 ma·
2274 2140 2277 2141 γ

1325 2170 1532 2223 lebatque
1548 2169 1648 2209 exul
1666 2168 1842 2220 ubique,
1859 2179 1987 2220 quam
2006 2167 2048 2206 in
2068 2166 2210 2219 patria

1326 2233 1417 2273 sine
1447 2233 1653 2273 libertate
1682 2233 1843 2272 vivere.
1897 2229 2089 2271 Tandem
2109 2241 2210 2270 con-

1328 2296 1433 2337 siliis
1472 2302 1518 2337 et
1546 2295 1748 2348 precibus
1785 2294 2016 2335 amicorum
2051 2293 2211 2343 victus,
2244 2303 2246 2307 ·

1330 2359 1510 2400 Caesaris
1532 2372 1700 2410 munus,
1732 2357 1846 2411 qnod
1876 2356 1938 2397 illi
1957 2356 2143 2409 amplum
2162 2361 2209 2396 et
2245 2366 2249 2370 ’

1326 2422 1607 2463 honorificum
1642 2420 1870 2472 offerebat,
1906 2426 1958 2460 ut
2001 2419 2210 2459 restitutis

1326 2487 1408 2528 sibi
1441 2487 1637 2529 omnibus
1665 2485 1789 2527 bonis
1824 2485 1911 2525 suis
1946 2485 1989 2525 in
2025 2483 2209 2536 patriam

1327 2564 1424 2593 cnm
1441 2562 1605 2591 summa
1630 2550 1846 2603 dignitate
1877 2548 2056 2601 rediret,
2085 2558 2210 2588 acce-

1325 2616 1407 2669 pit.
1439 2616 1591 2656 Oliver.

1380 2679 1635 2730 Indignatus,
1658 2677 1745 2730 εγω]
1773 2676 1980 2717 Graviter
1997 2679 2043 2716 et
2061 2675 2208 2727 iniquo

1327 2741 1467 2782 animo
1507 2740 1692 2792 ferebat,
1732 2739 1990 2780 Marcellum
2025 2742 2072 2778 et
2099 2737 2206 2777 alios

1324 2804 1480 2845 multos
1498 2816 1524 2844 a
1541 2802 1867 2849 Caesaressfuisse
1886 2803 2129 2852 restitutos,
2163 2813 2209 2841 se

1325 2879 1428 2908 vero
1443 2869 1694 2920 neglectum
1707 2873 1753 2906 et
1769 2865 2132 2918 praetermissnmz
2150 2875 2208 2904 ne

1325 2933 1435 2973 tanti
1454 2932 1640 2972 muneris
1661 2942 1836 2983 compos
1865 2929 1993 2970 fieret
2022 2928 2206 2970 Marcel-

1324 2997 1405 3048 lus,
1422 2996 1464 3035 in
1483 2995 1735 3036 Atheniensi
1748 3000 1872 3047 portu
1886 2993 2005 3034 illum
2019 2991 2207 3045 pugione

1325 3058 1567 3109 transfixit3
1611 3059 1769 3099 deinde
1815 3055 2070 3110 poenitentia
2113 3055 2205 3095 sive

1325 3123 1628 3175 desperatione
1647 3122 1821 3171 ductus,
1838 3125 1914 3160 ant
1942 3118 2088 3159 furore
2105 3129 2208 3158 con-

1325 3189 1500 3233 citatus,
1529 3187 1610 3226 sibi
1629 3186 1713 3238 ipsi
1735 3195 1906 3238 quoque
1934 3187 2114 3222 mortem
2142 3181 2207 3221 in-

1324 3251 1441 3292 tulit.
1472 3251 1598 3290 Idem.

1376 3312 1602 3366 Mitylenis]
1622 3311 1735 3351 Urbs
1754 3309 1886 3350 estin
1907 3307 2062 3359 Lesbo,
2076 3305 2206 3358 juxta

1323 3377 1634 3429 Methymnam.

1375 3440 1552 3480 Publica>
1567 3434 1790 3488 religionis]
1819 3434 1930 3474 Nam
1950 3435 2043 3473 haec
2065 3428 2204 3472 chilo-

1322 3504 1386 3545 nis
1415 3501 1629 3554 impietaS,
1659 3511 1744 3553 qua
1763 3510 1860 3539 usus
1876 3498 2001 3538 estin
2022 3494 2204 3542 Marcel·
