2288 3990
371 287 513 341 1032

371 417 558 458 faciendi
612 418 922 458 consuetudine
980 422 1234 460 servantur!

370 482 541 522 Tacitus
577 482 620 520 in
652 482 876 532 Agricola:
905 482 1142 523 ‘Parvulas
1170 497 1232 524 se-

370 544 464 583 dem
486 557 534 584 ac
550 545 796 596 magistram
819 545 1053 585 studiorum
1083 547 1234 587 habue-

371 613 452 657 rat,
485 609 621 647 locum
657 607 813 647 Graeca
844 608 1045 648 comitate
1074 615 1118 649 et
1138 623 1233 662 pro-

370 670 538 709 vinciali
559 670 816 722 parcimonia
833 671 1034 712 mistum.'
1096 674 1234 715 Miror

943 302 1116 341 No'rAE
1158 303 1488 345 VARIORUM
1531 307 1596 345 IN

1296 422 1411 472 poris
1432 422 1698 465 imitantium.

1347 486 1564 537 Alimenta]
1594 489 1881 528 AEruscatores
1901 490 2027 530 etiam
2050 492 2177 543 aput}⁸

1296 547 1505 587 Romanos
1538 551 1679 601 vetiti,
1709 552 1780 603 qui
1808 551 1974 594 offuciis
1994 555 2166 607 quibus-

1292 607 1392 647 dam
1414 622 1471 649 aes
1489 622 1544 650 ex
1563 613 1690 664 vulgo
1711 616 2008 658 corradebant.

1347 672 1441 712 Sine
1457 675 1743 728 lamentatione,
1754 678 1837 718 sine
1850 680 2024 731 planctu,
2041 682 2169 721 tuctus

366 731 512 783 itaque
543 732 816 772 vehementer
847 733 901 773 de
925 740 1044 775 tanta
1066 742 1233 789 tamque
1284 734 1442 783 funeris
1455 737 1537 788 die]
1565 739 1616 778 In
1636 740 1923 792 Manuscript.
1942 744 2060 794 quasi
2078 751 2167 783 om·

367 802 516 835 sancta
561 796 737 835 civitate
788 797 1023 838 Proverbia
1067 800 1234 841 sublata

1294 798 1418 837 nibus
1451 801 1514 839 sic
1535 800 1716 851 legitur:
1751 803 1835 842 sine
1861 805 2022 855 planctu
2040 807 2166 846 tuctus

367 857 553 899 πλεύσαις
565 857 616 898 εἷς
629 859 862 901 Μασσιλίαν.
914 860 950 900 Α
978 862 1134 903 Plauto
1152 864 1232 902 eti·
1282 862 1439 909 funeris
1482 865 1580 904 dies.
1641 865 1692 904 In
1723 867 1952 917 Campensi
1990 875 2163 910 autem:

366 932 432 960 am
467 926 479 944 ‘
497 923 644 963 Mores
693 924 993 964 Massilienses'
1038 927 1079 964 in
1128 926 1232 977 ipsis

367 983 570 1025 Romanae
589 985 708 1024 urbis'
726 985 906 1026 theatris
925 985 1061 1027 fuere.
1117 988 1230 1030 Quid

365 1046 600 1087 Athenaeus
617 1048 632 1086 ?
688 1052 970 1102 Μασσιλιῶται,
981 1051 1135 1103 inquit,
1150 1053 1231 1099 ἐθη-

366 1107 573 1160 λύνθησαν,
601 1110 638 1149 οἱ
657 1110 726 1151 τὸν
743 1112 860 1151 αὐτὸν
887 1115 970 1154 τοῖς
990 1113 1139 1166 Ἴβερσι
1164 1118 1233 1163 τῆς

366 1172 526 1220 ἐσθῆτος
553 1175 759 1225 φοροῦντες
784 1174 940 1224 κόσμον·
969 1178 1232 1228 ἀσχημονοῦσι

362 1234 440 1287 ’γὰρ
452 1237 514 1276 διὰ
530 1237 602 1284 τὴν
618 1238 659 1277 ἐν
675 1241 819 1289 ψυχαῖς
835 1240 1045 1292 μαλακίαν,
1065 1242 1123 1281 διὰ
1145 1258 1230 1293 τρυ-

364 1297 442 1347 φὴν
450 1303 828 1348 γυναικοπαθοῦντες.
857 1304 983 1343 Coler.

417 1363 467 1401 In
482 1364 653 1414 scenam]
673 1366 741 1404 Ne
758 1378 856 1404 vero
875 1366 1044 1416 probati
1063 1366 1230 1406 illorum

362 1436 499 1464 mores
510 1425 847 1477 inquinarentur,
860 1440 1118 1478 prospexere
1129 1442 1230 1481 quo-

361 1498 442 1539 que
478 1487 758 1528 cordatissimi
800 1492 1011 1531 mortales.
1074 1492 1230 1543 Itaque

361 1552 608 1592 comoediam
644 1565 872 1607 omnesque
904 1556 1012 1596 adeo
1039 1557 1231 1598 scenicos

363 1614 482 1654 ludos
508 1615 689 1666 Republ.
715 1629 791 1656 sua
810 1616 1044 1669 ejecerunt.
1100 1621 1231 1661 Vide-

362 1676 469 1717 bant
505 1678 631 1729 enim,
668 1691 761 1719 eam
798 1693 893 1720 esse
924 1683 1113 1723 lasciviae
1144 1696 1232 1724 ma-

362 1746 487 1790 trem,
507 1741 705 1793 nequitiae
735 1745 996 1795 magistram,
1028 1747 1231 1786 omnium-

364 1815 446 1855 que
480 1805 684 1845 malarum
731 1807 884 1846 artium
925 1807 1230 1852 administram.

363 1865 450 1905 Ubi
477 1866 570 1919 quis
597 1869 806 1909 assuescit
821 1870 1042 1910 audiendis
1061 1872 1233 1913 sceleri-

362 1928 453 1979 bus,
484 1930 713 1970 sceleratus
747 1933 920 1972 tandem
941 1934 1101 1976 evadit.
1157 1936 1234 1976 Fa·

361 1992 516 2031 cillime
535 1993 578 2032 in
598 1995 837 2035 mortalium
858 1997 1019 2038 animos
1037 1998 1234 2051 irrepunt

362 2055 482 2106 vitia,
497 2056 627 2097 etiam
645 2069 697 2097 ea
714 2071 811 2111 quae
826 2060 919 2111 quis
936 2065 1061 2101 antea
1073 2061 1234 2102 derise-

363 2118 435 2158 rit.
502 2119 615 2161 Quia
650 2122 763 2161 enim
803 2133 947 2162 eorum
979 2124 1120 2175 imago
1158 2125 1233 2165 diu

361 2183 495 2222 menti
524 2184 721 2236 inhaeret,
742 2186 914 2226 tandem
934 2187 1069 2239 ipsam
1087 2200 1232 2230 arcem

363 2246 536 2286 rationis
565 2246 765 2300 offuscat,
793 2250 977 2303 denique
1004 2251 1134 2292 etiam
1164 2264 1231 2292 su-

362 2315 501 2360 perat.
554 2311 747 2352 Maxima
765 2313 932 2365 quidem
951 2314 1065 2366 apud
1080 2316 1232 2356 Roma-

360 2385 436 2412 nos
457 2373 720 2428 Graecosque
751 2377 914 2418 illorum
939 2376 1021 2418 fuit
1038 2378 1232 2431 licentia,

362 2436 508 2476 Romae
530 2442 672 2477 tamen
692 2439 821 2479 etiam
851 2446 1020 2481 actores
1053 2440 1232 2482 infames

360 2497 529 2538 habitos
547 2506 732 2542 constat.
786 2503 949 2555 Utique
972 2503 1233 2554 Augustinus

361 2559 418 2599 de
438 2560 568 2602 Civit.
591 2563 673 2602 Dei
692 2564 768 2605 lib.
797 2576 849 2604 11.
883 2577 980 2617 cap.
1003 2569 1066 2607 13.
1096 2572 1233 2606 artem

361 2622 569 2663 ludicram
605 2627 904 2679 scenicamque
949 2640 1031 2667 non
1066 2633 1233 2668 tantum

364 2685 523 2736 probro
553 2687 741 2728 habitam
770 2688 909 2735 docet,
945 2689 1020 2728 sed
1040 2702 1172 2742 genus
1191 2691 1233 2730 id

362 2749 578 2789 hominum
607 2762 690 2790 non
716 2752 844 2791 modo
866 2753 1019 2792 civium
1039 2765 1234 2804 numero,

364 2813 438 2852 sed
459 2817 506 2852 et
530 2813 644 2853 tribu
662 2821 801 2855 motos
822 2827 846 2854 a
872 2816 1134 2858 Censoribus
1150 2822 1234 2857 tra·

364 2874 490 2916 didit.
543 2875 748 2917 Profecto
779 2878 1007 2917 histriones
1039 2879 1234 2929 perditis-

364 2938 482 2979 simis
515 2938 645 2979 fuisse
692 2940 877 2980 moribus
913 2941 1235 2994 deplorataeque

365 3002 570 3055 nequitiae
616 3015 792 3042 necesse
837 3008 920 3054 est,
961 3014 1057 3042 cum
1103 3003 1146 3042 in
1184 3015 1237 3042 ea

364 3067 539 3108 civitate
557 3079 635 3118 pro
664 3066 826 3106 civibus
852 3077 937 3105 uon
962 3065 1235 3117 haberentur,

365 3131 487 3182 cujus
529 3135 616 3170 tam
661 3130 794 3169 multa
845 3129 974 3168 millia
1022 3127 1235 3168 hominum

366 3193 669 3246 flagitiosorum
696 3193 814 3233 cives
843 3197 980 3232 erant.
1033 3192 1172 3232 Etiam
1193 3193 1235 3231 in

366 3257 471 3298 Jure
491 3258 607 3296 civili
624 3268 839 3309 expressae
871 3256 926 3295 de
953 3254 1127 3296 infamia
1147 3268 1234 3296 sce-

365 3321 556 3361 nicorum
577 3322 692 3373 leges
709 3321 753 3361 in
769 3321 838 3362 tit.
853 3318 898 3360 ff.
918 3320 969 3360 de
981 3319 1045 3360 his
1059 3321 1131 3373 qui
1146 3327 1235 3360 not.

367 3383 513 3423 infam.
544 3384 722 3436 Thysius.

422 3447 614 3498 Quorum]
635 3447 809 3487 Scilicet
820 3447 1056 3496 mimorum,
1068 3445 1147 3484 hoc
1155 3451 1238 3490 est,

368 3510 613 3550 histrionum
633 3522 770 3550 mores
784 3509 995 3550 hominum
1013 3515 1135 3560 gestu
1149 3519 1238 3547 cor·

1293 926 1417 966 luctus
1433 939 1478 966 ac
1486 927 1645 976 funeris
1661 929 1757 968 dies.
1800 930 1908 971 Quae
1930 931 2166 972 tolerabilis

1294 995 1359 1028 est
1379 990 1534 1039 lectio;
1555 997 1745 1031 attamen
1766 991 1944 1043 praefero
1960 993 2165 1034 Cauchiu-

1293 1062 1417 1091 nam:
1456 1054 1538 1093 sine
1565 1055 1724 1105 planctu
1750 1055 1876 1094 luctus
1896 1055 2058 1102 funeris
2085 1058 2166 1098 die.

1294 1113 1419 1164 Pigh.

1346 1176 1439 1217 Sine
1452 1179 1612 1229 planctu
1627 1180 1763 1229 luctus,
1765 1179 1927 1228 funeris
1943 1181 2025 1232 die]
2054 1182 2166 1222 Con-

1292 1237 1388 1279 fusa
1424 1241 1577 1280 leviter
1607 1248 1653 1281 et
1685 1243 1844 1282 leniter
1877 1242 2052 1283 ordino:
2082 1244 2167 1291 sine

1290 1301 1460 1352 planctu,
1495 1304 1636 1354 luctus,
1661 1304 1822 1352 funeris
1855 1306 1932 1355 die,
1960 1307 2167 1346 domestico

1290 1364 1497 1416 sacrificio,
1521 1365 1743 1417 adjectoque
1760 1368 2060 1407 necessariorum
2075 1381 2167 1408 con-

1291 1425 1565 1479 viviofinitur.
1620 1428 1729 1467 Haec
1746 1439 1882 1479 mens,
1907 1429 2065 1471 luctum
2079 1442 2168 1470 non

1293 1489 1488 1541 produci,
1518 1489 1592 1529 sed
1629 1489 1742 1529 finiri
1774 1491 1867 1543 ipso
1894 1491 1967 1531 illo
1994 1490 2167 1534 funebri

1294 1551 1380 1591 die.
1410 1553 1584 1604 Lipsius.

1355 1614 1551 1654 Venenum
1567 1615 1695 1655 cicuta
1713 1617 1986 1668 temperatum]
2015 1617 2170 1659 Cicuta

1295 1690 1509 1720 venenosa
1540 1681 1672 1720 herba
1697 1687 1779 1732 est,
1803 1686 1911 1721 teste
1927 1683 2041 1723 Plin.
2063 1683 2168 1726 Nat.

1295 1741 1412 1781 Hist.
1440 1743 1516 1784 lib.
1554 1755 1662 1784 XXV.
1694 1743 1850 1785 ‘Quod
1885 1744 2068 1796 Cicuta,'
2103 1747 2168 1786 in-

1295 1806 1403 1857 quit,
1433 1806 1629 1859 ‘quoque
1665 1818 1868 1846 venenum
1899 1811 1968 1847 est
1991 1807 2168 1860 publica

1294 1867 1615 1908 Atheniensium
1637 1869 1938 1920 poenainvisa:
1959 1870 2012 1909 ad
2032 1872 2168 1911 multa

1294 1944 1393 1971 usus
1431 1945 1516 1972 non
1562 1932 1804 1981 omittendi,
1849 1945 1992 1973 semen
2036 1933 2178 1975 hahet·

1294 1996 1495 2047 noxium,'
1515 1999 1596 2036 ὅτε.

1348 2059 1569 2110 Sea-centis]
1618 2059 1697 2099 Usi
1730 2058 1850 2100 fuere
1882 2059 2168 2102 Massilienses

1297 2122 1484 2174 Republ.
1520 2122 1848 2173 Aristocratica,
1882 2135 2006 2174 quiam
2038 2123 2170 2175 opti-

1294 2190 1455 2225 matum
1477 2185 1620 2224 Latini
1637 2185 1799 2236 dicunt,
1813 2184 1984 2235 optimis
2005 2185 2170 2236 legibus

1294 2247 1528 2300 descripta,
1545 2248 1588 2287 in
1609 2259 1693 2299 quo
1720 2247 1944 2287 concilium
1958 2245 2170 2299 (συνέδριον

1292 2310 1450 2351 Strabo
1477 2310 1715 2362 nuncupat)
1745 2316 1839 2350 erat
1868 2310 2052 2350 virorum
2069 2314 2168 2351 600.

1295 2374 1367 2426 qui
1405 2373 1604 2427 quamdiu
1633 2374 1675 2412 in
1705 2372 1808 2421 vita,
1837 2372 1994 2411 tamdiu
2022 2372 2068 2412 in
2094 2372 2168 2412 ho-

1293 2448 1399 2476 nore
1411 2436 1658 2476 manebant.
1712 2435 1804 2474 Hos
1818 2432 2030 2485 Τιμούχους
2041 2446 2169 2475 voca-⁴-

1297 2498 1414 2538 bant.
1469 2498 1665 2538 Concilio
1702 2497 1798 2536 huic
1837 2503 2052 2548 praeerant
2088 2498 2169 2538 viri

1295 2559 1537 2611 quindecim
1557 2571 1736 2610 quorum
1761 2570 1909 2598 munus
1927 2565 2022 2598 erat
2041 2570 2170 2610 nego·

1297 2622 1364 2661 cia
1393 2621 1519 2661 obvia
1544 2626 1590 2660 et
1617 2620 2169 2672 minoris'momentiexp‘e-

1297 2684 1392 2724 dire
1410 2698 1420 2724 ε
1441 2685 1565 2724 ethis
1584 2695 1749 2722 rursum
1767 2683 2056 2734 praesidebant
2065 2689 2172 2741 tres,

1295 2749 1370 2801 qui
1390 2749 1611 2800 plurimum
1633 2751 1847 2799 poterant.
1903 2747 1955 2786 In
1975 2746 2170 2788 ordinem

1295 2811 1589 2850 Timuchorum
1623 2821 1747 2849 nemo
1782 2809 2062 2861 allegebatur,
2099 2811 2171 2850 cui

1299 2875 1418 2914 liberi
1434 2886 1514 2912 non
1533 2878 1696 2918 essent,
1710 2871 1883 2923 cujusve
1899 2878 2040 2923 pater,
2053 2884 2174 2922 avus,

1300 2949 1483 2989 proavus
1502 2936 1617 2975 cives
1637 2946 1718 2973 nou
1735 2933 1927 2974 fuissent.
1984 2934 2172 2986 Legibus

1300 2999 1502 3038 vivebant
1522 2997 1693 3042 Ionicis,
1712 2996 1825 3036 unde
1844 2996 2012 3036 oriundi
2029 3002 2173 3049 erant,

1300 3063 1344 3102 in
1367 3062 1538 3113 publico
1565 3059 1816 3111 propositis,
1844 3065 1893 3098 ut
1919 3060 2174 3111 cognitioni·

1300 3125 1377 3164 bus
1395 3123 1580 3164 omnium
1599 3126 1812 3174 paterent.
1869 3121 1982 3162 Vide
2001 3121 2172 3163 Strabo-

1299 3198 1411 3227 neni.

1353 3251 1375 3302 ᾧ
1404 3254 1429 3290 8
1460 3250 1573 3295 Quod
1604 3248 1714 3287 illam
1741 3246 1860 3286 etiam
1882 3245 1926 3285 in
1948 3247 2075 3286 insula
2094 3247 2174 3287 Ceo

1299 3314 1447 3354 servari
1465 3308 1743 3359 animadverti]
1791 3308 1944 3359 Vulgo,
1965 3308 2086 3349 Caro.
2119 3309 2174 3349 In

1301 3380 1409 3419 Mss.
1430 3373 1762 3417 correctioribus
1797 3372 1897 3411 Coeo
1928 3372 1992 3411 vel
2018 3372 2097 3412 Ceo
2115 3372 2176 3412 le-

1303 3443 1433 3494 gitur,
1450 3440 1491 3480 in
1507 3438 1598 3478 aliis
1617 3436 1718 3475 Chio
1734 3433 1802 3473 vel
1819 3434 1912 3474 Coo.
1968 3433 2175 3474 Diversus

1304 3510 1446 3544 autem
1475 3501 1629 3545 insulas
1661 3508 1754 3538 esse
1783 3497 1898 3545 Ceos,
1932 3496 2002 3535 vel
2039 3495 2176 3547 Caeco,
