2346 3996
366 307 509 362 1228

367 441 451 480 lem
470 451 541 480 1¹1.
571 439 643 493 qui
663 438 920 479 rebellantes
941 443 1044 478 tunc
1065 438 1241 478 Latinos

363 504 522 556 insigni
538 504 702 556 proelio,
713 503 936 554 eollegaP.
949 502 1090 543 Decio
1106 507 1244 542 semet

366 568 624 619 devovente,
663 566 870 607 contudit.
951 565 1119 606 Saeculo
1157 578 1243 605 am-

368 632 478 683 plius
506 631 661 670 deinde
686 635 838 682 postea
862 635 960 682 post
977 630 1243 670 Cannensem

368 694 537 734 cladem
568 693 682 733 idem
737 693 828 733 ausi
874 699 975 733 sunt
1026 695 1244 746 postulare

369 757 592 809 Campani,
633 767 728 796 cum
775 756 830 797 ad
879 757 1134 798 Annibalem
1171 757 1244 798 de-

368 819 499 860 ficere
545 820 719 872 vellent,
760 827 810 861 ut
845 821 960 861 idem
1009 821 1154 862 Livius
1189 833 1245 860 ex

367 883 615 936 quibusdam
637 884 855 924 annalibus
875 883 1025 936 refert,
1050 896 1133 924 non
1167 896 1246 936 per

368 946 556 987 Annium
588 947 667 987 sed
700 959 779 1000 per
816 948 980 999 legatos
1028 960 1146 1000 suos;
1176 960 1246 988 eo-

370 1012 556 1064 demque
576 1022 685 1051 anno
707 1024 732 1051 a
751 1012 825 1064 Sp.
848 1011 1033 1052 Carvilio
1053 1011 1108 1052 de
1127 1011 1247 1052 Lati-

367 1086 538 1126 norum,
569 1087 654 1115 non
683 1075 1015 1127 Campanorum,
1042 1075 1247 1127 principi-

367 1138 448 1177 bus
475 1139 518 1177 in
546 1139 753 1179 Senatum
777 1138 1036 1191 recipiendis
1066 1139 1247 1179 relatum

368 1199 518 1251 fuisse,
547 1202 747 1254 illamque
783 1211 880 1242 cum
917 1202 1164 1243 relationem
1193 1215 1247 1242 ae-

369 1265 551 1316 gerrime
588 1265 778 1306 auditam
832 1279 857 1305 a
899 1265 1110 1318 patribus,
1157 1271 1249 1305 tum

370 1329 641 1370 acerbissime
677 1342 702 1369 a
737 1331 785 1371 T.
820 1331 987 1370 Manlio
1029 1331 1250 1382 Torquato

370 1392 598 1442 consulari,
626 1394 772 1445 stirpis
791 1394 885 1446 ejus
906 1394 1012 1447 viro,
1041 1394 1113 1447 qui
1134 1393 1251 1434 Lati-

371 1467 448 1496 nos
473 1455 574 1495 oiim
606 1457 842 1509 repulerat,
867 1455 994 1497 fuisse
1028 1457 1252 1509 rejectam.

370 1517 434 1559 At
448 1524 593 1560 noster
609 1520 680 1561 hie
702 1520 902 1561 Valerius
922 1519 1109 1561 Annium
1133 1520 1252 1561 illum

372 1583 638 1635 Campanum
656 1583 778 1636 facit,
799 1597 850 1625 ae
867 1585 915 1624 T.
930 1583 1141 1624 Manlium
1159 1583 1252 1635 ejus

373 1647 677 1700 adversarium,
703 1649 915 1702 Torquati
947 1649 1062 1688 illius
1080 1648 1151 1701 qui
1173 1649 1253 1688 Im-

373 1712 483 1752 tiuos
514 1717 616 1752 ante
648 1713 863 1765 rejecerat
893 1711 1043 1764 filium,
1069 1725 1164 1753 cum
1199 1724 1253 1753 ne

373 1788 509 1828 nepos
544 1776 717 1829 quidem
754 1777 860 1830 ejus,
899 1777 1044 1830 spacio
1081 1782 1254 1817 centum

373 1839 525 1892 viginti
546 1840 728 1892 amplius
755 1852 961 1881 annorum
981 1840 1255 1892 interposito,

373 1914 469 1943 esse
489 1904 693 1955 potuerit.
748 1904 834 1945 Sed
859 1905 902 1944 hi
922 1905 1168 1957 similesque
1188 1916 1256 1944 er-

374 1974 493 2007 rores
526 1967 752 2008 sciolorum
786 1969 1065 2021 proculdubio
1087 1968 1256 2008 temeri-

373 2029 456 2071 tati
483 2036 581 2071 sunt
613 2031 902 2084 adscribendi,
931 2033 1004 2085 qui
1024 2032 1094 2072 vel
1112 2042 1256 2072 exem-

377 2094 448 2146 pla
465 2095 576 2134 male
606 2096 813 2147 exemplis
843 2093 1155 2147 connectendo,
1183 2106 1256 2134 an·

373 2158 670 2198 notationesve
682 2158 803 2212 operi
813 2157 1037 2198 inserendo
1050 2170 1256 2212 perquam

373 2223 561 2275 turpiter
579 2222 876 2264 deformarent
895 2224 1007 2263 hunc
1025 2229 1259 2274 auctorem,

373 2292 424 2327 ut
459 2288 530 2328 vix
567 2288 631 2327 sui
667 2287 814 2327 similis
851 2287 1061 2328 videatur.
1123 2286 1258 2340 Atqui

374 2352 475 2392 huic
511 2353 605 2393 loeo
642 2352 702 2391 nil
737 2351 830 2392 fere
869 2350 1017 2391 indicii
1053 2350 1259 2390 remansit

376 2428 492 2456 verae
510 2414 723 2467 lectionis,
752 2421 1040 2467 praeterquam
1070 2414 1114 2459 in
1134 2414 1257 2454 Cam-

378 2480 501 2532 pensi
533 2478 699 2530 codice,
729 2477 922 2532 quamvis
940 2477 1011 2518 hic
1031 2477 1260 2518 admodum

379 2544 631 2595 depravato,
659 2542 731 2596 qui
749 2543 838 2582 ita:
866 2541 1040 2582 Aternius
1056 2542 1123 2583 ille
1145 2543 1261 2583 Cam-

375 2609 492 2662 panis
511 2609 646 2661 etiam,
679 2610 747 2660 ὅγε.
803 2607 920 2650 Quid
940 2607 975 2648 si
994 2608 1126 2660 igitur
1143 2609 1260 2661 lega-

380 2684 473 2713 mus
506 2673 589 2713 hoc
625 2672 782 2713 modo?
856 2672 911 2712 Ut
954 2670 1111 2712 Annius
1156 2671 1265 2725 olim,

383 2736 576 2789 Campani
590 2735 710 2777 etiam
727 2736 917 2777 consulem
930 2735 1100 2775 alter-um
1117 2736 1265 2787 Capua

381 2802 509 2842 creari
526 2800 663 2842 debere
677 2799 964 2841 asseverabant.
1018 2798 1176 2839 Facilis
1197 2810 1267 2838 au-

383 2871 473 2907 tem
511 2866 655 2917 lapsus
705 2873 801 2905 esse
846 2861 989 2915 potuit
1023 2861 1138 2902 inter
1173 2861 1267 2903 haec

385 2929 548 2970 verba:
584 2929 640 2968 Ut
657 2927 824 2978 Annius,
839 2925 1038 2974 Amnius,-
1065 2925 1171 2975 olim,
1186 2925 1267 2967 ille.

387 2992 530 3043 Igitur
561 2990 736 3031 veritati
783 2992 915 3042 atque
945 2988 1129 3028 historias
1160 2988 1268 3029 hane

385 3055 616 3097 lectionem
644 3058 763 3095 recte
782 3057 1088 3103 congruentem
1120 3053 1271 3092 admit·

389 3125 485 3160 tere
515 3119 650 3160 visum
683 3117 784 3169 fuit,
811 3116 950 3157 donec
971 3117 1134 3158 certius
1167 3115 1268 3170 quid

391 3183 650 3236 reperiatur,
679 3180 806 3232 Pigh.

448 3247 554 3288 Tunc
589 3245 769 3287 Manlius
803 3244 1018 3296 Torquatus
1038 3243 1156 3296 filius
1191 3242 1274 3292 &us

390 3312 458 3365 qui
491 3311 657 3352 Latinos
691 3310 743 3350 ad
780 3307 968 3359 Veserim]
1012 3307 1084 3348 Ita
1131 3308 1272 3359 vulgo.

391 3376 593 3418 Diximus
631 3367 834 3426 temporis
871 3371 1066 3424 spacium
1102 3380 1276 3423 prorsus

393 3439 630 3490 adversari,
658 3442 709 3478 ut
740 3436 834 3489 ejus
853 3434 1072 3488 potuisset
1103 3444 1198 3474 esse
1228 3433 1277 3473 fi-

393 3505 491 3554 lius,
511 3512 604 3544 eum
625 3502 681 3542 ab
699 3501 770 3541 illo
785 3498 952 3540 Manlio
973 3498 1027 3538 ad
1047 3498 1159 3538 hune
1179 3508 1278 3538 cen·

400 3573 491 3608 tum
511 3566 664 3620 viginti
678 3564 859 3617 amplius
873 3558 1151 3603 numerentur
1164 3559 1279 3601 anni.

936 321 1114 360 No'rAE
1156 322 1485 363 VARIORUM
1529 326 1593 365 IN

1304 440 1553 492 Legendum
1587 443 1716 495 igitur
1746 444 1912 496 opinor,
1942 444 2023 484 nisi
2053 446 2179 498 plane

1305 501 1383 542 hoc
1404 504 1498 544 loco
1517 506 1737 546 Valerium
1756 508 2009 548 dormitasse
2035 508 2180 550 dicere

1307 565 1511 606 velimus:
1563 569 1670 608 Tunc
1728 570 1905 610 Manlius
1953 572 2184 624 Torquatus,

1306 629 1445 679 stirpis
1488 629 1572 678 ejus
1618 633 1686 683 qui
1741 633 1920 684 Latinos,
1966 638 2033 687 ξε.
2107 635 2181 676 Sic

1308 691 1420 730 enim
1441 692 1610 734 Livius:
1638 695 1650 716 ‘
1679 696 1736 735 Et
1755 697 1975 749 praecipue
1995 699 2183 740 Manlius

1308 766 1400 795 esse
1432 756 1560 797 etiam
1595 771 1705 799 nunc
1734 760 1824 811 ejus
1861 761 2008 813 stirpis
2046 763 2211 804 virum-

1309 817 1488 870 diceret,
1505 828 1556 858 e‘x
1578 833 1659 873 qua
1679 822 1891 873 quondam
1909 824 1952 863 in
1973 825 2185 876 Capitolio

1308 883 1453 922 consul
1476 884 1658 925 minatus
1690 892 1818 937 esset,
1837 894 1961 939 quem
1983 888 2184 928 Latinum

1308 946 1352 985 in
1371 947 1500 987 'Curia
1522 948 1712 1000 vidisset,
1741 962 1837 990 eum
1870 962 1948 991 sua
1979 961 2107 992 manu
2139 965 2187 993 se

1308 1008 1667 1051 interfecturum!
1707 1012 1863 1054 Adfuit
1883 1014 2038 1055 deinde
2053 1022 2189 1065 Ὺλυσ*

1311 1073 1510 1127 σογρώφος
1537 1077 1688 1129 aliquis
1720 1078 1904 1130 ineptus,
1935 1080 2006 1132 qui
2040 1087 2188 1121 verena

1310 1140 1446 1192 stirpis
1477 1142 1544 1181 vel
1572 1142 1717 1193 stirpes
1745 1143 1787 1182 in
1821 1143 1959 1195 primo
1986 1152 2090 1184 easu
2121 1152 2211 1184 ων

1311 1212 1446 1253 mens,
1474 1209 1523 1244 ut
1554 1204 1728 1245 Servius
1763 1209 1810 1245 et
1841 1206 2064 1258 Sosipater
2098 1206 2193 1246 fieri

1313 1275 1438 1317 posse
1455 1267 1617 1313 volunt,
1635 1267 1768 1306 filium
1781 1266 2089 1320 interpretatus
2107 1274 2192 1319 est,

1313 1340 1407 1380 quae
1429 1329 1572 1380 glossa
1590 1329 1746 1370 deinde
1778 1331 1820 1370 in
1849 1327 1986 1383 ipsum
2007 1339 2115 1384 opus
2136 1327 2190 1372 ir·

1314 1393 1452 1445 repsit
1488 1392 1759 1434 librariorum
1798 1395 1943 1446 culpa,
1966 1395 2042 1448 qui
2074 1401 2192 1446 saepe

1315 1457 1454 1497 minus
1479 1457 1654 1498 obscura
1676 1456 1850 1509 rejectis
1881 1457 2036 1511 ignotis
2054 1459 2194 1499 soient

1315 1521 1592 1561 substituere.
1619 1521 1747 1571 Pigra.

1376 1584 1568 1636 Veserim]
1599 1582 1773 1625 Scilicet
1791 1582 1979 1625 fluvium.

1369 1647 1417 1688 Sa·
1436 1650 1522 1701 quis
1545 1647 1752 1699 sociorum]
1779 1647 1864 1688 Sed
1885 1647 2067 1699 amplius
2087 1647 2195 1690 'dicit

1316 1711 1487 1760 Livius3
1517 1710 1577 1750 ait
1596 1709 1724 1761 enim,
1752 1710 1841 1751 sive
1856 1710 2086 1758 Romanus,
2103 1706 2194 1752 sive

1317 1773 1567 1827 peregrinus
1586 1771 1734 1813 fuerit.

1374 1838 1551 1890 Namque
1581 1842 1626 1877 ut
1654 1837 1784 1888 patris
1810 1838 1948 1890 armis,
1977 1837 2037 1878 ita
2067 1836 2195 1878 verbis

1307 1901 1395 1954 filii
1404 1900 1541 1951 fractu
1558 1899 1692 1951 cessit]
1712 1899 1781 1940 Ita
1799 1901 1939 1953 vulgo.
1992 1901 2198 1953 Superior

1318 1966 1391 2006 ille
1407 1966 1550 2017 lapsus
1570 1970 1618 2004 ut
1637 1970 1933 2016 excusaretur,
1943 1964 2072 2005 alium
2086 1965 2197 2006 hunc

1320 2040 1509 2070 errorem
1528 2027 1712 2080 induxit,
1736 2028 1854 2080 cujus
1873 2033 1919 2069 et
1937 2029 2064 2069 aliam
2093 2041 2198 2082 quo-

1322 2104 1405 2147 que
1433 2100 1602 2134 causam
1637 2092 1820 2132 arbitror
1847 2090 2200 2143 fuissecompem
2257 2095 2261 2097 ’

1321 2157 1483 2196 diosam
1496 2157 1609 2195 illam
1624 2154 1840 2195 scribendi
1850 2152 2073 2194 formulam
2081 2154 2133 2194 P.
2143 2153 2198 2194 R.

1322 2220 1364 2260 in
1378 2218 1596 2259 veteribus
1608 2218 1728 2258 libris
1743 2216 1994 2270 frequenter
2013 2216 2200 2266 obviam,

1322 2284 1365 2323 in
1384 2295 1469 2336 qua
1487 2280 1817 2334 interpretanda
1834 2279 2031 2320 librarios
2052 2277 2201 2319 fredis·-

1324 2347 1428 2387 sime
1447 2347 1591 2399 lapsos
1611 2356 1729 2397 saepe
1746 2343 1999 2396 reperimus,
2024 2353 2110 2382 non
2126 2342 2201 2382 ha-

1322 2411 1430 2462 bita,
1441 2411 1553 2464 quod
1574 2408 1819 2462 oportebat,
1831 2407 1960 2447 totius
1978 2405 2203 2446 sententias

1324 2475 1505 2527 ratione,
1525 2479 1574 2514 ut
1593 2481 1820 2526 perperam
1849 2469 2076 2524 aliquando
2105 2478 2203 2511 cum

1325 2537 1472 2590 populi
1489 2536 1670 2577 Romani
1688 2540 1755 2575 est
1772 2538 1891 2584 nota,
1918 2533 2114 2586 praetoris
2138 2532 2206 2573 vei

1327 2602 1464 2655 patris
1485 2611 1578 2640 esse
1596 2598 1901 2649 existimarint,
1926 2601 2058 2649 atque
2075 2596 2204 2636 etiam

1328 2662 1591 2716 scripserint.
1632 2661 1759 2704 Quod
1780 2660 1894 2700 idem
1912 2659 1980 2699 hic
1997 2659 2207 2699 accidisse

1328 2730 1537 2782 suspicor,
1554 2739 1650 2769 cum
1669 2727 1711 2767 in
1733 2726 1920 2778 antiquis
1938 2725 2056 2765 libris
2075 2724 2208 2777 scrip—

1326 2801 1415 2836 tum
1445 2793 1580 2834 fuisse
1610 2797 1759 2844 putem
1784 2791 1875 2844 jam
1906 2790 2027 2831 dicta
2047 2789 2206 2830 verba:

1328 2859 1510 2911 Namque
1527 2860 1574 2897 ut
1606 2858 1657 2897 P.
1682 2857 1735 2896 R.
1769 2854 1810 2895 id
1842 2860 1929 2906 est,
1961 2861 2066 2907 pop.
2086 2854 2209 2894 Rom.

1328 2923 1465 2974 armis,
1500 2922 1560 2961 ita
1594 2920 1718 2961 verbis
1757 2918 1864 2959 illius
1897 2917 2036 2968 fructa
2071 2917 2204 2957 cessit.

1330 2987 1440 3029 Quae
1474 2982 1801 3038 glossographus
1832 2980 1997 3021 duobus
2031 2979 2208 3020 Manliis
2263 2990 2266 2993 ’

1336 3050 1447 3102 patri
1468 3048 1538 3102 (ut
1557 3044 1760 3100 putabat)
1789 3049 1835 3085 et
1860 3043 1948 3085 filio
1973 3053 2210 3086 accommo-

1333 3114 1436 3153 dare
1465 3111 1657 3164 cupiens,
1686 3110 1749 3149 ita
1778 3108 2086 3160 interpretatus
2116 3110 2210 3145 est:

1334 3178 1531 3230 Namque
1547 3180 1596 3215 ut
1610 3173 1664 3212 P.
1677 3174 1728 3213 R.
1743 3171 1786 3212 id
1802 3175 1885 3218 est,
1897 3169 2051 3222 patris,
2068 3168 2212 3217 armis,

1333 3239 1396 3281 ita
1429 3238 1571 3280 verbis
1605 3236 1734 3284 iilius,
1762 3233 1806 3273 id
1841 3236 1924 3278 est,
1950 3230 2043 3282 filii,
2071 3228 2214 3271 fracta

1337 3305 1480 3346 cessit.
1534 3303 1592 3342 Et
1621 3301 1662 3340 in
1692 3296 1918 3349 Campensi
1950 3294 2123 3348 quidem
2141 3306 2215 3334 ex-

1338 3365 1532 3420 emplari,
1550 3374 1678 3414 supra
1697 3371 1842 3400 vocem
1858 3357 1946 3410 filis·
1964 3361 2216 3398 annotatum

1339 3435 1462 3472 extat
1479 3428 1601 3468 illius.
1630 3423 1823 3476 Pighius.

1394 3493 1481 3533 Par
1499 3491 1605 3531 illius
1620 3499 1766 3540 quoque
1778 3485 1926 3526 Manlii
1941 3484 2138 3536 gravitas,
2153 3483 2218 3524 cui

1341 3567 1426 3597 cum
1445 3554 1663 3596 consulatus
1680 3549 1849 3591 omnium
1873 3556 2056 3612 consequi
2089 3547 2217 3598 deser»
