2346 3996
531 289 791 329 VALERH
834 286 1072 326 MAXIM!

174 410 317 462 pulus,
350 415 396 451 et
431 408 601 450 luxuria
646 407 856 460 perditus,
899 417 1057 457 magna

179 486 286 515 voce
321 472 615 522 succlamavit,
651 478 700 511 ut
737 483 789 511 ea
822 469 961 521 pretio
993 466 1055 507 fa-

175 535 331 576 cienda
367 537 546 576 locaret.
616 535 712 576 Qua
756 544 863 573 voce
910 531 1055 584 potuit

173 598 410 640 Archelaus
430 597 558 639 facile
574 596 832 649 intelligere,
846 594 946 648 quid
958 606 1054 635 cum

174 661 252 703 tali
271 662 464 703 exercitu
483 661 563 702 sibi
589 661 643 701 de
673 659 852 701 victoria
880 669 1053 710 speran-

173 725 273 767 dum
298 732 429 778 esset,
457 737 512 766 ex
545 738 628 779 quo
656 723 785 764 facile
819 722 976 767 evenit,
1006 726 1053 761 ut

173 801 272 829 cum
298 794 394 830 toto
422 788 620 829 exercitu
651 786 913 828 caederetur.
969 786 1052 825 Re-

173 853 276 904 gina
319 865 489 906 quoque
545 852 807 904 interempta
865 849 963 901 fuit,
1007 855 1053 890 et

173 917 432 957 Ptolemaeus
452 921 576 969 pater
606 916 650 955 in
679 926 855 966 regnum
878 913 1052 953 restitu-

173 986 256 1022 tus.
308 979 514 1022 Archelai
549 992 708 1032 corpus
739 979 803 1019 M.
824 978 1075 1028 Antonius,-

173 1045 246 1096 qui
277 1050 382 1086 tuuc
409 1044 487 1085 sub
504 1043 692 1084 Gabinio
711 1040 942 1092 militabat,
959 1039 1053 1080 dili-

174 1112 330 1158 genter
348 1105 634 1159 conquisitum
654 1104 773 1158 regio
790 1102 945 1144 funere
959 1115 1053 1143 cre·

169 1182 212 1210 m
268 1169 369 1211 dum
387 1170 782 1223 honestandumque
800 1168 985 1219 curavit,
1004 1173 1050 1208 ut

169 1233 210 1273 le
274 1233 388 1275 urin
405 1234 492 1275 vita
504 1234 569 1275 M.
589 1232 778 1274 Antonii.
799 1232 906 1273 Oliv.

223 1299 247 1350 ς
264 1301 292 1338 7
311 1297 394 1338 Sed
410 1302 537 1339 tamen
557 1295 852 1350 effoeminatior]
880 1296 1051 1348 Cyprus

169 1362 444 1403 'msulaiuter
470 1363 576 1402 alias
607 1361 722 1402 orbis
751 1365 961 1401 terrarum
989 1361 1053 1400 in-

169 1427 282 1467 sulas
333 1424 631 1478 famosissima,
677 1424 836 1465 divitiis
883 1435 1054 1475 semper

170 1489 411 1540 abundans,
427 1495 472 1531 et
489 1489 611 1530 luxui
629 1488 858 1541 plurimum
888 1487 1053 1538 dedita,

170 1559 218 1594 ut
262 1566 356 1595 eam
392 1554 554 1595 Veneri
599 1564 766 1594 sacram
809 1551 930 1591 dicat
957 1563 1051 1592 esse

169 1617 339 1658 Florus.
361 1619 513 1659 Oliver.

227 1682 342 1722 Velut
368 1681 580 1734 gradibus]
611 1679 832 1733 Subjectis
861 1679 944 1720 sibi
978 1691 1052 1720 an·

166 1744 293 1796 ciliis,
327 1745 418 1785 sive
465 1745 643 1785 aliarum
689 1744 913 1783 mulierum
960 1756 1053 1784 cor-

167 1807 360 1860 poribus,
395 1819 477 1860 per
514 1812 581 1860 ea,
617 1813 820 1860 tanquam
856 1819 936 1859 per
962 1819 1051 1847 sca-

165 1871 304 1911 larum
316 1871 489 1923 gradus,
500 1883 652 1911 currus
663 1870 976 1911 ascendebant.
991 1872 1051 1911 Id.

221 1935 332 1976 Car.
349 1946 400 1978 11.
433 1936 456 1988 ξ
485 1938 509 1975 1
542 1936 594 1978 L.
627 1934 760 1986 Salax]
793 1935 949 1976 Cicero
977 1936 1052 1977 lib.

166 1997 222 2040 de
257 2000 433 2041 Finibus
479 2000 591 2041 dicit
627 2000 678 2041 L.
712 2000 875 2052 Syllam
922 1999 1050 2040 trium

166 2062 464 2115 pestiferorum
497 2064 700 2105 vitiorum
734 2063 869 2106 fuisse
895 2066 1049 2117 magis-

90 2126 96 2133 '
167 2133 297 2179 trum,
323 2128 522 2178 luxuriae,
551 2128 761 2177 avaritiae,
787 2135 834 2169 et
866 2129 1050 2170 crudeli-

165 2190 270 2230 tatis
284 2204 298 2232 ε
317 2191 578 2232 crudelitate
590 2203 693 2232 vero
708 2197 887 2233 cunctos
903 2204 1049 2245 super-

167 2265 290 2294 asse:
309 2265 407 2296 uam
425 2261 585 2308 quauta
603 2255 648 2294 in
666 2255 798 2301 cives.
818 2263 980 2308 quanta
1003 2257 1048 2298 iu

166 2317 318 2368 socios,
331 2322 495 2371 quauta
522 2318 567 2358 in
586 2330 732 2359 omnes
753 2317 953 2360 factionis
973 2320 1048 2360 ad-

165 2391 301 2421 versae
319 2381 576 2422 crudelitate
595 2394 695 2423 usus
715 2380 862 2433 fuerit,
891 2388 938 2424 et
962 2383 1049 2435 hic,

165 2443 274 2484 etin
291 2443 385 2496 ejus
408 2444 498 2485 vita
525 2457 788 2498 cognoscere
807 2459 1045 2500 possumus.

217 2569 355 2622 Neque
383 2572 563 2627 laudae]
594 2572 852 2615 Paterculus
885 2575 958 2617 lib.
989 2587 1043 2618 η.

160 2631 174 2654 ‘
191 2632 242 2673 L.
263 2632 486 2676 Cornelius
499 2635 634 2687 Sulla,
653 2636 733 2688 vir,
747 2638 820 2690 qui
835 2650 975 2692 neque
990 2640 1044 2681 ad

159 2694 289 2739 finem
328 2697 520 2740 victoriae
558 2700 663 2740 satis
692 2700 875 2754 laudari,
902 2716 1043 2756 neque

159 2766 260 2811 post
279 2762 504 2804 victoriam
520 2763 692 2804 abunde
711 2764 949 2818 vituperari
969 2779 1043 2819 po-

161 2827 282 2867 test-³
308 2828 482 2869 Colerus.

215 2893 326 2934 Dum
359 2895 502 2947 quaerit
528 2896 729 2949 victorias,
758 2897 977 2950 Scipionem
1003 2913 1058 2953 se¹

157 2969 251 3009 pop.
278 2959 393 3000 Rom.
416 2962 509 3001 dum
532 2966 702 3013 exercet,
722 2963 956 3004 Annibalem
983 2979 1044 3006 re-

158 3022 436 3074 proeeentavit]
471 3024 544 3065 lta
562 3025 705 3076 vulgo.
761 3026 813 3066 In
833 3028 1045 3081 Campen-

163 3084 262 3125 siet
279 3085 595 3138 wint-heliano,
630 3090 720 3128 dum
753 3090 948 3130 soevitiam
973 3105 1044 3132 ex-

161 3154 280 3190 ercet.
336 3151 503 3193 Recte:
524 3163 622 3192 nam
651 3153 775 3194 simul
794 3155 930 3196 tacite
949 3168 1046 3208 sug-

161 3212 285 3263 gillat
316 3213 591 3269 Annibalem,
625 3217 738 3270 quod
771 3217 952 3259 victoria
982 3221 1045 3261 uti

160 3277 380 3319 nescierit.
429 3278 550 3320 Sulla
569 3285 711 3321 autem
731 3281 933 3322 victorias
946 3295 1044 3324 suas

161 3342 358 3384 exercuit
373 3345 624 3398 crudeliter,
637 3346 787 3387 urbem
816 3348 951 3400 cepit,
967 3349 1042 3389 im-

162 3404 329 3454 perium
378 3409 624 3462 occupavit,
683 3411 1042 3464 proscriptionem

164 3465 454 3519 fecit‚faciem
475 3483 644 3512 omnem
675 3473 785 3524 reip.
816 3485 896 3525 pro
929 3474 1040 3514 arbi-

164 3529 248 3571 trio
267 3530 523 3575 immutavit.
579 3537 681 3577 Nou
712 3537 927 3579 immerito
961 3538 1039 3591 igi·

1859 275 2000 328 1333

1119 409 1189 443 tur
1216 406 1420 446 nobilium
1440 406 1698 446 saevissimus
1716 405 1955 457 appellatur
1976 417 2002 445 a

1117 468 1266 508 Tacito
1287 469 1399 509 libro
1419 481 1536 510 xvn.
1555 470 1738 521 Pighius.

1179 533 1393 585 Victorias]
1411 536 1590 576 Scilicet
1609 536 1652 574 in
1671 534 1875 574 Marium.

1172 595 1348 646 Egregie
1378 611 1558 651 nomque,
1588 599 1675 651 ξω]
1706 599 1872 639 Marius
1912 599 2000 650 ple-

1116 657 1229 710 bem,
1266 660 1386 711 Syna
1417 662 1619 702 Senatum
1653 667 1698 703 et
1729 662 2000 702 nobilitatem

1116 721 1394 776 defendebat,
1429 731 1475 765 et
1506 726 1606 766 hinc
1638 726 1818 766 diversis
1850 726 2003 766 studiis

1117 791 1298 838 propter
1343 788 1683 829 Mithridaticam
1731 788 2001 840 provinciam

1115 849 1159 888 in
1187 850 1314 890 civile
1347 849 1505 890 bellum
1538 847 1810 903 exarserunt,
1841 852 1884 891 in
1913 864 1998 904 quo

1117 914 1337 965 superiore
1384 913 1497 966 Sylla
1540 927 1626 954 non
1673 916 1807 955 solum
1849 916 2000 956 urbem

1115 975 1371 1026 Romanam,
1389 975 1466 1016 sed
1488 980 1625 1016 totam
1652 978 1824 1017 Italiam
1847 977 2000 1018 crude·

1115 1040 1237 1080 litate
1255 1039 1463 1092 replevit:
1484 1052 1581 1082 nam
1601 1047 1763 1092 praeter
1781 1042 1998 1093 haec‚quae

1116 1101 1226 1142 iufra
1246 1101 1508 1150 referuntur,
1541 1102 1656 1154 apud
1685 1102 1997 1155 Sacriportum,

1116 1165 1232 1217 apud
1268 1171 1436 1217 portam
1474 1165 1684 1205 Collinam
1716 1169 1784 1207 70.
1821 1171 1867 1206 et
1912 1179 2000 1206 am·

1116 1230 1228 1281 plius
1259 1230 1392 1270 millia
1409 1229 1542 1283 ‘Sylla
1572 1229 1776 1282 concidit,
1806 1234 1916 1271 teste
1946 1231 1998 1271 L.

1117 1294 1258 1335 Floro.
1287 1294 1396 1335 Oliv.

1172 1359 1354 1405 Quatuor
1372 1358 1561 1411 legiones]
1582 1359 1732 1399 Florus
1750 1358 1856 1400 dicit
1870 1357 1999 1400 fuisse

1116 1423 1410 1463 tantummodo
1441 1429 1626 1476 quatuor
1655 1422 1873 1462 hominum
1901 1421 1996 1462 mil·

1115 1485 1185 1537 lia,
1221 1485 1360 1526 Autor
1398 1485 1453 1526 de
1491 1483 1608 1526 Viris
1641 1486 1804 1526 Illustr.
1840 1497 1997 1526 novem

1113 1551 1261 1592 millia.
1293 1551 1399 1590 Oliv.
1459 1551 1637 1595 Quatuor
1655 1548 1846 1600 legiones]
1879 1549 1995 1591 Octo

1113 1615 1244 1654 millia
1263 1615 1426 1655 Livius.
1454 1614 1594 1654 Varro
1624 1613 1677 1653 de
1709 1625 1757 1654 re
1778 1614 1900 1653 Rust.
1920 1613 1994 1654 lib.

1113 1690 1186 1719 111.
1221 1674 1480 1718 Plutarchus
1511 1677 1555 1717 in
1589 1678 1710 1717 Vita.
1765 1676 1994 1730 Appianus

1112 1754 1335 1782 numerum
1355 1754 1438 1782 non
1455 1742 1592 1794 ponit.
1614 1744 1779 1784 Cor-rad.

1168 1807 1220 1847 In
1254 1806 1406 1859 publica
1436 1807 1545 1858 villo,
1563 1819 1652 1858 quoe
1669 1807 1714 1847 in
1730 1819 1863 1859 campo
1881 1807 1996 1847 Mar-

1114 1871 1170 1911 tio
1187 1873 1293 1925 erat]
1309 1871 1422 1911 Vide
1440 1883 1495 1911 ne
1514 1876 1652 1911 totum
1670 1871 1750 1911 hoc
1763 1871 1997 1922 glossema·

1115 1935 1221 1975 tium
1240 1937 1312 1987 sit,
1341 1935 1421 1975 nisi
1448 1934 1565 1976 forte
1592 1934 1812 1976 docendus
1841 1936 1994 1989 aliquis

1113 1999 1280 2039 Valerii
1298 2011 1406 2052 aevo,
1435 1999 1511 2040 ubi
1543 1999 1716 2052 publica
1743 2000 1844 2041 villa
1861 2006 1994 2042 esset.

1111 2063 1283 2115 Lipsius.

1166 2128 1216 2168 ln
1234 2127 1388 2168 Martio
1405 2127 1557 2180 eampo]
1584 2128 1696 2169 Haec
1726 2140 1780 2169 ex
1799 2127 1993 2180 margine

1109 2192 1335 2244 irrepsisse
1367 2193 1588 2233 adsentior
1620 2193 1687 2234 Cl.
1718 2193 1880 2245 Lipsio.
1937 2193 1991 2233 Iu

1110 2271 1285 2299 numero
1305 2258 1629 2299 interfectorum
1659 2258 1884 2299 admodum
1905 2257 1991 2298 dis-

1110 2322 1302 2363 sentiunt
1339 2323 1505 2373 Livius,
1538 2323 1815 2373 Plutarchus,
1861 2323 1992 2363 Vale-

1110 2385 1212 2436 rius,
1233 2387 1399 2437 Florus,
1418 2386 1640 2426 Cornelius
1659 2387 1824 2439 Nepos.
1846 2387 1979 2428 Coler.

1165 2451 1347 2502 Quinque
1364 2451 1489 2491 millia
1508 2450 1863 2502 Praenestinorum]
1893 2449 1994 2492 Alia

1108 2526 1188 2566 par
1201 2515 1410 2568 superiori
1423 2516 1670 2557 crudelitas.
1711 2515 1993 2566 Praenestini,

1109 2578 1183 2631 qui
1221 2579 1441 2631 juniorem
1483 2579 1673 2620 Marium
1721 2586 1996 2632 receperant,

1108 2653 1206 2682 cum
1227 2655 1252 2682 a
1268 2642 1465 2694 Cethego
1492 2643 1623 2695 Syllae
1653 2643 1863 2696 praefecto
1882 2643 1996 2684 obsi-

1107 2705 1330 2758 derentur,
1350 2713 1506 2759 sponte
1535 2707 1579 2748 in
1609 2707 1887 2760 deditionem,
1904 2707 1992 2750 fide

1105 2768 1225 2819 data,
1261 2775 1489 2821 venerunt,
1535 2783 1640 2824 quos
1682 2783 1830 2811 omnes
1868 2776 1993 2812 extra

1105 2834 1263 2874 moeuia
1289 2840 1510 2887 evocatos,
1531 2835 1733 2888 humique
1753 2841 1991 2887 prostratos

1098 2896 1229 2949 jussit
1246 2897 1403 2948 occidi,
1421 2904 1466 2938 et
1480 2910 1627 2939 eorum
1647 2910 1830 2953 corpora
1847 2900 1993 2951 spargi

1107 2974 1186 3014 per
1215 2974 1357 3014 agros,
1375 2967 1556 3015 quatuor
1585 2963 1719 3003 millia
1749 2968 1795 3003 et
1829 2965 1990 3015 septin-

1108 3031 1275 3077 gentos.
1299 3027 1407 3067 Oliv.

1165 3091 1347 3137 Quotam·
1378 3092 1503 3132 millia
1535 3095 1573 3131 et
1605 3091 1887 3143 septingentos]
1918 3092 1989 3130 De

1106 3155 1188 3196 hoc
1207 3167 1383 3196 numero
1403 3157 1470 3195 vel
1489 3155 1764 3206 dissentiunt,
1795 3156 1862 3194 vel
1882 3155 1987 3194 nihil

1105 3218 1300 3259 scribunt
1320 3219 1408 3259 alii.
1444 3219 1610 3258 Cori-ad.

1162 3281 1518 3332 Nomenclatorem]
1576 3280 1886 3320 Nomenclator
1923 3279 1986 3320 di-

1105 3344 1234 3396 citur,
1254 3346 1327 3398 qui
1355 3345 1526 3385 nomina
1555 3344 1718 3405 civium·
1741 3348 1907 3395 tenens,
1934 3355 1987 3384 ea

1105 3410 1371 3462 principibus
1400 3422 1478 3461 per
1506 3408 1655 3449 urbem
1682 3407 1986 3449 incedentibus

1103 3474 1373 3527 subjiciebat,
1386 3479 1435 3513 ut
1447 3483 1787 3524 unumquemque
1800 3473 1985 3513 nomina.

1104 3539 1183 3579 tim
1229 3538 1479 3579 salutarent.
1536 3535 1617 3576 His
1659 3535 1772 3575 enim
1819 3535 1983 3578 artibus

1119 287 1238 326 mn.
1282 289 1373 327 lx.
1415 289 1549 329 cAP.
1576 277 1627 329 2.
