2346 3996
539 289 799 330 vAnEmr
843 286 1090 326 MAx1M1
1138 287 1418 327 LIB.V111.
1458 290 1592 331 cAP.
1620 277 1707 331 13.

215 424 376 454 nvxrr.
417 408 639 463 Ejusmodi
667 407 879 448 breviaria
898 406 1094 447 solebant

214 483 385 518 veteres
404 475 458 515 de
476 473 709 514 illustribus
730 472 834 512 viris
864 470 1093 522 conficere,

213 541 355 594 qualia
379 540 424 580 in
444 538 584 588 Italia,
614 542 660 576 et
693 535 796 576 alibi
823 535 878 576 de
909 535 1089 586 Catone,

212 603 346 644 Fabio
376 601 582 651 Maximo,
612 599 772 640 Sicinio
802 599 1009 648 Dentato,
1039 599 1089 638 C.

210 665 371 718 Mario,
389 665 467 705 Cu.
483 663 707 717 Pompeio,
725 668 770 703 et
789 663 880 703 aliis
901 667 1089 715 reperta.

215 729 346 769 Coler.

263 797 286 848 §
305 799 332 836 6
378 795 588 836 Muliebris
623 792 762 845 etiam]
820 793 887 833 De
933 792 1089 846 quibus

210 859 396 910 Plinius,
414 859 488 900 lib.
507 869 594 899 vu.
614 869 709 910 cap.
726 860 796 896 41.
823 856 1086 897 mentionem

206 923 328 964 facit.
386 922 508 963 Dicit
525 922 662 963 enim:
693 921 706 943 ‘
724 921 792 960 Ex
810 918 996 959 foeminis
1018 920 1087 959 Li·

208 987 277 1027 via
305 985 456 1027 Rutilii
487 984 721 1036 nonaginta
752 988 917 1035 septem
954 993 1085 1022 annos

206 1049 405 1090 excessit.
458 1047 643 1099 sutilia,
671 1045 850 1088 Claudio
870 1046 1086 1098 principe,

205 1125 259 1153 ex
276 1113 406 1153 nobili
420 1111 560 1163 domo,
572 1111 804 1164 nonaginta
816 1122 984 1152 novem.
999 1111 1084 1152 Te-

204 1176 344 1216 rentia
361 1174 582 1216 Ciceronis
601 1186 747 1215 cxvn.
804 1173 959 1215 Clodia
991 1173 1083 1215 Ofi-

202 1239 251 1278 lii
270 1250 381 1280 cxv.
436 1238 547 1280 Haec
578 1239 752 1292 quidem
786 1238 918 1278 etiam
955 1238 1084 1278 enixa

201 1304 483 1358 quindecies:
538 1303 657 1345 Alias
688 1316 857 1357 quoque
895 1315 1083 1344 comme-

202 1372 341 1407 morat
381 1367 640 1421 longissimae
684 1368 827 1408 aetatis
876 1366 1084 1420 foeminas,

201 1442 307 1483 quas
324 1430 420 1471 heic
444 1430 610 1472 referre
629 1443 714 1472 non
740 1436 808 1471 est
827 1443 949 1483 opus,
981 1444 1082 1484 quo-

199 1495 316 1534 niam
333 1507 358 1536 a
375 1496 551 1536 Valerio
570 1508 653 1536 non
669 1501 901 1548 ponuntur.
933 1496 1040 1536 Oliv.

258 1559 434 1599 Tertium
452 1565 493 1601 et
509 1559 780 1611 centesimum]
809 1571 957 1600 cxvn.
978 1560 1079 1602 scri-

200 1620 266 1662 bit
283 1622 466 1665 Plinius.
497 1624 664 1665 Corrad-

251 1688 311 1727 Et
331 1689 470 1728 Clodia
487 1689 584 1730 Auli
597 1689 712 1742 filia]
740 1689 812 1730 Ita
829 1690 972 1747 vulgo.
1026 1690 1079 1730 In

198 1748 497 1803 Atrebatensi,
515 1752 710 1803 Susiano,
738 1758 784 1793 et
803 1753 1079 1794 Pulmannia-

196 1824 276 1854 no:
309 1815 448 1854 Clodia
466 1814 607 1868 Aulifi,
628 1814 847 1858 mendose.
867 1816 942 1856 sed
971 1822 1079 1868 puto

194 1876 440 1928 legendum,
456 1878 615 1932 Aufilii.
673 1880 785 1920 Nam
802 1880 968 1920 Plinius
987 1881 1077 1920 Clo-

195 1940 302 1981 dium
322 1941 437 1995 Ofilii
456 1949 598 1995 vocat,
614 1944 729 1996 quod
743 1943 858 1984 idem
873 1948 954 1985 est.
972 1944 1076 1983 For-

195 2004 312 2044 mula
342 2005 546 2058 loquendi
577 2008 757 2060 antiqua
784 2012 866 2059 est,
886 2021 969 2061 qua
987 2021 1076 2049 mu-

195 2070 323 2110 lieres
363 2070 579 2123 adjunctis
614 2072 864 2113 maritorum
893 2074 1075 2115 nomini-

194 2132 276 2174 bus
306 2134 582 2176 notabantur.
636 2135 708 2176 Sic
753 2135 873 2177 Livia
911 2137 1076 2189 Rutilii,

195 2197 349 2249 supple
367 2209 483 2246 uxor,
513 2198 724 2240 Terentia
743 2199 980 2252 Ciceronis,
999 2201 1027 2242 J
1031 2214 1075 2241 u-

193 2260 252 2301 lia
268 2261 486 2314 Pompeii,
503 2262 681 2303 Caecilia
707 2264 872 2317 Crassi,
899 2265 1076 2317 Calpur-

192 2323 267 2365 nia
286 2324 487 2367 caesaris.
517 2326 643 2377 Pigh.

250 2388 593 2443 Quimecimfiliis
609 2390 762 2442 enixis]
800 2391 979 2434 Passive
999 2405 1073 2446 po·

193 2449 325 2492 situm
345 2460 413 2494 est
430 2454 574 2506 enixis,
600 2454 644 2494 iu
662 2455 803 2495 lucem
835 2455 1072 2508 productis.

192 2513 281 2554 Alii
299 2515 478 2569 habent,
496 2518 668 2570 amissis,
696 2525 747 2559 ut
778 2519 994 2571 significet
1022 2520 1072 2560 il-

112 2622 118 2628 ·
190 2579 276 2619 lam
296 2580 540 2632 quindecim
569 2581 671 2622 filiis
702 2583 906 2624 extinctis
939 2583 1072 2625 fuisse

190 2644 484 2695 superstitem.
508 2646 660 2687 Oliver.
720 2646 952 2691 Quindecim
966 2649 1074 2703 filiis

192 2710 286 2747 unte
302 2707 454 2760 enixis]
494 2707 565 2750 Ita
598 2710 739 2762 vulgo.
767 2711 934 2753 Plinius
969 2726 1071 2766 quo-

189 2782 273 2823 que
290 2771 459 2812 enixam
475 2772 726 2827 quindecies
738 2773 903 2827 scribit,
920 2787 1071 2818 verum

190 2833 460 2888 campensis,
522 2835 866 2889 Gemblacensis‚
910 2839 1070 2893 aliique

188 2901 360 2937 veteres
407 2899 522 2953 libri,
573 2901 793 2952 quindecim
827 2902 936 2955 filiis
978 2909 1070 2945 ante

187 2959 343 3001 amissis
356 2963 520 3014 legunt.
560 2964 700 3006 Quam
720 2966 951 3006 lectionem
970 2979 1069 3019 pro-

190 3023 295 3064 bare
310 3025 472 3079 malim,
489 3038 574 3067 non
594 3027 708 3067 enim
727 3028 796 3068 hic
811 3027 1068 3070 foecundita-

190 3086 246 3127 tis
264 3090 460 3141 exempla
480 3090 728 3142 quaerimus.
757 3091 880 3142 Pigh.

241 3149 352 3191 Exr.
380 3152 447 3203 §1
479 3151 626 3204 Hiero]
654 3153 742 3193 Hic
774 3166 851 3195 rex
882 3155 1065 3208 Syracu-

187 3223 331 3254 sarum
350 3213 450 3267 fuit,
477 3216 598 3268 cujus
616 3215 798 3257 infantia
831 3230 920 3258 suae
953 3219 1067 3260 futu·

185 3286 246 3314 1·ae
262 3276 501 3328 majestatis
517 3279 674 3319 dicitur
701 3279 833 3321 fuisse
867 3294 1065 3334 praenun-

188 3337 275 3388 tia;
290 3339 448 3392 quippe
462 3342 535 3394 qui
552 3343 724 3394 genitus
743 3356 768 3382 a
782 3349 906 3395 patre
918 3345 1066 3398 nobili,

184 3400 261 3439 sed
281 3411 335 3439 ex
353 3403 510 3443 ancilla
528 3410 668 3456 natus,
685 3418 740 3447 ne
758 3406 1066 3450 dehonestaret

185 3468 414 3514 paternum
433 3477 582 3518 genus,
609 3469 824 3521 expositus
844 3469 957 3520 fuit3
987 3472 1066 3513 sed

186 3527 425 3582 parvulum,
454 3534 501 3571 et
532 3530 726 3574 humanae
758 3535 852 3588 opis
872 3535 1065 3588 indigen-

1897 279 2037 333 1311

1155 411 1260 457 tem,
1287 420 1402 460 apes,
1429 413 1635 461 congesto
1671 408 1787 449 circa
1817 407 2039 461 jacentem

1154 470 1298 521 melle,
1314 472 1460 512 multis
1476 473 1628 513 diebus
1649 473 1820 522 aluere3
1842 471 1895 511 ob
1913 484 2037 524 quam

1153 544 1243 573 rem
1280 546 1483 586 responso
1517 536 1759 588 aruspicum
1797 534 2038 575 admonitus

1153 605 1293 651 pater,
1325 601 1395 653 qui
1430 613 1607 653 regnum
1646 599 1801 641 infanti
1836 599 2039 652 portendi

1153 663 1382 714 canebant,
1417 666 1642 717 parvulum
1674 663 1918 715 recollegit,
1949 675 2038 704 om-

1151 728 1278 781 nique
1299 730 1439 770 studio
1454 730 1507 770 ad
1524 743 1642 782 spem
1663 729 1919 782 majestatis,
1939 742 2036 783 quae

1151 794 1502 846 promittebatur,
1523 795 1724 835 instituit.
1767 795 1918 847 Eidem
1937 794 2037 835 ado-

1150 856 1345 908 lescenti,
1358 857 1496 909 prima
1510 857 1610 897 belli
1626 858 1840 910 stipendia
1851 857 2036 909 ineunti,

1152 921 1293 973 aquila
1311 921 1355 961 in
1377 922 1547 974 clypeo,
1574 928 1620 962 et
1648 927 1808 962 noctua
1835 922 1878 962 in
1911 922 2036 963 hasta

1151 985 1363 1036 consedit;
1393 985 1508 1038 quod
1541 990 1758 1026 ostentum
1789 991 1835 1025 et
1864 986 1907 1025 in
1934 999 2035 1027 con-

1150 1049 1243 1089 silio
1264 1056 1456 1101 cautum,
1475 1055 1520 1090 et
1536 1062 1662 1090 manu
1682 1054 1945 1102 promptum,
1965 1063 2034 1091 re-

1147 1126 1329 1168 gemque
1347 1113 1540 1155 futurum
1563 1113 1849 1166 significabat.
1898 1114 2035 1155 Deni-

1146 1190 1230 1231 que
1248 1178 1455 1219 adversus
1472 1184 1779 1230 provocatores
1795 1189 1912 1229 saepe
1930 1190 2034 1231 pug-

1144 1243 1278 1294 navit,
1307 1255 1565 1296 semperque
1585 1243 1809 1284 vIctoriam
1833 1248 2033 1295 reporta-

1144 1305 1234 1346 vit:
1264 1318 1288 1346 a
1307 1306 1475 1359 Pyrrho
1495 1319 1597 1359 rege
1618 1307 1760 1347 multis
1776 1306 2032 1348 militaribus

1145 1369 1267 1411 donis
1305 1371 1489 1411 donatus
1519 1377 1620 1412 est:
1667 1371 1945 1423 pulchritudo
1992 1373 2032 1412 ei

1145 1435 1340 1487 corporis
1378 1434 1573 1487 insignis,
1609 1435 1722 1475 vires
1769 1447 1940 1487 quoque
1987 1435 2032 1476 in

1143 1498 1314 1538 homine
1334 1498 1609 1538 admirabiles
1629 1497 1822 1551 fuere‚in
1843 1498 2031 1552 alloquio

1142 1561 1339 1614 blandus,
1357 1561 1400 1601 in
1420 1562 1588 1614 negotio
1602 1561 1763 1615 justus,
1785 1562 1828 1601 in
1850 1561 2030 1614 imperio

1141 1624 1392 1665 moderatus
1417 1631 1540 1675 erat3
1572 1637 1744 1678 prorsus
1778 1631 1825 1666 ut
1857 1625 1961 1666 nihil
1991 1625 2031 1665 ei

1142 1687 1294 1729 deesse
1344 1688 1565 1730 videretur
1618 1695 1776 1742 praeter
1833 1702 2030 1742 regnum.

1141 1752 1297 1806 Itaque
1316 1765 1342 1793 a
1360 1753 1641 1806 Syracusanis
1668 1754 1807 1806 primo
1834 1755 2030 1807 Impera-

1140 1823 1224 1867 tor,
1252 1817 1410 1858 deinde
1443 1831 1521 1859 rex
1541 1824 1711 1860 creatus
1747 1825 1838 1860 est:
1887 1820 2028 1861 socius

1140 1879 1224 1920 fuit
1242 1882 1392 1934 populi
1413 1883 1610 1932 Romani,
1640 1883 1711 1936 qui
1739 1884 1876 1936 primo
1896 1884 2029 1924 Puni-

1140 1957 1193 1985 co
1213 1944 1344 1996 bello,
1371 1946 1478 1986 inita
1503 1946 1715 1987 societate
1744 1952 1790 1988 et
1818 1946 2028 1996 amicitia,

1139 2021 1220 2062 per
1238 2010 1551 2063 quinquaginta
1574 2023 1707 2051 annos
1728 2023 1862 2064 usque
1881 2010 1935 2051 ad
1965 2012 2030 2051 ul-

1139 2073 1288 2114 timum
1307 2087 1394 2115 suae
1415 2075 1516 2115 vitae
1537 2074 1648 2115 diem
1668 2075 1713 2114 in
1739 2073 1827 2115 fide
1856 2081 1903 2115 et
1936 2073 2026 2114 offi-

1140 2138 1209 2179 cio
1228 2141 1477 2192 permansit.
1517 2143 1589 2182 De
1610 2142 1733 2194 cujus
1750 2141 2028 2193 liberalitate,

1139 2215 1222 2255 qua
1259 2204 1302 2243 in
1339 2206 1548 2258 populum
1568 2206 1807 2246 Romanum
1835 2205 2027 2246 secundo

1138 2266 1305 2308 Punico
1344 2268 1457 2309 bello
1486 2281 1589 2309 usus
1633 2268 1732 2321 fuit,
1759 2268 1943 2308 diximus
1979 2269 2025 2308 in

1139 2331 1287 2382 capite
1304 2331 1358 2372 de
1379 2332 1679 2373 Liberalitate.
1723 2332 1848 2372 Vixit
1864 2337 2026 2381 autem,

1138 2397 1250 2434 teste
1286 2396 1425 2445 Livio,
1467 2396 1698 2448 nonaginta
1737 2407 1881 2447 annos,
1925 2409 2024 2437 cum

1137 2456 1304 2511 iuquit:
1336 2458 1350 2480 ‘
1368 2459 1469 2500 Non
1498 2459 1628 2500 facile
1657 2465 1766 2512 erat,
1796 2461 2024 2512 nonagesi-

1137 2511 1250 2561 mu'm
1263 2522 1355 2574 jam
1375 2523 1523 2575 agenti
1544 2535 1716 2573 annum,
1743 2523 2023 2564 circumsesso

1138 2584 1230 2626 dies
1242 2592 1479 2640 noctesque
1491 2586 1772 2627 muliebribus
1788 2586 2026 2639 blanditiis,

1135 2648 1321 2690 liberare
1356 2651 1559 2703 animum,
1600 2654 1647 2691 et
1675 2655 1930 2691 convertere
1967 2650 2023 2691 ad

1136 2711 1351 2763 publicam
1366 2714 1666 2767 privatamque
1682 2712 1857 2755 curam.'
1873 2714 2024 2755 Oliver.

1189 2775 1433 2828 Massanisa]
1461 2777 1561 2829 Hic,
1587 2781 1638 2817 ut
1657 2776 1819 2818 dictum
1847 2782 1914 2818 est
1941 2777 2020 2819 lib.

1133 2851 1179 2881 ν.
1224 2852 1320 2894 cap.
1367 2842 1424 2882 de
1460 2842 1798 2895 Ingratitudine,
1842 2848 2022 2883 aetatem

1132 2916 1254 2945 suam
1268 2905 1322 2946 ad
1338 2907 1619 2949 centesimum
1637 2905 1836 2947 extendit
1851 2918 2022 2959 annum,

1131 2968 1283 3008 robore
1310 2973 1434 3011 tanto
1460 2970 1502 3009 in
1531 2981 1583 3010 ea
1607 2975 1755 3021 aetate,
1785 2978 1833 3010 ut
1852 2970 2018 3011 adoles-

1131 3033 1288 3073 centiae
1325 3034 1455 3085 vires,
1495 3034 1601 3074 licet
1647 3034 1893 3084 diminutas,
1931 3045 2017 3072 non

1130 3093 1378 3136 desiderare
1394 3096 1628 3138 videretur.
1673 3098 1746 3136 De
1764 3108 1847 3149 quo
1864 3096 2017 3135 Cicero

1127 3156 1172 3196 in
1192 3158 1357 3199 Catone
1372 3159 1572 3211 Majore:
1603 3160 1615 3181 ‘
1636 3158 1803 3198 Audire
1831 3162 1875 3197 te
1907 3158 2018 3198 arbi-

1129 3224 1236 3270 tror,
1262 3220 1422 3273 Scipio,
1447 3222 1604 3274 hospes
1619 3226 1718 3261 tuus
1739 3221 1878 3260 avitus
1897 3221 2017 3260 Mas-

1127 3283 1271 3322 sanisa
1304 3284 1406 3336 quid
1440 3283 1575 3325 faciat
1605 3284 1746 3332 hodie,
1779 3284 2014 3334 nonaginta

1126 3352 1254 3386 natus
1275 3358 1431 3388 anuos:
1459 3360 1587 3401 quum
1605 3348 1823 3399 ingressus
1839 3347 1924 3387 iter
1938 3360 2015 3399 pe-

1128 3409 1254 3451 dibus
1270 3411 1343 3462 sit,
1354 3412 1397 3452 in
1411 3425 1567 3466 equum
1579 3412 1748 3457 omniuo
1764 3423 1848 3450 non
1866 3424 2014 3453 ascen-

1127 3473 1232 3514 dere
1250 3475 1376 3527 veHe,
1403 3487 1500 3516 cum
1511 3480 1656 3516 autem
1674 3475 1731 3515 sit
1749 3474 1793 3514 in
1813 3487 1938 3528 equo,
1956 3488 2011 3517 ex

1128 3548 1236 3590 equo
1255 3550 1342 3580 non
1376 3537 1670 3590 descendere3
1700 3538 1818 3581 nullo
1854 3539 2008 3593 imbre,
