2288 3990
398 306 539 360 1002

398 442 525 478 venta
567 440 682 478 esset
722 435 873 476 mulier
912 435 1054 474 vinnm
1102 433 1265 474 bibens.

399 500 509 540 Nam
529 506 706 552 utraque
722 500 813 539 haec
829 497 999 538 multari
1017 502 1154 536 morte
1170 508 1267 536 con-

399 563 526 603 cessit
545 561 775 603 Romulus.'
813 562 1031 609 Metellus,
1050 560 1148 611 quia
1165 572 1266 598 uxo-

399 637 488 665 rem
509 627 648 665 vinum
668 625 823 665 bibisse
845 622 1146 674 deprehendit,
1174 633 1267 662 eam

397 687 627 728 interemit.
685 689 826 727 Romae
849 693 1005 736 autem,
1037 691 1081 725 et
1109 685 1150 724 in
1180 685 1269 724 uni·

398 763 522 790 verso
540 750 676 798 Latio,
698 750 809 800 vino,
834 750 947 801 quod
967 749 1108 801 prisca
1128 749 1268 800 lingua

397 814 409 835 ‘
428 819 631 853 temetum
650 811 660 829 ’
689 813 947 864 appellatur,
980 812 1180 852 mulieres
1199 811 1270 850 ab·

397 875 623 924 affluebant,
668 875 780 915 unde
819 876 946 915 etiam
987 876 999 898 ‘
1018 875 1235 915 abstemiae
1257 871 1268 888 '

398 938 526 978 dictae
544 943 675 983 sunta
697 939 844 987 loram,
877 951 1063 990 passum,
1091 937 1269 977 murrhi-

395 1013 490 1040 nam
507 1013 585 1053 pro
602 1001 697 1040 vino
709 1001 931 1051 bibebant3
947 1000 1270 1053 cognatieorum

398 1065 584 1104 osculum
607 1063 858 1111 afferebant,
871 1071 919 1104 ut
931 1065 965 1103 si
985 1065 1126 1110 vinum
1141 1063 1270 1103 bibis-

401 1132 513 1175 sent,
542 1126 864 1178 deprehendere
886 1133 1071 1180 possent.
1103 1128 1253 1169 Oliver.

462 1190 556 1230 Vim·
589 1190 697 1241 usus]
737 1192 906 1232 Praeter
950 1196 1130 1232 caeteros
1176 1192 1269 1243 lege

398 1256 633 1296 Arnobium
655 1258 730 1298 lib.
745 1269 795 1298 Π.
819 1258 1131 1298 Tertullianum
1152 1256 1270 1309 Apo·

397 1319 528 1370 loget.
546 1323 690 1371 cap.6.
719 1320 817 1360 Huc
849 1327 892 1360 et
919 1321 987 1360 illa
1008 1321 1131 1360 Varr.
1159 1319 1272 1372 frag·

397 1388 542 1423 menta
561 1382 674 1423 refer
693 1384 764 1425 lib.
780 1397 810 1426 1.
830 1385 883 1424 de
895 1385 996 1425 Vita
1016 1386 1126 1437 Pop.
1145 1385 1270 1426 Rom.

398 1446 674 1497 Quantopere
704 1446 931 1487 abstemias
969 1449 1168 1488 mulieres
1201 1461 1272 1489 vo-

396 1508 551 1548 luerint
571 1520 678 1560 esse,
698 1511 838 1550 velex
869 1523 952 1551 uno
981 1512 1178 1564 exemplo
1199 1524 1272 1564 po-

398 1574 485 1610 test
500 1570 696 1611 viderier.
749 1573 806 1612 Et
825 1573 1008 1614 iterum:
1041 1575 1054 1596 ‘
1071 1573 1271 1627 Antiqnae

396 1633 596 1674 mulieres
613 1636 790 1687 majores
805 1641 908 1676 natu
923 1636 1127 1678 bibebant
1141 1638 1274 1678 loram

399 1702 473 1737 aut
489 1709 653 1749 sapam,
667 1707 737 1738 aut
755 1699 986 1754 defrutum,
1000 1708 1274 1754 aut-passum,

399 1773 525 1813 quam
561 1763 816 1804 mun-ninam
858 1765 1027 1818 quidam
1073 1766 1275 1806 Plautum

400 1825 616 1878 appellare
636 1826 817 1877 putant.'
844 1828 1175 1870 Sarisberiensis
1191 1830 1275 1871 Po—

401 1887 542 1927 licrat.
562 1887 636 1928 lib.
660 1900 760 1931 vm.
783 1891 956 1933 Colerus.

453 1949 568 1990 Auro
584 1951 815 2004 abundanti]
836 1955 1044 1996 Quorsum
1060 1956 1192 2009 igitur
1205 1957 1278 1998 illa

402 2013 589 2055 Tertull.
609 2014 792 2069 Apolog.
810 2030 904 2070 cap.
920 2023 961 2059 6.
1011 2020 1115 2061 Cum
1131 2033 1276 2062 aurum

402 2078 521 2118 nulla
575 2085 700 2119 norat
754 2087 911 2133 praeter
958 2083 1083 2125 unico
1125 2085 1277 2138 digito,

402 2153 527 2193 quem
546 2154 723 2194 sponsus
743 2145 1070 2196 oppignorasset
1090 2149 1277 2199 pronubo

404 2207 577 2246 annulo.
633 2207 718 2247 Sed
739 2208 1031 2250 Tertullianus
1055 2210 1109 2252 de
1129 2212 1279 2255 ultima

405 2271 659 2322 antiquitate
698 2272 901 2326 loquitur.
978 2275 1088 2315 Nam
1127 2284 1280 2328 postea

405 2335 669 2386 praecipuum
699 2337 918 2377 mulierum
951 2345 1174 2391 gestamen
1206 2354 1278 2381 au-

404 2411 513 2440 rum.
541 2400 681 2440 Varro
700 2400 774 2440 lib.
792 2412 824 2443 1.
842 2401 898 2442 de
914 2403 1016 2443 Vita
1030 2403 1140 2456 Pop.
1156 2406 1279 2447 Rom.

402 2462 415 2484 ‘
437 2461 544 2502 Auri
571 2463 711 2514 pondo
744 2464 829 2505 duo
862 2467 994 2507 millia
1020 2477 1281 2521 acceperunt

406 2537 461 2564 ex
479 2526 642 2568 aedibus
669 2529 803 2568 sacris
822 2535 867 2571 et
897 2538 1187 2574 matronarum
1210 2546 1280 2574 or-

406 2591 636 2642 namentis,
666 2604 691 2633 a
722 2593 871 2645 quibus
903 2602 1053 2646 postea
1072 2597 1113 2636 id
1134 2610 1283 2638 aurum

410 2660 456 2692 et
476 2659 647 2707 torques
669 2667 807 2696 aureae
840 2660 984 2698 multae
1019 2661 1166 2700 relatae
1202 2661 1284 2701 Ro·

410 2729 520 2756 mam
541 2723 670 2770 atque
691 2720 984 2762 consecratae.’
1015 2723 1142 2765 Coler.

468 2780 669 2832 Purpura]
696 2781 942 2834 Purpureus
963 2785 1081 2825 color
1103 2792 1186 2837 est,
1215 2786 1287 2840 qui

412 2841 662 2894 nigricantis
681 2855 788 2884 rosae
823 2846 1048 2896 splendore
1079 2849 1286 2890 sublucet.

414 2908 677 2949 Caeterorum
696 2910 877 2951 omnium
897 2913 1083 2954 colorum
1103 2915 1287 2965 gratissi-

414 2985 523 3024 mus,
558 2980 602 3014 et
641 2974 853 3025 tingendis
885 2977 1074 3019 vestibus
1105 2981 1288 3022 maxime

415 3037 648 3088 expetitus,
675 3050 700 3077 a
730 3050 918 3091 purpura
937 3047 1126 3084 vocatus.
1181 3045 1288 3085 Pur-

416 3113 521 3153 pura
550 3101 662 3157 enim
693 3101 822 3154 piscis
860 3108 926 3143 est
962 3116 1015 3143 ex
1035 3107 1289 3148 concharum

417 3175 592 3214 genere,
630 3164 738 3204 vivit
773 3165 893 3204 annis
933 3167 1135 3217 septenis,
1182 3170 1290 3210 latet

417 3227 532 3267 circa
565 3227 692 3268 Canis
723 3234 862 3268 ortum
909 3230 1082 3268 tricenis
1128 3231 1291 3273 diebus.

417 3291 715 3343 congregatur
746 3303 873 3332 verno
898 3297 1106 3344 tempore,
1126 3301 1292 3335 mutuo-

962 316 1137 356 NOTAE
1184 316 1512 355 VARIOR'UM
1554 316 1620 354 IN

1330 434 1373 473 in
1396 434 1578 474 candida
1609 444 1732 482 vena,
1763 433 1976 486 reliquum
2013 433 2207 486 corpor-is

1330 498 1478 537 sterile
1506 503 1587 537 est.
1642 497 1776 536 Vivas
1809 504 2019 537 conantur
2038 509 2213 549 capere,

1331 560 1429 611 quia
1445 558 1591 598 florem
1613 560 1730 598 illum
1751 560 1981 599 morientes
2004 573 2101 600 cum
2121 560 2212 600 vita

1331 627 1547 661 evomunt.
1617 621 1855 672 Majoribus
1895 624 2090 673 purpuris
2134 622 2212 663 de-

1332 689 1471 724 tracta
1502 684 1665 724 concha
1697 682 1900 724 auferunt
1929 697 2117 738 succum,
2137 685 2214 726 mi·

1330 759 1455 786 nores
1487 746 1694 799 frangunt
1727 749 1860 800 Tyrii,
1892 754 1938 789 et
1974 749 2036 789 it'a
2066 763 2212 791 eorum

1332 822 1470 850 rorem
1506 810 1750 862 excipiunt,
1783 812 1854 863 qui
1884 823 1907 851 a
1933 812 2029 853 loco
2061 814 2213 866 Tyrius

1332 874 1503 920 dicitur,
1550 887 1789 927 quanquam
1822 876 1864 915 in
1903 876 1998 916 aliis
2043 888 2214 928 quoqne

1332 937 1439 976 locis
1479 937 1519 977 id
1558 937 1649 977 fiat.
1679 939 1881 978 Perottus.
1939 939 2150 980 Punicum
2171 939 2214 979 in

1333 1011 1524 1052 purpura
1543 1001 1748 1052 cernitur,
1779 1003 1998 1054 praecipue
2018 1003 2147 1054 Tyria
2165 1015 2216 1043 ac

1333 1063 1533 1106 rubente.
1588 1064 1826 1105 Puniceum
1853 1074 1994 1106 alitem
2026 1073 2069 1106 et
2092 1067 2219 1107 Phoe·

1333 1128 1503 1168 niceum
1524 1128 1710 1168 colorem
1730 1126 1922 1180 differre,
1946 1141 2002 1169 ex
2033 1129 2216 1169 Libanio

1332 1193 1522 1232 ostendit
1564 1193 1814 1244 Salmasius,
1853 1198 1985 1245 atque
2021 1205 2114 1232 eam
2159 1193 2216 1235 ob

1335 1267 1506 1295 causam
1528 1254 1741 1308 Agellium
1762 1255 2053 1308 reprehendit.
2089 1257 2219 1298 Color

1334 1318 1445 1359 enim
1456 1318 1671 1359 Puniceus
1683 1320 2007 1371 exuperantiam
2019 1325 2064 1361 et
2077 1322 2220 1372 splen·

1334 1381 1482 1422 dorem
1527 1382 1694 1422 ruboris
1733 1383 1940 1435 ostendit,
1974 1384 2220 1424 Phoenicius

1335 1449 1476 1485 autem
1521 1445 1659 1498 qualis
1706 1445 1948 1486 immaturae
2006 1448 2222 1500 palmulae.

1334 1507 1446 1547 Vide
1461 1508 1637 1549 Salmas.
1657 1508 1710 1549 ad
1739 1509 1875 1550 Solin.
1903 1522 2002 1563 pag.
2034 1514 2154 1552 1330.
2173 1519 2221 1552 et

1336 1583 1428 1624 seq.

1392 1636 1534 1677 Cinere
1565 1636 1803 1688 rutilarunt]
1828 1638 1944 1678 Plin.
1981 1638 2011 1678 l.
2039 1648 2217 1678 xxvur.

1337 1711 1433 1753 cap.
1455 1704 1495 1740 1.
1526 1700 1539 1722 ‘
1557 1701 1781 1742 Gallorum
1809 1702 1888 1742 hoc
1915 1701 2133 1743 inventum
2153 1715 2222 1742 ru-

1339 1765 1512 1805 tilandis
1531 1766 1696 1818 capillis
1710 1766 1854 1807 cinere
1866 1772 1910 1806 et
1926 1778 2042 1807 sevo.
2086 1767 2224 1807 Erant

1339 1835 1384 1870 et
1400 1829 1730 1882 cinistones‚qui
1745 1829 2001 1870 calamistris
2018 1831 2062 1870 in
2078 1829 2221 1870 cinere

1340 1893 1563 1934 calefactis
1581 1893 1763 1945 capillos
1782 1891 2061 1945 crispabant!
2094 1928 2096 1930 .

1391 1956 1656 2008 Subsessores]
1683 1956 1894 1998 Subsessor
1916 1956 2093 2008 proprie
2113 1957 2222 1998 dici·

1340 2026 1426 2073 tur,
1462 2021 1535 2075 qui
1559 2020 1783 2061 delitescit
1803 2020 1856 2061 ad
1878 2021 2007 2061 alium
2023 2021 2224 2061 occiden-

1340 2086 1439 2126 dum
1478 2098 1555 2138 per
1587 2084 1790 2133 insidias3
1820 2096 1918 2124 nam
1948 2083 2195 2125 ‘subsidere
2215 2084 2226 2101 '

1338 2149 1562 2200 dicuntur,
1590 2149 1663 2201 qui
1701 2148 1790 2188 vias
1820 2147 2036 2200 obsident,
2066 2154 2115 2188 nt
2145 2160 2225 2200 per

1341 2212 1519 2253 insidias
1550 2213 1738 2253 viatores
1773 2211 2070 2264 intercipiant.
2123 2213 2226 2252 Vir-

1341 2277 1489 2328 gilius:
1510 2275 1744 2317 ‘Subsedit
1757 2266 1958 2316 adulter!
1997 2275 2126 2317 Unde
2141 2277 2224 2316 hoc

1338 2340 1437 2380 loco
1475 2352 1555 2392 pro
1587 2338 1911 2391 oppressoribus
1948 2340 2077 2380 alieni
2113 2340 2228 2415 thori

1340 2404 1564 2485 accipitur.
1594 2405 1743 2445 Oliver.

1397 2470 1466 2521 §6
1511 2469 1612 2508 Deoe
1651 2466 1884 2520 Viriplacoe]
1918 2467 2083 2508 Sacelli
2101 2468 2228 2520 hujus

1344 2531 1539 2572 meminit
1567 2532 1619 2571 P.
1638 2531 1809 2582 Victor,
1844 2531 2035 2583 Regione
2062 2531 2231 2572 decima

1344 2595 1475 2636 Urbis
1494 2595 1661 2646 Romae,
1681 2600 1728 2635 et
1746 2594 1790 2634 in
1810 2594 1958 2635 eadem
1980 2593 2230 2646 onuphrius

1346 2659 1597 2701 Panvinius.

1401 2723 1454 2764 In
1467 2722 1645 2774 Palatio]
1671 2721 1872 2763 AEdificia
1893 2722 2072 2774 publica
2094 2722 2231 2762 multa

1346 2787 1499 2828 hahuit
1540 2787 1811 2838 Capitolinus
1868 2787 2011 2838 Mons,
2050 2798 2231 2839 quorum

1349 2850 1551 2891 hodiene
1585 2851 1729 2890 ruinas
1750 2849 1922 2902 quidem
1959 2862 2035 2902 per
2070 2851 2234 2899 vineta,

1351 2927 1446 2966 quae
1491 2913 1553 2954 ibi
1600 2912 1785 2963 consita,
1829 2912 2080 2953 discernere
2115 2914 2234 2954 licet.

1352 2978 1463 3018 Vide
1484 2978 1686 3019 Marliau.
1705 2977 1779 3019 lib.
1797 2988 1850 3017 11.
1881 2977 2072 3030 Topogr.
2107 2978 2233 3019 Rom.

1351 3041 1424 3082 lib.
1447 3051 1549 3082 xxi.

1408 3105 1508 3145 Pari
1533 3104 1656 3156 jugo]
1697 3103 2009 3156 ConJunctione
2048 3108 2092 3144 et
2141 3103 2235 3156 pari

1354 3169 1511 3221 copula
1531 3169 1609 3208 viri
1629 3174 1676 3208 et
1695 3167 1855 3208 uxoris.

1410 3232 1432 3283 ξ
1477 3234 1502 3270 8
1561 3229 1784 3281 Charistia]
1853 3228 2234 3270 Ovid.1·’ast.1

1354 3293 1588 3334 ‘Proxima
1631 3292 1804 3344 cognati
1837 3292 1986 3332 dixere
2025 3292 2240 3332 charistia

419 3367 503 3406 que
523 3356 674 3396 attritu
703 3356 909 3395 lentorem
931 3356 1141 3407 quendam
1161 3359 1295 3399 veluti
1357 3357 1460 3406 cari,
1486 3357 1543 3400 Et
1569 3355 1686 3396 venit
1713 3355 1766 3395 ad
1799 3353 1937 3394 socios
1970 3353 2097 3394 turba
2139 3366 2238 3406 pro·

421 3430 536 3458 cerae
558 3419 736 3469 emittit,
753 3419 828 3459 sed
849 3419 1032 3458 nobilem
1063 3420 1179 3459 illum
1206 3434 1296 3462 suc-

1359 3420 1518 3472 pinqua
1551 3417 1702 3459 Deos!
1732 3428 1836 3457 vm.
1865 3415 2086 3456 Kalendas
2120 3417 2238 3456 Mar·-

423 3495 518 3522 cum
547 3484 601 3523 ad
636 3484 861 3536 tingendas
891 3490 1033 3524 vestes
1070 3484 1112 3523 in
1148 3486 1299 3526 mediis
1360 3483 1442 3522 tias
1462 3487 1586 3522 eraut
1600 3480 1827 3522 Charistia.
1881 3479 2004 3518 Bene
2018 3479 2238 3520 Kalenda-

424 3546 620 3590 faucibus
639 3548 782 3601 habet,
800 3547 1018 3587 minimum
1037 3547 1214 3601 liquoris
1234 3554 1301 3589 est
1362 3547 1468 3588 rium
1495 3545 1766 3588 Constantini
1799 3543 1978 3595 Magni:
2007 3554 2074 3584 rx.
2098 3545 2240 3585 FERA-
