2346 3996
420 302 562 357 1232

473 438 657 490 Papirio]
697 437 845 478 Scriba
882 437 1083 483 consulis,
1121 435 1191 486 qui
1228 435 1294 486 ju·

416 503 545 543 bente
580 504 750 542 consule
786 501 1016 541 deditionis
1073 499 1294 538 formulam

417 566 650 617 scripserat
671 565 886 604 Romanis.
917 564 1041 602 Idem.

469 628 687 679 Idem,8fc.]
698 626 888 678 Contigit
902 626 955 666 A.
968 626 1025 665 U.
1038 635 1294 665 CCCLXXXV.

474 690 718 741 Camerinos]
750 689 995 731 Camerium
1028 688 1144 728 Latii
1173 687 1294 738 oppi-

418 755 534 805 dum,
579 754 750 794 Tacito.
775 757 823 792 et
857 752 1013 792 Plinio.
1098 750 1294 791 Cameria

420 819 526 858 Livii
541 824 621 868 est,
634 822 679 857 et
691 816 1039 859 Halicarnassaei.
1075 814 1294 856 Coloniam

418 883 651 922 Romanam
669 879 828 922 factam
849 893 875 919 a
894 879 1073 919 Romulo
1101 884 1145 918 et
1173 878 1294 917 Tatio

413 945 597 997 regibus,
614 944 764 986 scribit
785 943 1050 995 onuphrius.
1106 940 1293 981 Cameri-

413 1022 513 1050 num
533 1015 602 1050 est
621 1009 818 1050 Ciceroni
848 1007 902 1048 ad
932 1008 1068 1048 Attic.
1097 1006 1169 1046 lib.
1191 1017 1294 1045 vm.

417 1073 558 1125 Epist.
593 1075 658 1113 12.
687 1073 818 1112 Festo
847 1082 1036 1124 quoque,
1067 1069 1142 1122 qui
1171 1069 1292 1121 oppi-

416 1137 516 1177 dum
536 1137 757 1188 pulchrum
777 1147 870 1176 esse
890 1134 966 1176 ait.
988 1134 1114 1173 Ortel.

469 1200 673 1252 Sacraria]
691 1200 778 1240 Ubi
799 1212 922 1239 sacra
940 1199 1230 1239 continentur.

471 1265 693 1319 Sacnflcia]
705 1266 766 1305 Ut
787 1268 1031 1304 emerentur
1051 1263 1250 1303 victimae.

472 1331 719 1370 Timochares
752 1327 1063 1379 Ambraciensis]
1105 1326 1296 1366 Historia

413 1394 505 1434 haec
524 1393 695 1433 diverso
712 1392 838 1432 modo
858 1396 1069 1431 narratur.
1126 1390 1294 1430 Gellius

414 1457 525 1497 libro
542 1468 615 1497 111.
637 1469 733 1508 cap.
753 1460 793 1496 8.
824 1456 837 1478 ‘
852 1456 970 1495 Dum
990 1453 1214 1506 Pyrrhus,'
1231 1453 1294 1492 im

416 1521 527 1574 quit,
557 1521 680 1561 ‘Rex
712 1520 754 1559 in
785 1519 913 1559 Italia
938 1517 1070 1567 foret,
1099 1522 1144 1558 et
1163 1518 1294 1557 semel

414 1589 546 1637 atque
563 1584 720 1624 iterum
754 1595 850 1623 cum
880 1582 1082 1623 Romanis
1108 1581 1294 1623 feliciter

413 1654 665 1700 pugnasset,
694 1648 880 1700 satisque
917 1651 1177 1699 angerentur
1212 1648 1292 1687 Ro-

415 1712 544 1762 mani,
565 1712 678 1765 quod
699 1712 902 1764 pleraque
916 1711 1047 1751 Italia
1062 1711 1118 1751 ad
1131 1712 1293 1764 Regem

414 1775 681 1826 descivisset,
710 1779 800 1815 tum
829 1773 1148 1815 Ambraciensis
1179 1776 1292 1827 quis·

413 1840 528 1892 piam
555 1833 842 1889 Timochares,
859 1837 1018 1891 Pyrrhi
1043 1838 1173 1890 Regis
1191 1838 1294 1877 ami-

416 1915 507 1955 cus,
537 1902 591 1943 ad
620 1902 669 1943 C.
702 1901 946 1943 Fabricium
967 1902 1183 1941 consulem
1203 1900 1293 1941 fur-

417 1967 496 2007 tim
512 1966 645 2017 venit,
675 1979 724 2006 ae
755 1965 978 2018 praemium
1007 1965 1148 2017 petiit,
1185 1971 1231 2005 et
1258 1965 1295 2004 si

415 2029 469 2070 de
490 2031 664 2083 praemio
694 2029 962 2078 conveniret,
991 2029 1187 2080 promisit
1208 2028 1295 2068 Re-

415 2107 511 2146 gem
529 2094 705 2135 venenis
726 2105 894 2145 necare,
919 2093 1048 2146 idque
1069 2092 1149 2132 sibi
1168 2091 1294 2132 facile

416 2156 537 2198 factu
575 2169 670 2198 esse
709 2156 831 2205 dixit,
867 2156 1067 2208 quoniam
1108 2154 1187 2195 filii
1231 2155 1294 2195 sui

415 2221 570 2274 pocula
585 2222 629 2261 in
649 2220 847 2260 convivio
868 2220 975 2271 Regi
994 2218 1296 2259 ministrarent.

416 2286 522 2325 Eam
537 2297 626 2325 rem
643 2284 864 2324 Fabricius
878 2283 931 2323 ad
945 2285 1146 2323 Senatum
1161 2283 1297 2335 scrip-

415 2349 485 2390 sit.
516 2349 702 2390 Senatus
723 2347 776 2389 ad
794 2349 955 2399 Regem
975 2348 1141 2398 legatos
1160 2347 1297 2397 misit,

415 2413 736 2465 mandavitque,
766 2417 816 2451 ut
844 2412 900 2451 de
918 2410 1170 2451 Timochare
1194 2410 1297 2451 nihil

416 2476 666 2529 proderent,
680 2475 754 2516 sed
774 2479 998 2516 monerent
1015 2475 1079 2515 uti
1098 2475 1193 2515 Rex
1217 2475 1297 2514 cir·

417 2541 703 2592 cumspectius
737 2546 903 2592 ageret,
938 2545 1066 2591 atque
1098 2551 1122 2578 a
1153 2539 1298 2591 proxi-

417 2615 582 2643 morum
627 2602 792 2644 insidiis
837 2603 1017 2642 salutem
1065 2607 1295 2642 tutaretur.

418 2668 515 2707 Hoc
553 2668 631 2719 ita,
669 2667 783 2707 sicut
817 2665 1014 2716 diximus,
1052 2666 1096 2705 in
1132 2665 1297 2705 Valerii

417 2731 609 2771 Antiatis
628 2730 805 2770 historia
823 2730 1030 2780 scriptum
1048 2731 1127 2768 est.
1181 2729 1296 2770 Qua-

416 2795 627 2847 drigarius
659 2800 800 2834 autem
835 2793 912 2833 lib.
948 2803 1023 2831 ιιι.
1056 2803 1140 2830 non
1157 2791 1297 2830 Timo-

417 2859 606 2907 charem,
622 2858 698 2898 sed
718 2857 886 2897 Niciam
907 2855 1062 2897 adiisse
1080 2854 1298 2894 consulem

419 2922 584 2972 scribit,
602 2933 737 2975 neque
754 2921 918 2972 legatos
931 2931 955 2959 a
966 2919 1122 2960 Senatu
1137 2917 1301 2970 missos,

422 2985 500 3026 sed
514 2998 539 3025 a
553 2985 798 3025 consulibus
812 2997 824 3035 ;
852 2982 1068 3036 Pyrrhum
1083 2993 1186 3022 vero
1202 2993 1302 3034 pop.

420 3052 544 3091 Rom.
587 3050 737 3091 laudes
774 3054 820 3089 et
859 3048 1019 3100 gratias
1062 3047 1302 3098 scripsisse,

420 3114 700 3167 captivosque
717 3123 880 3160 omnem
899 3122 1004 3163 quos
1023 3115 1124 3150 tunc
1137 3109 1302 3160 habuit,

421 3176 662 3217 restituisse
716 3178 764 3215 et
805 3172 1043 3227 reddidisse
1081 3171 1301 3213 Romanis.

426 3240 634 3280 Consules
654 3245 757 3280 tunc
777 3236 901 3278 fuere
930 3237 980 3277 C.
1000 3235 1222 3276 Fabricius
1242 3241 1305 3276 at-

423 3317 506 3357 que
536 3304 754 3344 AEmilius:
783 3302 967 3351 litteras,
1000 3311 1104 3352 quas
1137 3299 1189 3339 ad
1221 3300 1305 3339 Re-

424 3382 519 3421 gem
539 3369 757 3422 Pyrrhum
780 3378 911 3419 super
939 3378 992 3406 ea
1018 3376 1064 3404 re
1083 3364 1306 3416 miserunt,

424 3432 628 3473 Claudius
644 3430 953 3482 Quadrigarius
971 3427 1158 3479 scripsit,
1173 3425 1306 3466 fuisse

429 3497 509 3535 boc
549 3496 775 3549 exemplo:
809 3493 1017 3535 Consules
1053 3491 1233 3532 Romani
1265 3491 1309 3531 S.

427 3560 487 3600 D.
506 3560 671 3613 Pyrrho
692 3558 815 3612 Regi.
840 3557 930 3599 Nos
947 3567 1025 3608 pro
1045 3554 1129 3596 tuis
1142 3553 1308 3606 injuriis

997 313 1173 352 NOTAE
1216 311 1293 350 VA
1309 312 1549 353 RJORUM
1593 316 1659 354 IN

1357 436 1566 478 continuo
1587 439 1727 503 animo
1745 443 1918 478 strenue
1938 439 2138 478 commoti
2158 436 2234 480 ini-

1357 501 1526 541 miciter
1547 508 1690 544 tecum
1710 504 1870 544 bellare
1889 505 2109 544 studemus
2126 518 2137 554 ;
2161 505 2235 545 sed

1357 566 1589 605 communis
1620 568 1806 619 exempli
1838 573 1884 608 et
1914 567 2015 608 fidei
2048 581 2150 619 ergo
2180 568 2239 608 vi-

1356 639 1446 666 sum
1485 634 1567 680 est,
1600 634 1648 669 ut
1683 636 1728 670 te
1762 631 1924 670 salvum
1962 631 2160 682 velimus,
2188 637 2236 672 ut

1358 695 1473 729 esset
1493 702 1618 743 quem
1651 694 1776 732 armis
1810 694 1981 733 vincere
2011 695 2235 745 possimus.

1357 752 1425 793 Ad
1455 765 1531 794 nos
1564 756 1680 796 venit
1701 756 1846 796 Nicias
1865 756 2086 797 familiaris
2108 763 2232 798 tuus:

1357 819 1429 871 qui
1446 820 1526 860 sibi
1548 821 1735 873 pretium
1751 834 1776 861 a
1790 821 1912 862 nobis
1931 827 2117 874 peteret,
2139 823 2171 862 si
2194 829 2237 863 te

1356 884 1464 924 clam
1485 883 1801 926 interfecisset:
1830 884 1873 924 id
1894 896 1970 924 nos
1989 885 2236 937 negavimus

1357 951 1486 1000 velle,
1514 964 1569 992 ne
1602 953 1669 991 vel
1702 951 1756 991 ob
1780 963 1877 990 eam
1894 962 1983 990 rem
2008 950 2235 1003 quicquam

1357 1015 1567 1054 commodi
1588 1019 1866 1067 expectarem
1893 1019 1937 1054 et
1961 1013 2082 1054 simul
2101 1012 2236 1054 visum

1357 1087 1423 1118 est
1459 1084 1506 1118 ut
1546 1083 1597 1118 te
1627 1079 1856 1118 certiorem
1895 1076 2149 1127 faceremus,
2183 1089 2238 1117 ne

1358 1140 1461 1193 quid
1499 1141 1708 1193 ejusmodi
1744 1141 1779 1181 si
1819 1141 2061 1191 accidisset,
2089 1146 2238 1181 nostro

1357 1204 1536 1244 consilio
1568 1205 1767 1246 civitates
1805 1209 2009 1257 putarent
2043 1203 2236 1244 factum:

1357 1271 1404 1307 et
1422 1267 1536 1320 quod
1556 1267 1679 1308 nobis
1698 1281 1782 1308 non
1800 1269 1958 1320 placet,
1976 1266 2132 1319 pretio,
2162 1272 2238 1307 aut

1358 1331 1552 1382 praemio,
1580 1337 1654 1372 aut
1678 1331 1784 1372 dolis
1803 1343 2008 1384 pugnare.
2061 1332 2127 1372 Tu
2155 1330 2237 1371 nisi

1358 1404 1497 1443 curas,
1510 1393 1705 1444 jacebis!
1759 1394 1956 1434 Valerius
1986 1394 2028 1433 in
2055 1393 2136 1433 hac
2153 1391 2236 1432 his-

1358 1457 1466 1496 toria
1478 1458 1668 1499 imitatus
1685 1463 1753 1498 est
1765 1457 1984 1498 Valerium
1994 1453 2238 1498 “Antiatem.

1357 1521 1619 1561 Plutarchus
1656 1521 1763 1561 dicit
1802 1517 2045 1573 hujusmodi
2085 1519 2236 1560 literas

1357 1583 1515 1625 fuisse:
1543 1585 1555 1606 ‘
1575 1585 1622 1624 C.
1642 1585 1867 1626 Fabricius
1896 1589 1943 1624 et
1970 1585 2024 1628 Q.
2045 1583 2239 1624 AEmilius

1357 1648 1526 1699 Pyrrho
1563 1648 1656 1701 regi
1701 1649 1746 1690 S.
1785 1650 1943 1702 Neque
1991 1648 2239 1701 amicornm,

1356 1722 1497 1765 neque
1520 1712 1705 1752 hostium
1730 1711 1976 1752 fortunatus
2004 1711 2241 1752 aestimator

1357 1786 1452 1816 esse
1479 1775 1671 1816 videris:
1714 1787 1946 1828 cognosces
1983 1775 2113 1826 enim,
2140 1787 2236 1816 cum

1355 1838 1466 1879 hanc
1497 1839 1718 1891 epistolam
1752 1839 1807 1879 ad
1841 1851 1917 1880 nos
1949 1839 2238 1880 transmissam

1356 1901 1609 1954 perlegeris,
1641 1907 1686 1942 te
1708 1901 1837 1954 *bonis
1857 1902 2029 1956 quidem
2048 1913 2099 1941 ac
2109 1901 2238 1953 justis

1357 1965 1458 2005 viris
1474 1966 1634 2006 bellum
1653 1965 1831 2017 inferre,
1852 1966 1971 2006 malis
1986 1977 2087 2007 vero
2105 1971 2237 2018 atque

1357 2028 1527 2080 injustis
1555 2027 1786 2068 confidere.
1840 2028 1953 2069 Haec
1983 2032 2124 2068 autem
2154 2039 2239 2067 non

1359 2097 1431 2132 tua
1451 2092 1590 2143 gratia
1617 2098 1721 2132 nota
1751 2090 1932 2132 faci-mus
1967 2091 2061 2142 tibi,
2086 2091 2163 2131 sed
2182 2102 2239 2130 ne

1357 2168 1473 2196 mors
1510 2162 1586 2196 tua
1622 2155 1746 2195 nobis
1781 2154 2033 2195 calumniam
2070 2152 2244 2204 afferat,

1359 2219 1482 2271 quasi
1502 2219 1661 2259 virtute
1674 2219 1946 2272 nequ-iremus
1960 2222 2004 2258 te
2019 2227 2242 2268 superare,

1361 2283 1459 2324 dolo
1494 2282 1777 2324 contendisse.
1847 2281 2054 2333 Acceptis
2090 2280 2240 2331 itaque

1360 2347 1549 2398 Pyrrhus
1569 2345 1754 2386 Fabricii
1772 2345 1925 2396 literis,
1951 2342 2120 2384 medico
2139 2354 2241 2382 con-

1360 2412 1491 2463 victo,
1522 2424 1571 2452 ac
1604 2411 1813 2463 supplicio
1836 2410 1958 2462 juste
1980 2405 2157 2459 affecto,
2185 2406 2239 2447 ad

1359 2475 1685 2515 retributionem
1714 2473 1912 2514 beneficii
1939 2471 2135 2524 captivos
2154 2482 2241 2510 om-

1359 2551 1436 2579 nes
1456 2539 1591 2591 gratis
1607 2537 1804 2577 Fabricio
1818 2535 2106 2588 Romanisque
2121 2533 2242 2574 resti-

1363 2602 1477 2643 tuit?
1507 2603 1657 2641 Oliver.

1413 2665 1449 2705 A
1459 2666 1553 2718 filio
1572 2662 1741 2714 Martis]
1770 2663 1966 2703 Romulo.

1412 2729 1526 2768 Bene
1543 2726 1702 2777 mereri]
1734 2726 1951 2766 Praestare
1981 2735 2080 2776 pop.
2116 2723 2241 2763 Rom.

1360 2791 1630 2831 beneficium.
1683 2789 1905 2830 Dissentit
1933 2786 2242 2838 Quadrigarius

1362 2867 1387 2895 a
1415 2855 1606 2895 Valerio.
1661 2853 1871 2894 Similiter
1908 2857 1954 2892 et
1990 2849 2245 2902 Eutropius,

1364 2919 1435 2971 qui
1471 2924 1517 2959 et
1551 2920 1646 2971 ipse
1676 2919 1787 2958 hanc
1821 2922 1970 2957 narrat
2004 2914 2243 2955 historiam.

1365 2983 1479 3022 Nam
1511 2980 1818 3032 Quadrigarius
1846 2983 1892 3019 et
1919 2977 2152 3030 Eutropius
2181 2975 2244 3015 di-

1364 3051 1467 3087 cunt
1500 3045 1763 3098 proditorem
1795 3041 1928 3082 fuisse
1961 3041 2241 3081 nominatum.

1363 3109 1665 3151 Valerius-non
1691 3106 1836 3155 fuisse,
1864 3105 1987 3158 cujus
2014 3102 2243 3144 sententiae

1365 3178 1412 3214 et
1431 3172 1587 3213 Antias
1606 3170 1804 3211 Valerius
1821 3167 1920 3208 fnit.
1950 3167 2075 3207 Idem.

1420 3238 1443 3288 ξ
1463 3239 1486 3275 3
1508 3232 1811 3284 Per-duellionis]
1835 3231 1968 3282 Cujus
1987 3227 2175 3269 convicti
2195 3233 2244 3268 ut

1363 3299 1508 3339 hostes
1542 3295 1956 3338 condemnabantur.
2004 3292 2247 3332 Perduellio·

1364 3360 1446 3411 nis]
1462 3359 1583 3401 Dicti
1611 3357 1870 3411 perduelles,
1891 3354 1962 3408 qui
1979 3353 2153 3394 hostilia
2172 3353 2244 3394 εᾶ-

1367 3436 1515 3464 versus
1554 3421 1791 3474 principem
1827 3419 1896 3458 vel
1935 3416 2242 3470 rempublicam

1367 3487 1614 3536 moliuntur,
1632 3483 1830 3538 quoniam
1858 3493 1963 3534 quos
1992 3492 2069 3520 nos
2088 3480 2244 3530 hostes,

1369 3561 1440 3590 eos
1480 3553 1648 3590 veteres
1680 3545 1923 3600 perduelles
1955 3542 2245 3597 appellabant.
