2320 4004
588 330 847 371 vALERu
888 329 1131 368 ΜΑΧιΜι
1176 330 1291 367 ms.
1331 329 1424 368 111.
1465 327 1602 367 cAr.
1628 315 1679 366 7.

213 453 290 505 'qui
324 449 650 499 accusabantur,
683 459 761 501 pro
793 447 938 499 majori
968 451 1092 499 parte

212 513 582 567 periclitabantur.
618 513 770 553 Oliver.

265 578 386 629 Legio
402 575 621 627 Memmioe]
643 576 750 618 Quae
770 574 862 614 scil.
883 574 953 614 lex
975 577 1089 613 veta-

211 641 289 682 bat
305 639 476 680 nomina
493 651 658 689 eorum,
692 638 765 691 qui
791 637 991 678 abessent
1012 636 1090 676 rei-

210 703 409 756 publicae,
445 702 594 755 recipi,
629 701 795 742 scilicet
827 701 882 741 ad
919 712 1090 740 accusa-

207 767 386 816 tionem,
429 771 503 806 aut
542 765 596 805 ad
638 765 760 805 litem
807 762 1091 815 subeundam,

206 829 422 882 tantisper
441 829 540 869 dum
559 828 776 868 abessent.
804 827 972 868 Badius.

261 895 285 946 ξ
315 897 366 933 10
387 893 491 933 Sunt
507 897 547 933 et
559 892 650 943 itia]
672 893 803 943 Mago
819 891 1088 942 Carthagini-

201 956 371 997 enslum
387 956 489 1007 dux,
506 957 550 996 in
567 955 770 996 auxilium
800 955 1086 995 Romanorum

203 1032 304 1062 eum
344 1020 541 1061 ducentis
584 1025 630 1059 et
682 1019 861 1070 triginta
906 1018 1084 1059 navibus

204 1087 374 1138 missus,
400 1090 450 1126 ut
476 1084 612 1125 tradit
638 1084 850 1135 Justinus,
879 1084 1082 1124 Senatum

200 1149 329 1201 ‘ad-iit,
357 1149 520 1198 dicens,
548 1160 663 1200 aegre
691 1148 784 1200 pati
813 1146 1084 1199 Carthagini-

200 1223 345 1264 enses,
363 1218 412 1253 ut
429 1212 531 1252 Itali
551 1224 602 1252 ac
618 1211 800 1252 Romani
816 1224 840 1251 a
855 1211 1084 1263 peregrino

199 1276 325 1316 hoste
358 1275 679 1326 infestarentur,
710 1280 757 1315 et
790 1274 986 1327 quoniam
1008 1286 1082 1313 ex-

202 1343 329 1378 terno
363 1339 482 1379 hoste
527 1342 841 1390 premerentur,
879 1337 1080 1376 auxilium

198 1401 383 1452 misisse,
418 1407 467 1441 ut
503 1400 695 1440 externis
730 1411 899 1452 quoque
928 1399 1080 1450 opibus

198 1465 523 1518 adjuvarentur.
555 1464 706 1516 gratiae
726 1476 751 1504 a
770 1463 930 1503 Senatu
951 1469 1079 1513 actae,

197 1535 247 1570 et
262 1540 392 1569 naves
422 1528 609 1568 remissae
632 1532 748 1578 sunt,
763 1526 866 1579 quia
886 1526 1079 1566 dicerent

199 1593 414 1634 Romanos
435 1605 486 1632 ea
501 1591 615 1632 bella
631 1590 865 1642 suscipere,
883 1601 978 1642 quae
994 1590 1077 1629 suis

197 1656 358 1696 viribus
376 1666 528 1708 gerere
548 1659 739 1707 possent.
774 1654 925 1694 Oliver.

250 1718 470 1772 Pyrrhum]
500 1719 664 1769 Regem
685 1717 820 1768 Epiri.

250 1781 455 1833 Hostium]
497 1781 567 1821 Ad
587 1781 694 1821 illud
715 1793 849 1834 usque
868 1781 1074 1834 oppidum

191 1856 324 1899 super
340 1845 526 1895 Tiberim
540 1845 685 1885 situm.

246 1909 357 1950 Idem
371 1913 461 1961 post
486 1908 652 1960 aliquot]
698 1909 805 1950 Cum
827 1921 852 1948 a
871 1908 1075 1948 Romanis

189 1971 467 2012 obsideretur
485 1971 650 2024 Capua,
668 1970 873 2022 Annibal,
893 1977 939 2012 ut
959 1972 1013 2012 ab
1025 1983 1074 2012 ea

189 2035 410 2076 obsidione
429 2034 641 2076 Romanos
661 2034 952 2085 abstraheret,
972 2035 1073 2088 quia

186 2108 274 2139 non
294 2099 422 2140 aliter
437 2099 562 2139 sociis
579 2098 795 2138 subveniri
815 2109 941 2150 posse
954 2098 1071 2139 vide-

186 2162 278 2214 bat,
297 2163 352 2203 ad
371 2163 701 2215 oppugnandam
720 2161 871 2203 urbem
891 2163 1069 2203 Romam

185 2226 426 2266 exercitum
440 2226 582 2272 duxit,
596 2230 640 2265 et
658 2225 710 2265 ad
722 2225 934 2266 Anienem
946 2225 1069 2266 fluvi-

181 2295 259 2328 um
280 2288 364 2328 tria
381 2288 517 2328 millia
545 2300 743 2339 passuum
770 2287 825 2328 ab
850 2288 958 2329 urbe
977 2302 1069 2330 cas·

183 2357 256 2391 tra
273 2351 456 2401 locavit3
489 2350 563 2391 ubi
579 2363 677 2391 cum
697 2353 858 2392 stativa
887 2352 1068 2393 haberet

181 2414 385 2463 Senatus,
428 2414 589 2454 milites
635 2415 678 2454 in
719 2416 1066 2467 supplementum

183 2478 408 2532 Hispaniae
438 2479 569 2529 misit,
615 2483 662 2518 et
706 2491 871 2531 agrum,
903 2480 946 2519 in
982 2486 1066 2533 quo

180 2546 326 2582 essent
340 2541 500 2591 hostes,
517 2542 690 2593 publice
703 2543 916 2585 vendidit.
938 2544 1063 2586 Quod

179 2605 255 2645 ubi
272 2615 352 2658 per
369 2605 565 2658 captivos
585 2607 805 2658 cognitum
831 2611 900 2648 est
928 2606 1064 2648 Anni-

176 2668 281 2720 ·bali,
323 2667 368 2708 id
415 2668 525 2709 adeo
572 2669 823 2721 superbum,
869 2671 1061 2724 adeoque

175 2730 400 2784 indignum
429 2732 511 2784 ipsi
542 2732 678 2773 visum
712 2739 792 2784 est,
820 2734 938 2786 quod*
964 2747 1060 2775 cum

175 2795 268 2847 ipse
287 2795 342 2836 ad
370 2797 526 2836 moenia
553 2797 668 2837 urbis
700 2797 848 2837 Romae
870 2804 1060 2840 armatus

173 2859 366 2911 sederet,
394 2859 553 2900 milites
589 2860 668 2901 sub
701 2862 868 2901 vexillis
898 2864 938 2901 in
959 2875 1056 2915 sup·

171 2922 440 2974 plementum
449 2923 624 2963 aliarum
636 2925 947 2975 provinciarum
964 2927 1059 2966 mit·

172 2991 385 3036 tei-entur,
404 2991 450 3026 et
464 2986 562 3044 *ejus
581 2988 674 3040 soli,
691 2989 807 3040 quod
827 2989 919 3040 ipse
942 2990 1056 3030 bello

173 3056 351 3102 captum
386 3051 633 3103 possideret
663 3053 943 3107 haberetque,
972 3056 1054 3096 Ro-

170 3125 252 3154 mae
287 3114 507 3155 inventum
550 3120 790 3167 emptorem
833 3129 945 3168 esse,
982 3120 1055 3171 qui

168 3175 277 3217 nihil
293 3176 504 3218 diminuto
526 3179 673 3230 precio
703 3186 987 3233 mercaretur,
1006 3188 1055 3223 ut

170 3241 388 3292 extemplo
415 3248 570 3282 vocato
599 3254 817 3295 praecoue‚
851 3245 1052 3286 tabernas

166 3303 453 3356 argentarias,
469 3317 565 3358 quae
587 3306 704 3346 circa
732 3307 971 3348 Romanum
989 3308 1050 3349 fo-

166 3377 261 3406 rum
281 3374 442 3420 essent,
454 3369 637 3421 jusserit
657 3371 823 3422 venire,
838 3373 912 3412 sed
934 3385 1050 3426 emp-

170 3434 240 3468 tor
254 3440 337 3470 nou
351 3436 419 3471 est
435 3432 650 3473 inventus.
682 3434 833 3475 Oliver.

227 3492 420 3544 Capenam
434 3494 608 3547 portam]
626 3497 724 3539 Qua
736 3498 824 3538 itur
840 3497 1046 3551 Capuam,

168 3565 263 3609 quae
281 3556 429 3610 Capua
447 3563 551 3600 tunc
564 3559 618 3600 ab
637 3559 853 3603 Annibale
870 3564 1047 3606 teneba-

1897 313 2037 366 1109

1155 452 1237 487 tur.
1268 448 1374 487 Bad.
1435 447 1632 498 Capenam
1643 442 1818 496 portam]
1848 441 1916 482 Ad
1938 454 2036 494 por-

1155 517 1240 549 tam
1260 510 1466 551 Collinam
1488 518 1756 562 progressum
1775 505 2034 546 Annibalem

1154 574 1305 614 scribit
1322 575 1482 615 Livius.
1514 572 1726 613 Corradus.

1207 639 1230 689 §
1249 641 1297 676 11
1319 637 1502 689 Accium]
1524 636 1610 676 Hic
1630 633 1770 676 Poeta
1789 632 1902 673 inter
1921 631 2035 683 prin-

1151 700 1271 753 cipes
1289 700 1607 751 Tragoediarum
1622 699 1858 750 scriptores
1875 695 2036 736 relatus

1150 770 1218 805 est
1236 776 1260 803 a
1280 764 1525 804 veteribus:
1562 763 1690 815 paulo
1703 763 1853 814 junior
1866 758 1950 800 fuit
1973 761 2036 800 M.

1150 829 1373 869 Pacuvio:
1402 834 1529 868 natus
1562 828 1750 868 traditur
1781 823 2034 879 parentibus

1149 892 1382 944 libertinis,
1419 891 1614 931 Marcino
1647 896 1692 931 et
1721 891 1885 930 Serano
1911 888 2036 928 Coss.

1147 957 1333 998 Quidam
1371 956 1581 1005 scribunt,
1614 954 1747 995 fuisse
1774 953 1893 993 illum
1924 952 2033 991 rela-

1148 1027 1239 1060 tum
1260 1020 1376 1060 inter
1401 1032 1475 1060 eos
1509 1020 1701 1070 colonos,
1738 1017 1812 1070 qui
1839 1028 1893 1055 ex
1927 1015 2034 1055 urbe

1147 1085 1200 1124 ad
1221 1085 1426 1136 oppidum
1456 1082 1681 1123 Pisaurum
1702 1084 2005 1122 concesserunt
2022 1092 2035 1119 ε

1145 1147 1220 1188 ubi
1254 1146 1432 1188 fundum
1473 1158 1595 1186 suum
1631 1142 1840 1198 possedit,
1871 1142 1945 1195 qui
1975 1142 2030 1182 de

1145 1213 1279 1264 ipsius
1299 1212 1466 1252 nomine
1502 1209 1717 1251 Accianus
1746 1214 1815 1249 est
1842 1207 2034 1260 appella-

1146 1281 1230 1315 tus.
1289 1275 1468 1328 Ingenio
1498 1275 1589 1314 acri
1628 1271 1730 1321 fuit,
1768 1276 1813 1311 et
1845 1271 1889 1310 in
1927 1271 2033 1310 scri-

1147 1339 1295 1379 bendis
1314 1338 1470 1378 fabulis
1502 1338 1609 1378 miro
1643 1336 1787 1377 studio
1817 1333 2031 1375 incubuit.

1147 1404 1309 1443 Notum
1333 1409 1417 1453 est,
1451 1406 1659 1454 quantum
1695 1399 1733 1440 ei
1764 1397 2033 1438 concesserit

1146 1467 1308 1507 Decius
1338 1467 1514 1516 Brutus,
1543 1465 1609 1504 vir
1635 1462 1910 1510 clarissimus,
1930 1471 2028 1500 cum

1140 1531 1327 1571 voluerit
1369 1529 1574 1570 Accianis
1618 1526 1811 1567 versibus
1844 1523 2029 1576 templo·

1140 1607 1231 1635 rum
1267 1607 1316 1634 ac
1337 1600 1710 1634 monumentorum
1731 1590 1872 1630 aditus
1905 1600 2027 1628 exor-

1138 1659 1242 1698 nari.
1299 1658 1426 1700 Quod
1473 1669 1497 1698 a
1536 1658 1598 1697 M.
1638 1655 1781 1695 Tullio
1819 1652 2021 1693 refertur.

1137 1722 1260 1762 Idem
1292 1722 1465 1771 Accius,
1500 1733 1598 1760 cum
1644 1720 1729 1760 iter
1771 1716 1939 1758 faceret
1978 1712 2024 1755 in

1136 1783 1301 1835 Asiam,
1325 1783 1505 1823 divertit
1536 1782 1587 1822 ad
1619 1780 1804 1822 Poetam
1836 1771 2022 1818 Pacuvi-

1136 1860 1222 1898 um,
1254 1848 1326 1900 qui
1356 1847 1534 1887 Tarenti
1563 1846 1737 1898 agebat,
1766 1853 1950 1895 cumque
1971 1854 2023 1882 eo

1134 1911 1228 1951 dies
1265 1911 1427 1964 aliquot
1473 1914 1663 1950 versatus
1710 1914 1794 1958 est,
1840 1913 1887 1947 et
1924 1919 2023 1946 cum

1133 1974 1315 2014 Atreum
1346 1986 1466 2013 suam
1496 1973 1557 2013 illi
1587 1972 1808 2023 recitaret,
1827 1970 2022 2011 laudavit

1133 2050 1228 2078 eam
1267 2038 1500 2090 Pacuvius,
1527 2043 1574 2079 et
1605 2037 1731 2077 simul
1757 2034 1936 2089 grandia
1959 2035 2021 2074 in-

1131 2103 1239 2156 quit,
1276 2110 1321 2143 et
1358 2114 1514 2142 sonora
1546 2114 1655 2152 esse,
1684 2113 1781 2154 quae
1809 2100 1863 2141 ab
1882 2099 2021 2140 Accio

1131 2167 1299 2218 scripta
1329 2165 1514 2206 forent:
1562 2164 1703 2205 videri
1741 2170 1887 2204 tamen
1935 2161 2016 2201 sibi

1129 2230 1395 2281 duriuscule,
1425 2236 1470 2269 et
1499 2228 1722 2269 subacida.
1778 2227 1904 2269 Quod
1932 2225 2019 2266 Ac-

1131 2294 1223 2334 cius
1242 2295 1415 2347 quidem
1436 2293 1608 2334 minime
1627 2291 1806 2343 negavit
1828 2304 1840 2331 2
1870 2302 1950 2330 nec
1971 2301 2017 2328 se

1129 2358 1265 2410 inquit
1280 2358 1509 2410 poenitere,
1528 2356 1729 2409 quoniam
1749 2354 1862 2393 idern
1878 2352 2017 2393 ferme

1129 2422 1313 2474 ingeniis
1345 2423 1457 2461 solet
1489 2420 1691 2461 accidere
1719 2418 1832 2472 quod
1853 2418 2015 2470 pomis:

1130 2497 1227 2537 quae
1249 2484 1361 2524 enim
1383 2484 1489 2524 dura
1509 2483 1754 2533 admodum,
1780 2487 1827 2522 et
1858 2480 2017 2521 acerba

1128 2555 1380 2598 nascuntur,
1409 2549 1616 2600 paulatim
1649 2546 1766 2586 mitia
1799 2544 1924 2595 fiunt,
1951 2549 2015 2583 at-

1125 2624 1209 2664 que
1259 2611 1527 2663 perfectiora
1573 2609 1827 2650 redduntur.
1903 2607 2012 2649 Quae

1125 2677 1242 2715 vieta
1262 2675 1511 2727 gignuntur,
1531 2678 1577 2713 et
1603 2673 1765 2723 mollia,
1794 2683 2011 2724 nunquam

1124 2738 1176 2778 ad
1199 2751 1340 2778 veram
1362 2737 1530 2790 frugem
1548 2743 1591 2777 et
1607 2736 1897 2777 maturitatem
1914 2745 2010 2787 per-

1124 2803 1314 2844 veniunt.
1362 2803 1451 2852 Sic,
1471 2802 1613 2855 inquit
1633 2800 1808 2851 Accius,
1826 2799 2010 2839 sentien-

1122 2865 1220 2905 dum
1243 2872 1309 2906 est
1330 2865 1382 2904 de
1402 2865 1616 2904 hominum
1635 2863 1833 2915 ingeniis.
1861 2862 2008 2902 Statu-

1122 2941 1170 2968 ra
1188 2927 1272 2968 fuit
1292 2929 1520 2969 admodum
1542 2928 1681 2978 brevi,
1707 2934 1757 2968 ut
1782 2939 1807 2967 a
1835 2927 1886 2967 C.
1918 2926 2009 2966 Pli-

1121 2994 1192 3033 nio
1229 2992 1441 3033 refertur:
1482 2991 1560 3032 etsi
1608 2991 1837 3042 imaginem
1886 3002 2004 3029 suam

1119 3056 1348 3096 collocavit
1371 3057 1412 3094 in
1445 3054 1539 3094 aede
1573 3055 1871 3094 Camoenarum
1894 3063 2003 3102 pra>-

1117 3119 1271 3171 grandi
1291 3118 1439 3159 forma.
1495 3117 1695 3157 Citantur
1708 3114 1900 3167 ejusdem
1922 3112 2004 3152 Ac-

1116 3182 1171 3222 cii
1187 3181 1348 3222 fabulae
1368 3182 1612 3232 complures
1632 3192 1655 3219 a
1675 3177 1833 3218 nostris
1847 3176 2001 3216 Gram-

1114 3246 1311 3286 maticisz
1361 3250 1411 3285 ut
1442 3244 1668 3292 Phoenice‚
1703 3240 1999 3289 Menalippus,

1113 3309 1315 3361 Epigoni,
1349 3308 1526 3359 Medea,
1564 3306 1789 3353 Alcmeon,
1827 3302 2001 3340 Prome-

1115 3373 1254 3424 theus,
1268 3371 1552 3421 Philoctetes,
1570 3369 1743 3415 Atreus,
1762 3363 1997 3414 Neoptole-

1111 3448 1219 3476 mus.
1254 3435 1318 3476 M.
1355 3435 1507 3476 Cicero
1546 3430 1768 3484 praecipue
1803 3427 1995 3466 nominat

1110 3501 1312 3552 Brutum,
1334 3507 1379 3541 et
1397 3500 1691 3550 Argonautas.
1721 3493 1774 3532 P.
1800 3490 1993 3531 Crinitus.

1110 3566 1268 3606 Forsan
1286 3565 1392 3607 alius
1412 3561 1509 3611 fuit,
1530 3559 1602 3613 qui
1620 3554 1862 3599 Dictatoris
1883 3559 1991 3594 tem-
