2288 3990
377 315 487 368 966

378 444 576 494 hostium,
605 444 764 496 Diique
783 444 950 493 Manes,
979 455 1054 482 vos
1088 453 1255 493 precor,

380 517 581 556 veneror,
616 507 779 546 veniam
816 510 934 557 peto,
979 504 1157 555 feroque
1188 504 1254 544 uti

378 582 480 621 pop.
520 572 640 610 Rom.
661 569 888 612 Quiritium
908 568 991 607 vim
1013 567 1253 607 victoriam-

378 644 460 683 que
482 632 760 683 prosperetis,
772 631 995 681 hostesque
1011 642 1113 681 pop.
1131 630 1255 669 Rom.

381 695 608 735 Quiritium
634 700 809 742 terrore,
839 691 1078 743 formidine,
1100 697 1254 731 morte-

379 767 460 806 que
479 755 671 795 afficiatis
689 769 700 804 ;
719 756 828 793 sicut
845 754 984 794 verbis
1001 754 1257 807 nuncupavi,

378 819 437 856 ita
457 830 534 869 pro
554 817 790 868 Republica
811 817 1057 863 Quiritium,
1095 817 1256 857 exerci-

379 887 443 929 tu,
495 880 743 930 legionibus,
791 879 956 919 auxiliis
995 893 1096 932 pop.
1132 881 1252 919 Rom.

378 943 624 992 Quiritium,
659 942 846 993 legiones
882 943 1122 994 auxiliaque
1158 943 1253 982 hos-

376 1006 482 1043 tiam
499 1017 662 1046 mecum
678 1005 776 1044 Diis
791 1006 992 1045 Manibus
1009 1006 1253 1058 Tellurique

377 1068 582 1108 devoveo.
638 1068 746 1107 Haec
766 1069 825 1107 ita
846 1075 1059 1119 precatum,
1076 1069 1253 1108 lictores

378 1131 430 1168 ad
451 1131 496 1169 Τ.
516 1131 725 1170 Manlium
747 1131 967 1181 irejubet,
1002 1137 1253 1183 matureque

380 1194 555 1244 collegae
573 1205 617 1232 se
635 1193 831 1232 devotum
849 1206 926 1244 pro
941 1193 1135 1232 exercitu
1151 1206 1254 1232 nun·

375 1250 498 1295 tiare.
537 1256 653 1307 Ipse,
677 1257 888 1295 incinctus
909 1257 1051 1296 cinctu
1070 1256 1257 1306 Gabino,

379 1322 563 1356 armatus
600 1319 640 1357 in
674 1331 824 1369 equum
847 1319 1022 1369 insiluit,
1049 1331 1099 1358 ac
1131 1332 1176 1358 se
1209 1320 1253 1359 in

375 1380 535 1419 medios
554 1381 692 1420 hostes
710 1382 906 1421 immisit:
927 1387 1183 1432 conspectus
1199 1383 1252 1422 ab

376 1446 552 1493 utraque
585 1444 676 1482 acie
707 1444 923 1495 aliquanto
945 1445 1254 1495 augustiorhu-

377 1516 501 1543 mano
534 1505 639 1555 visu,
667 1505 779 1545 sicut
810 1506 917 1545 coelo
937 1507 1083 1546 missus
1114 1507 1254 1558 piacu-

375 1567 461 1605 lum
477 1566 611 1606 omnis
629 1568 815 1607 Deorum
834 1570 925 1619 irae,
940 1581 1065 1620 quam
1085 1576 1254 1622 pestem

380 1642 407 1669 a
425 1630 509 1669 suis
531 1641 722 1670 aversam
740 1631 781 1670 in
800 1631 946 1671 hostes
966 1631 1111 1671 ferret.
1169 1632 1255 1672 Ita·

378 1703 459 1742 que
475 1691 610 1730 omnis
630 1697 783 1743 terror,
812 1705 1029 1745 pavorque
1054 1705 1151 1733 cum
1179 1694 1254 1734 illo

379 1755 509 1805 latus,
541 1756 658 1805 signa
691 1756 825 1807 primo
846 1756 1090 1796 Latinorum
1110 1757 1254 1797 turba·

379 1817 647 1865 vit3deinde
677 1819 718 1857 iu
750 1825 884 1858 totam
915 1820 1086 1870 penitus
1119 1822 1252 1862 aciem

378 1880 582 1929 pervasit.
649 1879 1021 1921 Evidentissimum
1066 1882 1110 1922 id
1155 1883 1254 1930 fuit,

379 1943 493 1994 quod
523 1955 772 1995 quacunque
802 1956 911 1996 equo
947 1944 1142 1985 invectus
1171 1951 1256 1997 est,

379 2004 443 2043 ibi
462 2005 570 2044 haud
591 2018 711 2045 secus
732 2019 856 2058 quam
877 2006 1084 2058 pestifero
1113 2008 1256 2049 sidere

378 2069 456 2108 icti
475 2069 690 2121 pavebant
708 2083 719 2119 ;
740 2070 813 2109 ubi
835 2082 933 2111 vero
951 2072 1112 2111 corruit
1131 2073 1256 2112 obru-

383 2138 452 2171 tus
470 2133 585 2182 telis,
599 2133 795 2185 indejam
811 2134 1056 2175 hauddubie
1070 2141 1260 2176 conster-

381 2201 496 2235 natae
517 2197 713 2236 cohortes
739 2198 983 2236 Latinorum
1002 2197 1145 2250 fugam
1165 2213 1258 2240 vas-

381 2260 632 2312 titatemque
652 2261 739 2299 late
758 2259 980 2300 fecerunt.'
1012 2262 1160 2302 Olicer.

432 2322 576 2362 Latino
605 2323 718 2374 bello]
765 2324 861 2365 Quo
898 2325 1039 2364 Latini
1071 2339 1095 2365 a
1133 2326 1260 2366 sociis

383 2385 588 2425 Romanis
609 2384 871 2426 defecerant.

446 2449 624 2500 Vesuvii]
651 2449 778 2489 Mons
804 2454 869 2488 est
888 2450 1149 2502 Campaniae.
1167 2451 1262 2491 Vir-

385 2512 507 2563 gilius
545 2511 706 2562 Georg.
741 2523 794 2551 11.
827 2511 900 2550 ubi
926 2514 1034 2552 male
1060 2525 1085 2552 a
1113 2514 1263 2554 Servio

387 2577 575 2628 Liguriae
597 2576 866 2617 adscribitur.
922 2578 1048 2617 Mons
1086 2578 1154 2618 hic
1190 2580 1263 2619 ali·

387 2639 553 2690 quoties
583 2639 700 2679 arsit.
753 2640 864 2678 Vide
883 2639 937 2679 de
957 2641 1171 2682 luculento
1190 2643 1263 2683 illo

383 2701 596 2751 incendio,
612 2701 726 2753 quod
744 2714 819 2741 suo
836 2707 1027 2754 tempore
1042 2706 1266 2758 eleganter

387 2765 585 2816 depinxit
599 2764 766 2804 Plinius
785 2767 876 2806 Sec.
891 2767 933 2805 in
955 2769 1095 2819 Epist.
1151 2771 1264 2810 Vide

388 2835 432 2868 et
465 2829 575 2867 scitu
600 2829 732 2880 digua
769 2829 822 2870 de
855 2831 934 2870 hoc
969 2839 1115 2873 monte
1147 2835 1261 2886 apud

386 2891 682 2931 Cassiodorum
702 2893 803 2932 Var.
823 2893 949 2933 Num.
967 2905 1032 2935 tv.
1053 2899 1092 2935 1.

443 2955 510 2993 Ex
545 2954 669 2993 altera
704 2955 805 3005 acie]
852 2957 1063 3008 Duarum,
1098 2964 1172 3000 aut
1209 2973 1266 3000 ex

389 3018 597 3066 Romana,
616 3022 690 3057 aut
707 3029 759 3056 ex
776 3019 942 3058 Latina.

442 3079 539 3119 Diis
566 3079 772 3130 Manibus]
814 3081 909 3120 Mos
928 3082 1128 3136 antiquus
1148 3087 1266 3138 expi-

389 3143 594 3183 andorum
629 3143 821 3182 Manium
857 3156 882 3182 a
915 3145 1056 3184 Numa
1086 3147 1267 3197 primum

391 3206 631 3254 institutus,
651 3205 685 3243 si
708 3205 928 3244 Macrobio
948 3207 1176 3260 credimus,
1196 3212 1267 3263 qui

392 3276 438 3309 et
468 3271 638 3309 Festum
676 3268 834 3308 eisdem
874 3270 1113 3310 constituit.
1167 3274 1270 3314 Illos

393 3345 560 3385 quoque
597 3330 799 3382 sanguine
847 3332 1008 3382 placari
1061 3335 1269 3376 creditum

391 3402 484 3445 est;
516 3396 627 3434 unde
660 3400 705 3434 et
738 3394 922 3434 victimae
952 3395 1004 3434 iis
1031 3399 1270 3438 mactaban-

391 3464 475 3499 tur.
505 3458 658 3509 Virgil.
689 3458 702 3480 ‘
722 3456 863 3497 Caedit
891 3457 1040 3509 quinos
1074 3460 1126 3498 de
1154 3473 1269 3502 more

392 3523 610 3574 bidentes,
640 3522 810 3574 Totque
849 3533 962 3573 sueS‚
1002 3523 1269 3577 totidemque

957 328 1132 367 NOTAE
1174 326 1503 365 VARIORUM
1546 327 1611 365 IN

1316 443 1534 493 nigrantes
1566 446 1690 493 terga
1713 442 1946 493 juvencos!
2000 441 2194 484 Distinx-

1318 517 1390 544 ere
1422 505 1620 550 Veteres,
1645 505 1775 555 juxta
1806 505 2047 558 Apuleium,
2079 508 2195 548 inter

1317 567 1538 617 Lemures,
1565 566 1739 618 Larvas,
1763 573 1810 607 et
1829 569 2012 609 Manes:
2041 581 2095 609 ex
2112 571 2195 610 Le-

1317 628 1505 667 muribus
1536 629 1590 678 is,
1620 628 1693 679 qui
1727 635 1994 680 posterorum
2024 643 2205 672 suorum

1317 702 1461 730 curam
1494 690 1683 742 sortitur,
1715 697 1869 743 pacato
1889 698 1934 732 et
1955 694 2102 745 quieto
2119 705 2209 732 nu·-

1317 751 1429 790 mine
1457 752 1628 792 domum
1661 754 1870 804 possidet,
1913 755 2001 794 Lar
2037 754 2196 795 dicitur

1316 814 1569 855 Familiaris.
1623 816 1775 856 Larvae
1811 822 1952 857 autem
1991 823 2196 869 vagantes

1317 874 1490 916 infestae
1511 876 1649 918 malis.
1695 879 1802 919 Cum
1824 885 1966 920 autem
1986 881 2197 920 incertum

1317 942 1398 988 est,
1431 951 1523 991 quae
1561 940 1717 992 cuique
1751 941 1919 982 sortitio
1950 943 2199 994 contigerit,

1315 1001 1470 1040 Manes
1492 1005 1537 1041 et
1562 1002 1755 1042 Manium
1784 1003 1928 1043 Deum
1956 1005 2195 1056 appellant.

1315 1063 1470 1103 Manes
1511 1064 1656 1116 itaque
1695 1064 1998 1106 defunc-torum
2036 1067 2196 1108 umbrae

1318 1127 1384 1165 vel
1419 1127 1560 1177 potius
1589 1127 1759 1169 animae.
1814 1129 1884 1168 Ita
1902 1129 2032 1170 Plato
2058 1130 2103 1170 in
2127 1129 2197 1169 Ti·

1315 1200 1424 1227 maeo
1445 1194 1490 1228 et
1509 1189 1702 1241 Cratylo,
1722 1190 1929 1241 optimam
1950 1191 2079 1231 animi
2097 1203 2199 1231 nos-

1317 1253 1373 1293 tri
1392 1259 1559 1305 partem
1581 1254 1789 1295 Daemona
1809 1255 2062 1308 appellavit.
2106 1256 2198 1296 Ne-

1316 1329 1399 1369 que
1442 1318 1536 1358 haec
1593 1319 1888 1359 Ethnicorum
1926 1321 2062 1359 solum
2113 1314 2200 1359 fni‘t

1313 1381 1478 1431 opinio.
1532 1381 1633 1433 Ipse
1670 1381 1882 1432 Origenes
1920 1381 2202 1430 Christianus,

1316 1444 1386 1496 qui
1406 1445 1480 1483 illa
1500 1456 1553 1484 ex
1573 1445 1757 1484 Platone
1787 1444 1979 1484 hausisse
2012 1443 2207 1494 videtur,

1317 1506 1477 1545 animas
1508 1506 1714 1546 humanas
1736 1506 1778 1545 in
1798 1507 2026 1547 Daemones
2042 1507 2203 1547 mutari

1317 1567 1501 1608 asseruit
1532 1568 1606 1609 lib.
1643 1567 1728 1621 περὶ
1751 1569 1916 1621 Ἀρχῶν.
1972 1569 2202 1610 Platonem

1316 1637 1462 1673 tamen
1499 1632 1626 1673 aliter
1659 1633 1974 1684 interpretatur
2003 1633 2201 1672 Proclus.

1316 1694 1429 1735 Vide
1449 1694 1683 1748 Augustin.
1699 1695 1754 1735 de
1771 1695 1900 1736 Civit.
1931 1694 2019 1735 Dei
2035 1694 2112 1735 lib.
2133 1704 2204 1735 xx.

1317 1769 1416 1810 cap.
1437 1761 1502 1798 11.
1855 1787 1857 1789 ,

1372 1821 1576 1872 Matrique
1589 1819 1728 1870 terrae]
1753 1819 1864 1860 Haec
1885 1823 1931 1860 et
1945 1831 2098 1872 magna
2114 1830 2213 1858 rna-t

1318 1887 1403 1934 ter,
1436 1882 1709 1936 omniumque
1731 1883 1956 1935 genetrix3
1985 1882 2101 1923 unde
2120 1881 2204 1922 Or-

1320 1946 1479 1997 pheus:
1513 1945 1652 1998 Μήτηρ
1685 1944 1758 1995 μέν
1787 1961 1834 1986 τε
1851 1949 1946 1986 θεῶν
1961 1947 2036 1994 ἤδη
2053 1947 2204 1994 θνητῶν

1319 2009 1536 2062 ἀνθρώπων.
1588 2009 1700 2058 Vide
1719 2023 1851 2062 supra
1869 2023 1967 2063 pag.
1986 2014 2083 2052 917.
2100 2036 2102 2038 -

1378 2074 1633 2125 Devovisset]
1671 2075 1797 2116 Quod
1819 2075 1854 2114 si
1876 2074 2113 2126 periculum
2133 2073 2209 2114 ali-

1321 2139 1435 2191 quod
1466 2138 1685 2178 imminere
1709 2137 1946 2187 videretur,
1962 2142 2008 2177 et
2026 2135 2205 2188 Aruspi-

1323 2201 1657 2242 cesnunciarent
1669 2201 1784 2240 Deos
1794 2211 1878 2240 non
1894 2200 2086 2252 placatos
2099 2209 2209 2248 esse,

1325 2270 1414 2304 tum
1434 2277 1539 2304 uuus
1559 2263 1713 2316 aliquis
1729 2275 1783 2302 ex
1799 2262 2002 2303 Romanis
2017 2272 2111 2302 sese
2127 2272 2206 2312 pro

1324 2328 1518 2367 exercitu
1573 2339 1648 2366 suo
1693 2331 1741 2365 et
1785 2325 1910 2365 simul
1967 2323 2208 2364 exercitum

1323 2392 1504 2432 hostium
1524 2389 1774 2430 devovebat.
1831 2387 2013 2443 Licebat
2048 2390 2210 2437 autem,

1325 2454 1681 2507 quemadmodum
1721 2451 1868 2492 Livius
1905 2450 2016 2490 libro
2052 2454 2208 2490 octavo

1325 2518 1403 2568 ait,
1435 2517 1627 2565 Consuli,
1654 2514 1975 2565 Dictatorique,
2011 2516 2057 2552 et
2088 2511 2210 2552 Prae-

1326 2581 1427 2626 tori,
1453 2591 1582 2632 quum
1613 2577 1804 2629 legiones
1821 2575 2004 2616 hostium
2023 2574 2208 2614 devove-

1328 2644 1449 2693 bant,
1468 2648 1514 2682 et
1531 2653 1590 2692 se,
1608 2640 1676 2680 vel
1698 2638 1844 2689 alium,
1865 2649 1992 2690 quem
2012 2636 2135 2686 velit,
2153 2647 2210 2676 ex

1327 2707 1496 2757 legione
1518 2705 1709 2743 Romana
1726 2700 1907 2752 scripta,
1925 2699 2062 2740 civem
2080 2697 2209 2738 devo-

1329 2781 1446 2809 vere.
1505 2767 1551 2808 Si
1571 2766 1606 2805 is
1624 2766 1766 2815 homo,
1794 2765 1868 2816 qui
1885 2763 2066 2803 devotus
2084 2767 2211 2813 esset,

1328 2835 1587 2880 moreretur,
1618 2827 1754 2880 probe
1773 2824 1938 2866 factum
1958 2824 2209 2865 videbatur-2

1328 2895 1373 2934 ni
1410 2897 1665 2943 moreretur,
1715 2895 1807 2930 tum
1838 2889 2006 2940 signum
2034 2891 2212 2940 septem

1328 2957 1462 3010 pedes
1478 2957 1627 3006 altum,
1645 2947 1720 2993 aiut
1733 2952 1886 3004 majus,
1906 2951 1952 2991 in
1967 2956 2124 2991 terram
2138 2949 2211 2990 de-

1325 3019 1432 3070 fodi,
1468 3023 1514 3058 et
1543 3017 1760 3069 piaculum
1794 3013 1936 3054 hostia
1957 3012 2069 3054 caedi
2089 3023 2214 3064 opor·

1330 3085 1475 3125 tabat:
1521 3082 1595 3123 ubi
1631 3080 1735 3121 illud
1774 3079 1941 3132 signum
1993 3076 2211 3118 defossum

1330 3152 1458 3196 esset,
1481 3157 1533 3185 eo
1550 3145 1861 3195 Magistratum
1881 3141 2122 3181 Romanum
2140 3138 2213 3178 de-

1331 3209 1539 3250 scendere
1557 3207 1624 3247 fas
1638 3218 1720 3246 non
1737 3209 1847 3246 erat.
1891 3203 1979 3246 Qui
1995 3215 2098 3244 vero
2117 3213 2213 3244 sese

1331 3276 1543 3315 devovere
1563 3271 1755 3320 volebat,
1786 3269 1829 3308 ni
1855 3272 2112 3318 moreretur,
2139 3277 2213 3305 ne·

1333 3335 1585 3390 que'suum,
1611 3345 1751 3386 neque
1777 3331 1992 3383 publicum
2023 3329 2213 3369 divinum

1332 3412 1438 3451 pure
1459 3398 1606 3439 facere
1626 3400 1813 3449 poterat.
1870 3393 2010 3433 Addit
2027 3391 2181 3431 deinde
2199 3403 2211 3430 :

1329 3467 1340 3484 ‘
1356 3463 1423 3513 Ei,
1445 3463 1515 3514 qui
1534 3473 1629 3501 sese
1649 3458 1901 3507 devoveret,
1932 3455 2126 3496 Vulcano
2146 3465 2212 3493 ar-

1330 3540 1414 3579 ma,
1444 3526 1532 3566 sive
1566 3523 1692 3565 alicui
1725 3521 1837 3562 Divo
1875 3530 2032 3559 vovere
2068 3517 2212 3567 vellet,
