2358 4036
557 306 818 345 vAmsuu
865 304 1108 343 MAxiMl
1155 305 1273 343 mn.
1314 305 1355 343 1.
1396 290 1605 344 cAP.1.

170 430 182 452 ‘
196 430 343 471 Sortes
360 426 637 469 attenuatas!
691 428 915 480 Unamque
935 426 1054 466 exci-

169 493 287 534 disse
322 493 384 533 ita
413 493 648 545 scriptam3
678 493 884 532 ‘Mavors
921 492 1054 531 telum

171 567 294 596 suum
346 556 574 597 concutit.'
634 556 845 608 quomodo
899 554 1055 595 fierent

170 620 510 672 procurationes,
537 619 651 659 idem
670 620 815 660 Livius
836 619 981 660 docet.

224 683 428 736 sortibus]
464 684 613 724 Sortes
644 683 938 735 captabantur
969 689 1054 723 tes-

169 747 288 788 sellis
317 747 469 787 talisve
495 747 695 799 jactatis,
728 753 774 787 et
794 759 848 787 ex
869 751 1053 786 tessera·

168 824 262 852 rum
282 810 512 864 superficie
532 811 585 851 de
606 818 768 852 eventu
778 810 1052 864 judicabant.

170 874 287 915 Hine
315 874 368 915 ad
406 875 584 926 Buram,
618 873 796 915 Achaiae
831 874 1052 927 oppidum,

170 939 405 980 oraculum
428 940 629 981 Herculis
645 940 744 994 fuit,
760 953 814 982 ex
834 943 931 983 talis
952 941 1054 982 aba·

167 1015 303 1056 coque
323 1004 620 1045 constitutum.
668 1005 850 1046 Nobiles
872 1013 915 1047 et
935 1007 1055 1047 Prae-

166 1067 348 1107 nestinae
383 1073 533 1124 sortes.
589 1069 744 1110 Similis
777 1069 862 1111 fuit
888 1070 1054 1111 vanitas

168 1131 468 1185 Geomantica,
479 1146 575 1187 quae
585 1135 774 1175 sedecim
790 1134 939 1188 figuris
953 1147 1054 1176 con-

167 1194 330 1246 stabat,
349 1201 395 1236 et
414 1209 469 1236 ex
498 1197 549 1237 iis
577 1198 884 1250 praedictiones
906 1199 1053 1239 elicie-

165 1257 343 1310 bantur,
356 1272 532 1313 quorum
546 1263 717 1303 nomina
732 1270 871 1315 erant,
890 1262 1052 1316 Aequi-

167 1321 282 1375 sitio,
304 1322 506 1376 Amissio,
522 1325 708 1378 Laetitia,
721 1326 935 1374 Tristitia,
948 1329 1052 1368 For-

165 1392 271 1428 tuna
283 1389 440 1442 Major,
452 1391 640 1432 Fortuna
658 1392 820 1445 Minor,
837 1393 1053 1446 Conjunc-

167 1452 244 1503 tio,
281 1453 456 1502 Carcer,
496 1454 648 1508 Albus,
685 1457 850 1508 Bubus,
884 1458 1053 1509 Puella,

165 1515 297 1568 Puer,
330 1518 540 1572 Populus,
564 1520 662 1572 Via,
692 1521 849 1573 Caput,
887 1522 1050 1562 Cauda.

148 1574 252 1620 ‘Sed
282 1580 337 1620 de
369 1582 436 1622 his
465 1583 583 1623 alias.
640 1585 715 1625 Sin
747 1590 888 1625 autem
910 1592 1051 1626 sortes

163 1648 318 1692 auctae,
337 1644 450 1685 sicut
468 1645 512 1686 in
541 1647 717 1687 caeteris
746 1649 944 1699 ostentis,
962 1661 1050 1690 om-

162 1706 235 1747 nia
255 1719 462 1760 prospera
477 1711 881 1763 portendebantur3
901 1713 964 1752 sin
988 1713 1050 1753 di·

163 1770 354 1823 minutae,
393 1773 545 1814 tristia.
610 1767 683 1815 Ita
729 1775 876 1816 Livius
928 1777 1051 1818 Prae-

162 1834 353 1875 nestinas
401 1841 536 1877 sortes
572 1837 870 1880 ‘attenuatas’
921 1840 1047 1881 dixit.

167 1897 293 1951 Thys.

214 1962 442 2016 Impetrito]
498 1955 571 2006 ita
610 1965 789 2009 Adrian.
818 1968 1048 2010 Turnebus

164 2037 241 2078 pro
258 2027 459 2080 impertito
487 2030 691 2082 corrigit;
722 2032 834 2084 quod
856 2045 957 2072 sane
978 2045 1049 2072 ve-

160 2095 324 2132 tustum
345 2093 549 2144 augurale
565 2100 631 2134 est
646 2096 917 2136 vocabulum.
945 2097 1048 2136 Fes-

160 2159 230 2194 tus
250 2154 339 2195 dici
358 2156 451 2196 vult
466 2156 588 2209 quasi
604 2158 616 2180 ‘
635 2157 944 2211 impetratum,'
967 2159 1048 2199 hoc

160 2221 241 2267 est,
276 2216 443 2258 firmum
475 2232 526 2259 ac
560 2232 772 2273 securum,
806 2222 934 2262 immo
963 2230 1047 2264 sta-

159 2279 261 2331 bile,
279 2292 359 2321 ceu
377 2281 420 2321 in
440 2288 566 2334 petra
584 2282 733 2337 fixum,
754 2285 865 2327 sicut
885 2287 958 2327 alii
984 2287 1048 2328 in-

162 2348 479 2395 terpretantur.
537 2345 653 2387 Hinc
682 2360 806 2388 sacra
826 2349 1049 2401 impeti-ita

161 2405 206 2445 iu
225 2405 493 2458 inquirendis
516 2420 658 2448 rerum
687 2412 930 2462 eventibus,
948 2418 1048 2453 ante

160 2469 351 2519 oracula,
386 2470 592 2522 auspicia,
611 2473 678 2514 vel
714 2474 941 2527 sortilegia
972 2475 1048 2516 fie-

159 2531 282 2584 bant,
293 2533 659 2575 conciliandorum
672 2537 889 2578 numinum
902 2552 1046 2589 causa,

160 2599 209 2635 ut
228 2601 365 2648 certa,
397 2596 538 2649 firma,
548 2610 600 2639 ac
623 2611 777 2641 secura
795 2603 1047 2654 petentibus

159 2659 484 2703 denuntiarent.
541 2662 698 2716 Itaque
727 2670 773 2705 et
792 2667 945 2718 auguri
977 2668 1047 2708 Ci-

157 2723 305 2764 ceroni
321 2724 404 2765 hoc
418 2725 559 2776 ipsum
581 2739 703 2767 suum
726 2729 903 2771 verbum
924 2730 1048 2772 reddi

159 2785 292 2826 debet
312 2787 368 2827 de
388 2787 668 2830 Divinatione
687 2790 763 2832 lib.
784 2804 837 2833 11.
867 2805 966 2834 cum
985 2795 1047 2835 di-

156 2849 221 2889 cit
239 2863 250 2890 :
278 2850 291 2872 ‘
312 2851 400 2894 Qui
421 2852 582 2905 evenit,
599 2859 649 2895 ut
667 2854 702 2894 is
722 2855 795 2908 qui
823 2857 1047 2910 impetrire

157 2911 282 2964 velit,
321 2915 647 2957 convenientem
689 2919 873 2960 hostiam
921 2922 1047 2964 rebus

161 2976 249 3016 suis
280 2977 518 3019 immolet?'
559 2980 645 3021 Ubi
671 2995 793 3035 oeque
819 2997 1049 3038 perperam

159 3039 173 3062 ‘
193 3039 430 3091 impertire'
461 3042 504 3082 in
536 3044 722 3097 vulgatis
756 3047 937 3088 habetur
979 3061 1050 3091 ex-

160 3102 435 3154 emplaribus.
476 3105 548 3146 Sic
566 3112 613 3147 et
630 3107 799 3150 Plinius
820 3113 1049 3153 restituen-

160 3166 238 3206 dus
257 3167 333 3208 lib.
362 3179 535 3210 xxvnr.
569 3183 664 3225 cap.
691 3176 732 3213 2.
788 3174 800 3196 ‘
822 3175 1047 3218 Praeterea

158 3229 242 3269 alia
274 3237 374 3271 sunt
410 3234 541 3274 verba
577 3235 826 3290 impetritis,
862 3239 943 3279 alia
972 3240 1047 3280 de-

160 3294 375 3345 pulsoriis,
436 3296 520 3336 alia
574 3300 1051 3344 commendationibus?

157 3355 262 3397 Non
283 3362 401 3398 recte
421 3359 540 3399 enim
567 3362 694 3414 vulgo
720 3363 904 3415 legitur:
936 3366 949 3388 ‘
970 3366 1048 3406 im-

159 3421 393 3470 peti-antis,
422 3422 682 3476 depulsoris,
723 3431 1048 3471 commentatio-

162 3481 254 3522 nis!
298 3483 371 3524 Ita
388 3485 513 3527 valde
533 3487 724 3540 impurus
746 3497 813 3532 est
830 3492 904 3533 ille
917 3494 1049 3534 Plinii

165 3542 299 3598 locus,
330 3552 380 3589 ut
416 3560 471 3589 ex
501 3549 595 3602 ipso
629 3553 807 3596 Valerio
843 3557 1046 3610 colligere

1897 293 2006 345 915

1121 431 1204 477 est,
1223 427 1298 480 qui
1322 427 1414 467 baec
1436 425 1517 466 tria
1546 424 1676 466 etiam
1698 436 1915 466 sacrorum
1937 439 2008 475 ge-

1118 501 1225 529 nera
1245 495 1458 530 recenset.
1514 488 1646 541 Apud
1675 489 1828 540 solum,
1849 489 1893 528 ni
1925 487 2006 529 fal-

1117 555 1196 607 lor,
1210 555 1417 595 Plautum
1437 556 1518 596 hoc
1537 555 1676 607 ipsum
1691 554 1921 606 genuinum
1938 567 2010 594 vo-

1117 618 1331 671 cabulum,
1367 618 1482 673 quod
1515 631 1570 659 ex
1601 618 1696 658 aliis
1719 617 1842 659 bonis
1859 623 2007 658 aucto-

1117 681 1236 722 ribus
1254 682 1482 722 sciolorum
1502 682 1722 734 imperitia
1741 681 1914 722 omnino
1934 695 2007 721 ex-

1118 745 1391 786 terminatum
1407 750 1489 797 est,
1510 746 1738 795 remansit3
1769 745 1842 798 qui
1871 746 1934 786 sie
1963 745 2007 786 in

1121 808 1345 850 Asinaria:
1389 811 1402 831 ‘
1434 810 1729 861 Impetritum‚
1775 810 2005 862 inaugura-

1118 871 1222 913 tu’st
1263 873 1413 927 quovis
1446 874 1681 915 admittunt
1712 874 1846 916 aves!
1903 875 2007 926 Pig-

1116 936 1220 978 hius.

1174 1002 1263 1047 Quo
1293 1002 1414 1042 etiam
1443 1006 1684 1043 ostentorum
1707 1016 1754 1043 ac
1773 1003 2007 1056 fulgurum]

1118 1067 1218 1107 Non
1255 1066 1407 1107 eodem
1442 1066 1551 1107 dicit
1582 1066 1796 1108 sacrificio
1828 1069 2007 1120 purgari

1117 1129 1465 1170 denuntiationes
1498 1129 1713 1182 fulgurum
1743 1136 1786 1170 et
1815 1135 2007 1171 ostento-

1117 1206 1226 1243 rum,
1266 1205 1350 1247 quo
1378 1194 1624 1247 purgabant
1655 1206 1720 1245 ea,
1751 1207 1848 1248 quae
1878 1195 2005 1235 sorti-

1116 1259 1195 1299 bus
1215 1259 1282 1299 vel
1302 1261 1416 1299 extis
1440 1259 1648 1313 inquisita
1667 1266 1790 1311 sunt;
1825 1259 1901 1300 sed
1921 1260 2005 1300 alio

1115 1320 1346 1371 sacrificio,
1379 1322 1584 1363 videlicet
1616 1321 1830 1363 sacrificio
1863 1329 2006 1363 osten·

1116 1390 1274 1425 torum.
1321 1385 1399 1434 Ut,
1420 1385 1537 1425 verbi
1559 1386 1714 1437 gratia,
1733 1386 1765 1425 si
1788 1385 2006 1438 lapidibus

1116 1448 1316 1501 pluisset,
1344 1449 1589 1489 novendiali
1618 1449 1826 1490 sacrificio
1846 1461 2005 1502 expur-

1115 1512 1314 1566 gabatur,
1346 1513 1449 1566 quia
1481 1525 1635 1554 novem
1669 1513 1822 1555 diebus
1842 1513 2005 1554 sacrifi-

1115 1575 1194 1615 ciis
1215 1588 1392 1628 operam
1426 1576 1519 1616 dari
1549 1578 1799 1629 oportebat.
1858 1578 2005 1618 Livius

1114 1639 1158 1679 id
1175 1641 1321 1680 multis
1341 1641 1384 1680 in
1402 1641 1510 1680 locis
1531 1641 1676 1692 docet,
1698 1642 1867 1683 scilicet
1893 1642 2004 1682 libro

1113 1706 1267 1758 quinto
1304 1706 1479 1746 secundi
1512 1706 1667 1746 Punici
1709 1707 1825 1747 belli.
1883 1709 1894 1730 ‘
1916 1707 2005 1747 Per

1115 1768 1308 1823 aliquot,’
1331 1770 1485 1822 inquit,
1508 1771 1519 1792 ‘
1540 1769 1632 1809 dies
1655 1770 1863 1811 Consules
1894 1771 2002 1811 divi-

1112 1833 1179 1874 nis
1213 1834 1340 1874 rebus
1374 1846 1551 1886 operam
1587 1834 1816 1886 dederunt,
1848 1840 1895 1876 et
1925 1849 2004 1888 per

1111 1910 1259 1938 omnes
1288 1899 1382 1940 dies
1416 1912 1584 1941 sacrum
1615 1901 1872 1941 novendiale
1891 1900 2007 1943 fuit.’

1114 1963 1271 2004 Oliver.

1166 2027 1228 2067 Ac
1236 2025 1469 2079 fulgurum]
1502 2028 1561 2068 Ut
1576 2028 1608 2068 si
1628 2032 1743 2068 tecta
1757 2026 1932 2080 publica
1946 2027 2003 2068 de

1111 2091 1220 2131 coelo
1241 2096 1360 2132 tacta
1378 2091 1578 2143 fuissent,
1599 2092 1833 2143 majoribus
1852 2092 2004 2132 hostiis

1113 2154 1279 2206 expiari
1299 2155 1542 2207 oportebat.
1575 2156 1727 2195 Oliver.
1768 2156 1912 2196 Locus
1928 2156 2002 2196 ille

1112 2217 1307 2259 bidental
1336 2218 1498 2269 dictus,
1518 2225 1648 2273 atque
1675 2231 1799 2259 sacer
1818 2219 2003 2261 habeba·

1113 2287 1200 2331 tur,
1217 2294 1268 2322 ac
1286 2284 1417 2323 certis
1437 2284 1709 2336 ceremoniis,
1731 2291 1862 2337 prout
1881 2285 2003 2326 libris

1112 2344 1399 2397 fulguralibus
1413 2349 1591 2399 Tagetis
1601 2355 1646 2389 et
1660 2350 1840 2390 aliorum
1854 2351 2003 2390 Etrus-

1113 2421 1262 2448 corum
1301 2411 1620 2464 continebatur,
1661 2424 1781 2452 sacra
1819 2424 1870 2452 eo
1917 2413 2004 2454 loci

1110 2472 1299 2515 fiebant:
1330 2487 1470 2527 neque
1484 2476 1531 2516 id.
1546 2477 1677 2516 semel
1695 2478 1846 2529 solum,
1862 2477 1938 2517 sed
1958 2477 2002 2517 in

1114 2541 1330 2588 posterum
1351 2539 1483 2578 etiam
1516 2540 1719 2592 religiose
1747 2542 1868 2581 locus
1890 2542 2002 2582 cole-

1111 2601 1255 2653 batur,
1271 2604 1359 2642 aris
1390 2603 1521 2643 etiam
1553 2604 1614 2645 ibi
1643 2605 1817 2657 positis,
1839 2611 1885 2646 et
1905 2607 2004 2645 reli-

1112 2676 1194 2716 quo
1222 2664 1531 2705 sacrificiorum
1558 2673 1785 2719 apparatu.
1844 2669 2004 2720 Fulgu-

1110 2727 1227 2768 ribus
1246 2734 1390 2769 autem
1411 2731 1596 2771 conditis
1617 2731 1727 2784 lapis
1752 2733 2003 2784 imponeba—

1112 2795 1200 2843 tur,
1221 2791 1264 2831 in
1284 2792 1444 2845 medio,
1459 2799 1509 2834 ut
1536 2796 1788 2847 verisimile,
1805 2795 2003 2837 foramen

1111 2854 1290 2895 habens.
1346 2857 1474 2898 Quod
1514 2859 1649 2900 veluti
1687 2861 1896 2912 templum
1932 2861 2003 2901 vel

1113 2930 1188 2959 ara
1206 2918 1368 2972 fulguri
1395 2921 1493 2963 fuit.
1550 2923 1684 2964 Certo
1718 2937 1888 2978 quoque
1917 2925 2003 2965 ritu

1112 2980 1430 3035 fulguratorum
1448 2999 1628 3039 corpora
1643 3000 1731 3029 non
1752 3001 2001 3029 concrema-

1112 3045 1272 3086 bantur
1292 3048 1406 3100 apud
1422 3050 1654 3093 Romanos.
1693 3052 1808 3092 Vide
1822 3053 2000 3092 Salmas.

1113 3110 1157 3150 in
1173 3111 1305 3151 Solin.
1327 3125 1369 3164 p.
1393 3114 1516 3154 1142.

1168 3175 1339 3215 Tantum
1369 3177 1518 3229 autem]
1556 3178 1756 3219 Studium
1789 3191 2000 3219 commen-

1112 3237 1188 3278 dat
1221 3241 1512 3293 antiquorum,
1539 3243 1654 3294 quod
1683 3241 1915 3282 adhibuere
1946 3243 2001 3282 ad

1113 3301 1366 3354 religionem
1387 3305 1631 3345 colendam.
1690 3306 1813 3355 Cum,
1843 3304 2000 3356 inquit,

1113 3365 1324 3407 Hetrusci
1352 3378 1404 3407 eo
1437 3373 1633 3420 tempore
1664 3367 1835 3407 caeteris
1864 3370 2002 3418 genti·

1113 3427 1194 3468 bus
1233 3428 1439 3480 religione
1483 3434 1757 3482 praestarent,
1805 3436 1999 3471 senatus-

1114 3494 1311 3533 consulto
1330 3493 1477 3534 decem
1499 3493 1740 3545 principum
1757 3492 1834 3532 filii
1854 3494 1998 3546 singu-

1111 3555 1165 3597 lis
1181 3555 1427 3598 civitatibus
1447 3557 1668 3598 Hetruriae
1697 3557 1993 3610 tradebantur,
