2346 3996
404 288 426 338 1
437 286 545 340 :374

402 425 547 470 potem
594 419 771 469 dictum,
833 420 954 472 quasi
1002 422 1057 463 Q.
1107 422 1279 462 Metelli

402 481 673 522 Macedonici
701 489 921 534 nepotem,
954 483 1167 534 significat
1197 484 1278 524 As-

402 545 563 584 conius.
622 544 746 586 Quod
795 545 965 584 videtur
998 559 1092 586 esse
1131 556 1279 588 contra

401 608 656 646 sententiam
678 607 857 648 Valerii.
885 608 1125 661 Aliquando
1146 611 1277 651 etiam

401 670 641 719 suspicatus
661 682 750 708 sum
771 671 998 720 legendum
1018 674 1131 724 apud
1151 675 1278 714 Vale-

400 731 523 777 rium,
555 732 651 771 Nisi
680 733 846 784 Nepotis
874 748 899 774 a
926 736 1136 786 majoribus
1172 750 1278 776 acce·

397 796 532 844 pisset.
575 794 660 834 Sed
680 796 876 847 suspicor
897 804 1075 839 tantum.
1107 801 1235 839 Color.

452 858 564 897 ExT.
585 858 607 909 ξ
629 862 650 897 1
687 859 797 898 Unus
815 872 865 899 ex
877 861 1105 913 oequaIibus]
1130 861 1180 900 In
1198 862 1277 901 hoc

400 919 601 960 dissentit
621 934 658 960 a.
672 921 818 962 solino
839 929 885 962 et
906 923 1047 963 Plinio
1066 925 1280 974 Valerius,

398 982 470 1033 qui
498 983 627 1033 regiae
658 983 804 1035 stirpis
842 983 1119 1025 Artemonem
1146 985 1278 1025 fuisse

398 1045 590 1095 dicit‚illi
608 1059 708 1086 vero
723 1059 776 1087 ex
792 1047 967 1100 Syriaca
984 1050 1110 1100 plebe
1128 1051 1276 1090 virum.

405 1108 514 1147 Oliv.

452 1164 662 1223 Artemon]
693 1173 764 1212 Ita
784 1178 829 1213 et
850 1174 1019 1213 Plinius
1042 1174 1115 1215 lib.
1137 1185 1219 1214 vn.
1240 1186 1278 1214 c.

401 1236 464 1272 12.
521 1234 605 1273 Sed
630 1233 839 1274 Artemon
870 1242 915 1275 et
939 1248 993 1274 ex
1019 1236 1148 1287 plebe
1178 1236 1278 1276 dici-

398 1302 471 1334 tur
489 1308 515 1335 a
530 1296 672 1335 Solino
694 1309 790 1348 cap.
810 1301 850 1338 4.
883 1299 1047 1337 Corrud.

450 1359 471 1409 ξ
493 1362 519 1398 2
547 1360 768 1411 Milesium]
797 1361 867 1400 Ita
883 1361 1027 1411 vulgo,
1048 1361 1100 1402 ab
1117 1361 1278 1413 oppido

396 1420 570 1470 Mileto,
595 1422 708 1473 quod
739 1421 824 1462 fuit
853 1424 897 1463 in
930 1423 1066 1463 Ionia.
1115 1424 1200 1464 Sed
1219 1426 1277 1464 le-

396 1483 581 1533 gendum
602 1495 656 1523 ex
674 1484 1004 1538 Manuscriptis,
1017 1487 1277 1539 Mylasenum.

397 1545 478 1584 Est
497 1552 638 1586 autem
659 1547 830 1599 Mylasa
843 1549 980 1589 Cariae
999 1548 1098 1590 urbs
1119 1550 1278 1602 Plinio,

395 1609 627 1661 Stephano,
647 1609 840 1662 aliisque.

452 1672 898 1726 Concitatoefacundioe]
930 1674 1084 1715 Strabo
1113 1676 1141 1715 l.
1168 1687 1275 1717 x111.

392 1732 581 1784 μέγιστον
615 1735 759 1788 ῥήτορα
790 1736 912 1789 facit,
944 1744 991 1778 et
1020 1738 1276 1790 discipulum

397 1799 653 1851 Diotrephae
673 1801 945 1843 Antiocheni.
982 1802 1106 1842 Idem
1125 1803 1276 1843 eodem

394 1864 491 1903 loco
522 1864 584 1904 ait
615 1877 691 1905 suo
723 1871 917 1918 tempere
938 1867 1112 1907 vixisse.
1159 1867 1275 1920 Ergo

397 1933 444 1967 et
462 1928 642 1981 Valerii,
659 1935 732 1970 aut
751 1932 880 1982 paulo
901 1937 1014 1972 ante.
1039 1932 1167 1972 Coler.

452 1991 732 2043 Gymnicorum
749 2006 857 2034 servo
876 1998 1091 2034 stramenta
1110 2006 1275 2046 gymna-

394 2054 447 2093 sii
463 2055 681 2106 colligenti]
711 2056 784 2096 Ita
802 2058 945 2109 vulgo.
983 2057 1033 2096 In
1057 2057 1276 2097 veteribus

394 2115 513 2154 libris
530 2123 750 2159 correcte:
777 2119 1024 2170 Cymaeorum
1037 2130 1145 2158 servo
1155 2119 1278 2167 strig-

395 2181 527 2217 menta
542 2180 743 2229 gymnasii
752 2181 966 2230 colligenti.
1009 2182 1077 2220 De
1095 2181 1278 2233 Cymaeis

395 2242 459 2281 ita
471 2243 713 2294 Stephanus
730 2258 740 2285 τ
763 2244 875 2295 Κύμη
891 2244 1002 2286 πόλις
1014 2244 1190 2287 Αἰολίδος
1206 2246 1279 2298 πρὸ

393 2307 463 2352 τῆς
470 2304 633 2358 Λέσβου,
641 2307 717 2347 ἀπὸ
725 2307 858 2359 Κύμης
867 2308 1091 2361 Ἀμαζόνος·
1103 2310 1279 2350 ἐκαλεῖτο

392 2369 433 2409 δὲ
440 2369 680 2421 Ἀμαζόνων·
689 2372 736 2411 τὸ
747 2373 903 2424 ἐθνικὸν,
916 2375 1095 2423 Κυμαῖος·
1110 2374 1281 2414 ἐντεῦθεν

393 2432 442 2480 ἧν
452 2433 618 2486 Ἔφορος
637 2437 658 2476 ὀ
678 2435 869 2489 ἱστορικὸς
886 2436 951 2477 καὶ
961 2436 1152 2478 Ἡσίοδος.
1191 2439 1276 2478 Ea-

396 2498 492 2537 dem
529 2499 686 2540 Strabo
721 2500 871 2541 scribit
903 2501 981 2542 lib.
1018 2512 1105 2541 xu.
1151 2501 1165 2523 ‘
1186 2500 1277 2553 Hy-

394 2560 522 2600 breas
554 2566 699 2602 orator
730 2563 877 2615 itaque
907 2576 1112 2616 perquam
1132 2563 1279 2603 similis

395 2632 490 2663 erat
519 2625 792 2677 Cymaeorum
828 2637 953 2666 servo
985 2626 1174 2678 publico,
1204 2626 1278 2679 qui

391 2686 645 2738 strigmenta
656 2689 862 2741 gymnasii
877 2688 1139 2741 colligebat!
1167 2689 1279 2728 Sunt

395 2754 538 2790 autem
557 2751 792 2801 strigmenta
823 2751 983 2796 sordes,
1012 2763 1106 2804 quoe
1136 2750 1277 2791 deter-

396 2815 555 2861 guntur
582 2824 607 2851 e
633 2812 885 2864 corporibus
916 2812 1190 2861 athletarum,
1209 2811 1278 2851 vel

395 2875 688 2914 exercentium
709 2886 754 2914 se
774 2874 817 2914 in
837 2874 1080 2926 gymnasiis.
1126 2874 1277 2914 Utitur

396 2926 606 2977 vocabulo
636 2936 887 2989 frequenter
916 2936 1102 2988 Plinius,
1121 2942 1170 2977 ut
1202 2937 1276 2978 lib.

396 3010 473 3038 xv.
493 3011 590 3050 cap.
608 3002 650 3039 4.
693 3000 706 3021 ‘
727 2999 826 3040 olei
852 3011 971 3039 usum
991 2998 1045 3038 ad
1066 2999 1274 3039 luxuriam

395 3069 564 3102 vertere
582 3061 744 3112 Graeci,
773 3061 973 3103 vitiorum
995 3062 1182 3102 omnium
1203 3074 1276 3114 ge-

392 3123 570 3174 nitores,
582 3123 626 3162 in
641 3123 883 3175 Gymnasiis
896 3123 1170 3175 publicando.
1191 3124 1276 3164 No·

396 3192 485 3226 tum
504 3192 586 3236 est,
606 3186 879 3238 magistratus
899 3186 1068 3227 honoris
1090 3187 1182 3237 ejus
1206 3198 1275 3226 oc-

395 3249 565 3301 togenis
612 3250 824 3290 sestertiis
877 3250 1133 3301 strigmenta
1191 3250 1274 3290 olei

397 3311 674 3353 vendidisse!
703 3313 888 3363 Pighius.

449 3373 718 3425 Strigmenta]
747 3374 902 3416 Potest
927 3378 973 3414 et
1002 3373 1148 3425 scribi,
1171 3379 1275 3414 stra·

395 3440 542 3486 menta,
562 3449 656 3488 quae
679 3437 822 3477 Graeci
839 3442 1009 3489 tapetas
1040 3437 1276 3489 appellant,

399 3509 492 3551 quae
529 3499 848 3550 spectatoribus
894 3499 1274 3541 substernebantur

975 303 1153 342 NOTAE
1197 304 1532 345 VARIORUM
1578 309 1638 345 ΙΝ

1345 422 1388 460 in
1404 435 1543 463 scena.
1600 424 1684 464 Hic
1713 437 1816 477 ergo
1848 438 2008 477 servus,
2038 429 2222 479 peractis

1338 486 1465 534 ludis,
1499 488 1574 526 hos
1603 492 1771 537 tapetas
1805 494 1850 528 et
1883 490 2045 542 reliqna
2079 503 2219 533 scenae

1339 554 1588 588 ornamenta
1608 549 1854 600 colligebat.
1898 552 2004 592 Oliv.

1395 612 1460 661 §3
1493 611 1566 650 Ille
1595 624 1700 660 vero,
1731 612 1820 663 ξω]
1869 613 2038 653 Solinus
2071 615 2221 655 horum

1340 673 1625 712 similitudinis
1647 675 1851 726 meminit,
1881 678 1953 716 sed
1965 678 2121 728 jocosi,
2139 675 2221 726 vel,

1341 742 1388 774 ut
1428 736 1625 774 Valerius
1672 737 1793 787 dicit,
1831 740 2067 789 petulantis
2116 741 2223 780 dicti

1340 797 1598 837 mentionem
1619 800 1777 838 nullam
1791 798 1910 840 facit.
1941 802 2219 843 Dicitsenim:

1341 861 1353 882 ‘
1379 860 1580 900 Piscator
1609 874 1632 899 e
1656 862 1802 901 Sicilia
1830 865 2072 913 proconsuli
2102 866 2220 904 Snrae

1341 930 1499 974 praeter
1514 925 1596 964 alia
1615 926 1744 965 etiam
1763 926 1876 967 rictu
1896 927 1980 966 oris
2000 939 2222 979 compara-

1341 987 1482 1037 batur,
1504 987 1563 1027 ita
1584 993 1630 1027 ut
1649 987 1689 1027 in
1720 988 1872 1028 eodem
1903 990 2018 1030 vocis
2041 991 2219 1042 impedi-

1338 1055 1498 1099 menta,
1527 1055 1572 1089 et
1598 1050 1777 1090 tardatae
1810 1063 1938 1091 sonus
1962 1053 2118 1103 lingum
2147 1065 2221 1094 na-

1341 1113 1552 1152 turalibus
1598 1111 1863 1152 offendiculis
1907 1115 2222 1165 congruerent!

1340 1173 1465 1214 Quod
1488 1186 1589 1213 vero
1609 1175 1663 1213 de
1673 1175 1826 1226 jocoso
1854 1187 2059 1228 responso
2088 1178 2223 1217 tradit

1340 1237 1555 1287 Valerius,
1577 1237 1682 1276 illud
1714 1238 1781 1276 vel
1813 1245 1930 1278 certe
1963 1239 2100 1278 simile
2128 1241 2223 1279 Ma-

1340 1300 1508 1339 crobius
1552 1300 1594 1340 in
1637 1299 1880 1351 Augustum
1917 1300 2053 1341 refert
2089 1298 2221 1341 fuisse

1341 1362 1518 1402 dictum.
1564 1363 1687 1403 Dicit
1715 1364 1852 1404 enim:
1883 1366 1894 1387 ‘
1915 1364 2043 1404 Soleo
2069 1366 2112 1404 in
2135 1364 2219 1404 Au-

1342 1429 1467 1475 gusto
1496 1425 1628 1477 magis
1659 1426 1805 1474 mirari
1829 1439 1933 1479 quos
1965 1428 2144 1478 pertulit
2153 1428 2221 1479 jo·

1342 1499 1429 1538 cos,
1447 1487 1583 1540 quam‘
1602 1500 1707 1541 quos
1729 1490 1925 1541 protulit,
1953 1491 2054 1543 quia
2085 1491 2222 1543 major

1340 1555 1409 1589 est
1442 1550 1664 1601 patientiae
1703 1563 1828 1603 quam
1867 1551 2080 1593 facundiae
2114 1553 2223 1605 laus,

1339 1612 1523 1652 maxime
1578 1625 1675 1653 cum
1730 1615 2028 1666 aequanimiter
2078 1616 2222 1668 aliqua

1340 1675 1471 1715 etiam
1501 1676 1616 1727 jocis
1663 1677 1932 1718 mordaciore
1978 1678 2222 1729 pertulerit.

1341 1739 1569 1790 Cujusdam
1585 1740 1860 1791 provincialis
1865 1741 1993 1792 jocus
2012 1746 2139 1793 asper
2158 1742 2222 1782 in-

1339 1802 1507 1841 notuit:
1554 1803 1795 1842 intraverat
1840 1805 2014 1844 Romam
2059 1805 2223 1844 similli-

1339 1875 1431 1903 mus
1451 1865 1630 1915 Caesari,
1649 1870 1694 1905 et
1711 1866 1753 1904 in
1769 1876 1814 1904 se
1829 1866 2015 1908 omnium
2032 1876 2106 1907 ora
2120 1879 2220 1907 con·

1340 1933 1547 1968 verterat.
1576 1928 1795 1981 Augustus
1810 1930 1989 1983 perduci
2007 1931 2218 1971 hominem

1340 1990 1395 2030 ad
1426 2003 1471 2031 se
1491 1991 1639 2042 jussit,
1668 1992 1887 2044 visumque
1915 1992 1995 2032 hoc
2011 1993 2137 2032 modo
2157 1993 2220 2032 in-

1339 2055 1602 2106 terrogavit:
1621 2055 1708 2094 Dic
1720 2055 1835 2107 mihi,
1852 2055 2118 2106 adolescens,
2135 2053 2220 2094 fnit

1340 2117 1571 2168 aliquando
1591 2124 1728 2158 mater
1751 2123 1827 2158 tua
1854 2119 2030 2158 Romae?
2075 2119 2220 2170 Nega-

1341 2179 1404 2219 vit
1434 2180 1521 2230 ille,
1554 2193 1636 2221 nec
1665 2186 1906 2232 contentus,
1933 2181 2112 2233 adjecit,
2143 2183 2219 2222 sed

1340 2247 1466 2293 pater
1485 2255 1603 2283 meus
1625 2242 1770 2294 saepe.²
1802 2243 1951 2284 Oliver.

1403 2306 1541 2356 Vir-gis
1567 2311 1604 2346 et
1634 2306 1832 2346 securibus
1867 2305 2055 2359 subjecto]
2085 2307 2218 2350 Quasi

1339 2369 1514 2420 homini,
1525 2370 1597 2423 qui
1613 2370 1858 2420 proconsuli
1868 2371 2082 2422 subjectus
2094 2377 2221 2412 esset.

1340 2432 1384 2472 in
1414 2444 1539 2485 quem
1568 2432 1707 2484 virgas
1737 2432 1932 2484 expediri
1970 2439 2016 2473 et
2047 2443 2219 2475 secures

1339 2496 1485 2547 parari
1523 2495 1680 2548 jubere
1719 2495 1934 2550 potuisset
1974 2498 2218 2548 proconsul.

1342 2559 1446 2599 oliv.
1482 2567 1486 2570 ’

1393 2622 1504 2663 CAP.
1525 2633 1603 2661 xv.
1655 2621 1736 2661 Um·
1768 2622 2031 2664 tantummodo
2059 2623 2215 2674 anceps]

1339 2684 1595 2725 Periculosa
1623 2688 1791 2724 tantum
1822 2684 2025 2735 piscatori
2059 2685 2219 2735 Siculo,

1338 2747 1411 2798 qui
1432 2746 1674 2798 proconsuli
1695 2747 1815 2786 Surae
1846 2752 2008 2788 temere
2027 2747 2130 2788 satis
2148 2759 2213 2787 re-

1339 2809 1562 2861 spondisse
1583 2810 1694 2850 visus
1716 2815 1796 2849 est.
1828 2810 1933 2849 Oliv.

1392 2873 1415 2923 ξ
1436 2875 1457 2911 1
1490 2873 1596 2911 Nam
1610 2884 1660 2911 ne
1680 2871 1904 2923 Equitium]
1926 2872 1994 2912 Ne
2009 2873 2219 2923 omittam,

1337 2933 1489 2987 inquit,
1515 2935 1751 2986 Equitium,
1781 2937 1854 2987 qui
1883 2948 1979 2976 cum
2007 2936 2057 2976 C.
2079 2936 2214 2977 Grac·

1337 2998 1418 3037 cho
1449 2997 1680 3038 simillimus
1708 3003 1837 3047 esset,
1865 3010 1910 3038 se
1934 2999 1977 3038 in
1997 2998 2213 3040 Graccho-

1338 3072 1429 3100 rum
1445 3060 1668 3111 familiam,
1687 3067 1887 3113 tanquam
1904 3062 2064 3102 Tiberii
2081 3061 2215 3104 fllium

1337 3124 1526 3163 inserere
1548 3124 1694 3172 voluit,
1713 3124 1932 3164 annitente
1944 3125 2078 3164 Lucio
2097 3123 2214 3175 Apu-

1336 3186 1420 3226 leio
1438 3187 1665 3227 Saturnino
1686 3186 1856 3226 tribuno
1870 3186 2023 3238 plebis,
2033 3186 2104 3238 qui
2117 3199 2214 3238 gra-

1338 3249 1523 3289 vissimas
1551 3260 1605 3289 ex
1634 3249 1711 3288 hac
1738 3259 1783 3288 re
1803 3249 1847 3288 in
1867 3249 2024 3300 populo
2044 3248 2216 3288 seditio·

1336 3323 1412 3351 nes
1432 3312 1661 3360 excitavit,
1689 3315 1735 3350 ut
1764 3310 1808 3350 in
1841 3311 1986 3362 capite
2011 3311 2064 3351 de
2093 3311 2211 3351 Sedi-

1337 3374 1453 3414 tione
1474 3374 1637 3414 dictum
1657 3378 1737 3414 est.
1763 3374 1889 3414 Idem.

1390 3436 1545 3487 Firmo]
1574 3435 1799 3488 Oppidulo
1818 3436 1998 3477 Piceno.

1391 3499 1624 3542 Turbulento
1658 3500 1767 3550 vulgi
1801 3499 1951 3554 errore]
1999 3499 2125 3553 Quia,
2163 3507 2210 3543 ut
