2288 3990
396 292 540 347 1058

403 425 516 467 viter
534 435 662 476 agere
678 424 898 476 potuisset.
929 423 1098 462 Badius.

455 488 522 530 Aa
538 488 770 537 Asi-icarium
797 485 977 537 eundem]
1020 485 1126 527 Post
1144 486 1276 526 maxi-

402 565 492 593 mas
512 563 580 591 res
598 556 740 603 gestas
769 549 1111 601 clarissimosque
1130 549 1277 588 trium-

404 618 524 669 phos,
542 615 687 666 Scipio
717 613 770 653 ab
788 613 955 665 ingrata
975 613 1112 665 patria
1131 614 1277 665 pulsus

402 679 448 719 in
466 679 639 719 exilium
673 678 735 716 ire
764 683 937 717 coactus
965 682 1046 728 est,
1064 677 1109 716 in
1135 677 1278 719 vinam

404 755 460 784 sc.
482 741 780 782 Linterninam.
812 741 959 781 Oliver.

459 805 692 845 Lintemoeina
710 803 823 855 villa]
870 805 978 846 Qnae
1011 815 1146 856 prope
1180 802 1277 844 Lin-

404 878 571 909 ternum
601 869 686 907 sita
716 874 847 908 esset.
902 869 982 908 Est
1013 874 1154 907 autem
1179 867 1277 906 Lin-

405 937 574 972 ternum
609 932 852 982 Campaniae
885 931 984 971 urbs
1014 931 1206 981 litoralis,
1234 935 1280 970 et

404 995 572 1036 colonia
594 995 798 1044 Romana,
834 999 945 1034 teste
978 995 1199 1045 Frontino,
1217 1007 1278 1032 se-

404 1059 579 1111 pulchro
621 1058 833 1110 Scipionis
893 1057 1062 1098 nobilis.
1137 1057 1280 1097 Hodie

409 1125 528 1164 Tor-ro
545 1123 646 1163 della
666 1123 807 1162 Patria
822 1121 907 1161 dici
923 1121 1054 1160 tradit
1073 1119 1278 1160 Leander.

408 1188 535 1228 Ortel.
588 1187 640 1226 Ιη
664 1186 896 1226 Linternina
913 1184 1024 1236 villa]
1065 1185 1170 1223 Eam
1189 1183 1282 1222 dili·

402 1256 559 1302 genter
622 1250 852 1302 descripsit
913 1249 1078 1289 Seneca
1140 1248 1280 1298 Epist.

400 1325 614 1355 Lxxxvu.
641 1326 767 1368 quam
787 1313 879 1364 ipse
900 1317 1053 1363 pos-tea
1074 1311 1282 1363 possedit.

415 1378 548 1417 Celer.

459 1440 632 1480 Proinde
655 1452 829 1480 securum
847 1451 888 1480 se
902 1439 1153 1491 spectandum
1179 1450 1284 1490 prae-

406 1503 495 1544 bere
524 1515 572 1543 ne
599 1503 736 1555 grau]
782 1503 852 1543 Ita
886 1502 930 1541 in
964 1502 1074 1542 Mss.
1110 1502 1284 1542 rectius.

405 1567 560 1618 Vulgo,
575 1566 685 1606 nobis
699 1568 984 1618 praestandum,
1015 1567 1084 1616 ὅγε.
1140 1564 1286 1618 Atque

405 1629 450 1669 in
470 1630 702 1681 Campensi
735 1630 908 1682 insuper
934 1641 1056 1669 erasa
1075 1628 1288 1680 particula

402 1693 529 1742 anobis,
556 1705 653 1745 quae
691 1705 790 1732 sane
824 1704 1088 1744 supervacua
1123 1698 1206 1743 est,
1236 1704 1287 1732 ac

407 1769 633 1810 perperam
666 1757 830 1796 inserta
849 1756 1033 1807 videtur,
1051 1767 1106 1796 ex
1128 1756 1288 1807 glosse-

405 1826 525 1860 mate
544 1820 699 1873 aliquo.
728 1819 853 1870 Pigh.

463 1884 610 1935 Donis]
649 1885 712 1925 Ut
740 1890 840 1924 sunt
859 1889 976 1924 serta
997 1889 1042 1923 et
1058 1883 1197 1934 thura,
1215 1894 1289 1934 pa-

408 1952 532 2000 terae,
560 1959 745 1997 coronae,
775 1953 822 1987 et
856 1947 1026 1995 similia,
1059 1958 1155 1999 quae
1189 1951 1288 1985 ante

409 2011 603 2051 Deorum
634 2010 934 2050 immortalium
963 2009 1218 2049 simulachra
1245 2008 1287 2047 in

409 2073 566 2114 donum
587 2074 768 2126 majores
789 2086 947 2126 ponere
962 2077 1289 2123 consueverunt,

411 2148 464 2176 ea
501 2136 723 2188 praedones
762 2145 862 2177 ante
897 2136 1111 2188 Scipionis
1158 2136 1289 2188 pedes

412 2200 553 2252 posita
571 2200 851 2253 reliquerunt.

467 2265 528 2315 §3
546 2264 793 2303 laudantem
808 2263 971 2303 AEmilio
985 2261 1145 2313 Paullo]
1166 2260 1291 2303 Quod

411 2325 509 2366 vivo
533 2326 731 2377 Scipioni
767 2326 960 2377 contigit,
993 2325 1107 2364 idem
1140 2324 1292 2363 Paullo

411 2390 581 2432 AEmilio
596 2391 696 2430 vitae
713 2390 960 2430 muneribus
973 2387 1180 2428 defuncto
1195 2399 1292 2427 eve-

410 2453 504 2503 nit3
543 2465 640 2493 nam
675 2466 769 2493 cum
799 2453 912 2493 diem
947 2465 1067 2493 suum
1101 2451 1293 2503 obiisset,

408 2515 527 2557 forte
547 2517 677 2568 legati
697 2529 752 2557 ex
777 2516 1034 2557 Macedonia
1055 2516 1171 2556 missi
1192 2521 1295 2556 tunc

415 2586 540 2619 erant
559 2579 601 2619 in
635 2579 741 2620 urbe
770 2580 901 2620 totins
932 2579 1164 2631 provinciae
1183 2580 1296 2631 prin-

415 2643 548 2695 cipes,
567 2643 640 2696 qui
659 2655 741 2684 non
761 2643 887 2683 modo
902 2643 1028 2683 funus
1041 2643 1296 2683 comitantes

415 2717 496 2745 sua
514 2706 749 2757 praesentia
778 2703 1015 2757 celebrare,
1048 2707 1123 2746 sed
1158 2707 1296 2759 ipsum

419 2767 563 2808 Paulli
601 2781 758 2822 eorpus
805 2771 890 2810 suis
924 2770 1110 2810 humeris
1141 2769 1296 2811 efferre

415 2832 662 2883 voluerunt,
681 2833 794 2884 quod
825 2833 886 2873 illi
907 2832 1104 2884 profecto
1122 2831 1206 2872 fnit
1217 2833 1297 2872 ho-

416 2894 852 2946 norificentissimum,
877 2897 1051 2950 eiusque
1071 2897 1299 2937 virtutibus

413 2959 600 2999 maxime
620 2958 810 3010 dignum.
836 2959 1020 2999 Constat
1038 2959 1151 2999 enim
1171 2960 1299 3000 Paul-

414 3022 504 3062 lum
525 3022 836 3075 Imperatorem
861 3022 992 3063 fuisse
1023 3024 1302 3064 continentis-

419 3086 586 3138 simum,
606 3091 656 3127 ut
671 3087 742 3139 qui
762 3087 898 3127 multa
918 3087 1031 3128 bella
1049 3086 1303 3139 confecerit,

420 3151 576 3190 munos
591 3152 772 3202 populos
786 3150 1020 3202 subegerit,
1035 3146 1188 3191 multas
1205 3163 1304 3202 pro-

419 3213 580 3254 vincias
625 3213 851 3262 domuerit,
885 3213 927 3253 in
962 3225 1124 3252 summa
1159 3218 1302 3252 tamen

421 3282 681 3329 paupertate
700 3276 878 3317 vixerit:
922 3277 1034 3315 unde
1069 3275 1174 3315 illud
1195 3277 1304 3316 cele-

419 3339 573 3380 bratur
604 3339 660 3380 de
690 3339 769 3380 hoc
787 3339 877 3379 viro
899 3339 1174 3391 praeconium,
1191 3338 1304 3391 quod

424 3415 522 3442 cum
557 3402 700 3443 multis
735 3403 923 3443 millibus
957 3402 1142 3442 hostium
1177 3414 1304 3455 supe-

425 3466 530 3506 ratis
568 3466 754 3507 Iberiam
790 3472 924 3507 totam
970 3466 1224 3518 subegisset,
1260 3471 1305 3506 et

427 3527 614 3570 ducenta
648 3535 694 3571 et
722 3530 1032 3584 'quinquaginta
1062 3530 1193 3582 opida
1239 3542 1306 3571 ce·

980 305 1159 349 NO'PAE
1199 303 1274 342 VA
1288 303 1530 343 RlORUM
1571 303 1635 342 ΙΝ

1340 423 1488 474 pisset,
1505 435 1559 463 ne
1579 423 1779 464 drachma
1811 424 1937 464 ditior
1963 423 2004 463 in
2026 426 2208 476 patriam

1341 485 1534 525 redierit.
1557 487 1705 526 Olieer.

1392 547 1567 588 Funebri
1597 548 1714 598 lecto]
1755 550 1853 590 Non
1883 563 2028 592 omnes
2061 553 2211 593 eodem

1340 611 1465 651 modo
1497 611 1799 653 efferebantur.
1854 616 1939 657 Qui
1958 616 2069 655 enim
2090 616 2215 655 ditio-

1340 685 1408 714 res
1423 680 1563 724 erant,
1575 675 1605 714 ii
1620 676 1742 715 lectis
1756 675 2060 718 efferebantur.
2089 679 2214 718 Unde

1341 739 1396 778 de
1429 740 1478 779 L.
1506 740 1707 780 Cornelio
1741 741 1956 793 proditum
1991 748 2074 792 est,
2101 743 2214 795 quod

1337 814 1417 842 sex
1447 803 1582 842 millia
1601 803 1814 844 lectorum·
1829 805 1872 844 in
1892 805 2040 846 funere
2057 807 2216 846 habue-

1340 865 1410 905 rit.
1464 865 1525 906 At
1552 867 1691 906 tenuis
1727 867 1911 908 fortunae
1930 869 2121 908 houiines
2147 881 2217 909 ca-

1342 928 1467 980 pulis,
1495 929 1583 968 sive
1610 929 1801 981 feretris,
1821 936 1869 970 ut
1885 931 2060 971 Servius
2078 937 2218 971 notat.

1342 997 1479 1037 Porro
1502 997 1556 1036 de
1587 997 1796 1036 Funerum
1816 997 1983 1037 ratione
2004 996 2115 1048 apud
2136 997 2220 1035 Ro-

1341 1071 1485 1100 manos
1503 1059 1594 1099 haec
1612 1059 1802 1100 breviter
1821 1061 2021 1100 notanda.
2064 1060 2225 1110 Funus,

1341 1136 1370 1163 a
1385 1123 1552 1162 funibus
1572 1123 1763 1163 accensis
1790 1123 1875 1164 dici
1899 1125 1993 1165 vult
2013 1123 2220 1164 Isidorus.

1344 1186 1430 1228 Qui
1450 1186 1563 1226 enim
1583 1185 1709 1226 funus
1729 1187 2116 1240 prosequebantur,
2129 1199 2222 1237 ges-

1344 1251 1495 1290 tabant
1548 1250 1742 1290 manibns
1788 1251 2004 1301 candelas,
2049 1249 2226 1296 funalia,

1344 1311 1475 1354 faces.
1530 1313 1728 1352 Donatus
1755 1313 1978 1364 irrepsisse
2002 1313 2111 1353 huuc
2136 1324 2226 1352 mo-

1344 1388 1436 1416 rem
1466 1377 1697 1427 existimat,
1725 1376 1839 1428 qnod
1869 1382 2002 1416 noctu
2023 1374 2226 1419 efferre-nt

1344 1438 1574 1488 cadavera,
1593 1439 1647 1480 ob
1665 1439 1859 1479 diurnam
1879 1449 2094 1478 sacrorum
2114 1438 2228 1494 cele-

1347 1502 1602 1544 brationem.
1659 1503 1768 1542 Cum
1799 1501 1953 1555 quibus
1981 1501 2165 1554 quadrat
2184 1506 2229 1540 et

1349 1565 1646 1617 Vespillonum
1665 1577 1836 1615 nomen,
1864 1565 1936 1617 qui
1955 1569 2081 1604 erunt
2101 1563 2228 1604 cada-

1349 1640 1498 1668 verum
1506 1628 1857 1679 funeratores,sic
1870 1628 1994 1679 dicti,
2005 1628 2119 1680 quod
2135 1640 2229 1667 ves-

1348 1692 1522 1743 pertino
1535 1697 1729 1743 tempore
1745 1696 1934 1731 mortuos
1949 1689 2230 1739 efferrent,ac

1351 1754 1588 1794 conderent
1602 1755 1828 1806 sepulcris.
1860 1755 2014 1795 Festus
2030 1753 2233 1804 Pompei·

1351 1829 1400 1858 us
1417 1818 1609 1870 appellat
1625 1819 1791 1870 Vespas
1810 1832 1821 1858 :
1840 1817 2052 1870 ‘Vespae‚’
2079 1817 2233 1868 inquit,

1349 1883 1363 1906 ‘
1380 1882 1597 1933 dicuntur,
1626 1884 1699 1936 qui
1716 1882 1962 1923 funerandis
1981 1881 2232 1933 corporibus

1351 1945 1534 1986 officium
1571 1952 1742 1999 gerunt,
1774 1959 1858 1987 non
1889 1957 1915 1985 e
1947 1944 2120 1985 minutis
2150 1944 2234 1983 illis

1351 2009 1610 2058 volucribus,
1635 2010 1712 2049 sed
1748 2010 1847 2063 quia
1878 2008 2124 2061 ves-pennino
2157 2019 2232 2046 eos

1353 2079 1545 2124 tempore
1561 2071 1761 2124 efferunt,
1779 2072 1851 2125 qui
1880 2069 2049 2111 funebri
2076 2082 2234 2122 pompa

1351 2141 1528 2188 propter
1541 2136 1722 2187 inopiam
1738 2135 1838 2176 duci
1850 2134 2093 2189 nequeunt!
2113 2134 2234 2173 Idem

1354 2199 1497 2252 prodit
1509 2200 1822 2251 Designatores
1838 2198 1993 2250 dictos,
2011 2197 2236 2251 qui-desig-

1353 2266 1507 2306 nandae
1525 2265 1693 2305 funebri
1707 2277 1875 2317 pompae
1890 2270 2124 2317 praetant,
2138 2275 2235 2302 cum

1354 2330 1584 2382 unicuique
1596 2329 1823 2371 incedendi
1835 2330 1976 2370 locum
1989 2334 2032 2368 et
2042 2329 2234 2368 ordinem

1357 2393 1705 2445 praescriberent.
1761 2393 1903 2433 Funes
1935 2395 2078 2432 autem
2113 2389 2239 2430 funa-

1356 2457 1475 2508 lium,
1500 2468 1676 2509 qnorum
1709 2456 1834 2496 modo
1853 2455 2114 2496 mentionem
2135 2453 2236 2501 feci,

1357 2518 1629 2559 circundatos
1646 2517 1779 2559 fuisse
1797 2530 1982 2571 papyro,
2011 2518 2073 2558 ait
2100 2517 2240 2557 Isido-

1359 2594 1447 2633 rus,
1462 2582 1503 2621 id
1516 2581 1632 2634 quod
1643 2581 1807 2622 habere
1822 2582 1994 2622 videtur
2006 2592 2062 2624 ex
2079 2580 2238 2628 Punio,

1358 2645 1432 2698 qui
1467 2645 1543 2684 lib.
1571 2655 1670 2685 xvt⁴
1706 2657 1800 2697 cap.
1834 2648 1902 2685 38.
1941 2656 2026 2684 non
2056 2643 2238 2684 obscure

1359 2707 1471 2748 idem
1491 2708 1669 2747 innuere
1687 2713 1754 2748 est
1769 2708 1896 2759 visu-s,
1913 2719 2010 2748 cum
2032 2707 2238 2748 corticem

1358 2770 1580 2822 fragilibus
1614 2764 1767 2822 scirpis
1789 2770 2028 2813 detractum
2047 2768 2241 2809 candelae

1359 2834 1588 2873 luminibus
1608 2834 1768 2873 servire
1788 2833 1954 2884 scribit,
1971 2840 2020 2873 nt
2038 2839 2082 2874 et
2107 2832 2242 2872 decus

1361 2896 1614 2938 eruditionis
1629 2897 1798 2948 Lipsius
1814 2896 1855 2936 in
1869 2896 1954 2937 suis
1972 2895 2026 2936 ad
2044 2895 2242 2936 Tacitum

1360 2959 1676 3000 commentariis
1696 2958 2012 3000 animadvertit.
2041 2959 2149 2999 Lora
2164 2955 2244 2997 eti-

1364 3037 1430 3065 am
1477 3024 1684 3064 cadavera
1721 3035 1834 3076 aqua
1875 3027 2040 3074 septem
2073 3020 2243 3060 dierum

1364 3088 1504 3141 spatio
1532 3086 1775 3136 servabant,
1808 3087 2126 3127 conclamantes
2162 3095 2243 3135 per

1364 3150 1617 3200 intervalla3
1645 3149 1743 3190 inde
1774 3147 1994 3200 ungebant
2018 3145 2246 3198 pollincto·

1367 3226 1458 3253 rum
1478 3225 1625 3265 opera,
1643 3213 1714 3264 qni
1731 3217 1918 3251 mortuos
1944 3208 2169 3260 curabant,
2199 3213 2244 3248 et

1366 3277 1554 3329 denique
1572 3275 1758 3316 candida
1772 3279 1894 3315 veste
1913 3272 2142 3321 ornabant,
2162 3273 2248 3324 pri·

1367 3352 1542 3393 usquam
1563 3337 1782 3388 efferrent,
1801 3342 1981 3390 eratque
1999 3335 2075 3376 illa
2107 3335 2150 3375 in
2177 3334 2246 3375 fu-

1367 3415 1467 3443 nere
1489 3402 1621 3442 tacito
1642 3407 1717 3442 aut
1736 3400 1899 3452 vulgari
1926 3405 2030 3452 toga
2058 3399 2248 3451 vulgata,

1369 3467 1413 3506 in
1451 3464 1770 3518 magistratibus
1806 3470 1907 3516 toga
1937 3467 2165 3515 praetexta‚
2201 3462 2245 3500 in

2085 3523 2245 3567 Effare·

1370 3528 1630 3570 Censoribus
1667 3531 1758 3568 tota
1794 3537 2021 3580 purpurea.
