2346 3996
540 298 801 338 vAnERu
845 294 1089 335 MAXIMI
1135 297 1254 335 ΜΒ.
1285 297 1367 336 vr.
1409 282 1622 335 cAP.2.

169 421 290 462 illum
319 417 374 458 de
402 415 544 457 medio
564 414 762 466 sustulit;
791 426 889 454 nam
919 411 1065 454 Anto-

173 485 270 525 nius
291 493 399 523 nnus
417 489 474 520 ex
499 478 739 530 conjuratis
757 478 996 519 Sertorium
1018 477 1060 516 in

173 546 370 589 convivio
383 543 526 597 gladio
540 541 774 595 transfixit,
787 541 942 582 deinde
956 542 1063 582 Per-

173 618 309 666 perna
339 609 508 650 facilius
527 621 553 649 a
580 608 792 660 Pompeio
824 611 1067 659 superatus,

174 680 220 715 et
239 678 418 715 necatus
434 677 517 714 est.
561 671 682 713 Idem.
719 671 913 725 Contigit
933 669 986 710 A.
1006 670 1064 710 U.

175 746 377 781 ncxxxr.
775 743 777 745 ’

231 801 411 843 Obducta
417 799 508 851 J‘um
520 800 688 842 vetustis
699 800 967 852 cicatricibus]
995 799 1067 840 Ita

175 866 321 920 vulgo.
375 866 429 907 In
447 866 602 908 Atreb.
620 876 865 919 perperam,
883 869 994 906 vetm
1012 864 1067 904 ci·-

175 930 401 972 catricibus.
455 931 620 970 Verum
663 929 707 969 in
745 929 908 970 Cauch.
940 936 1068 982 quam

177 995 439 1047 rectissime,
459 993 578 1034 vietis
594 992 862 1043 cicatricibus,
883 991 1070 1044 eleganti

178 1059 388 1112 epitheto.
443 1058 524 1098 Est
542 1056 656 1097 enim
684 1057 826 1103 vietus,
845 1062 894 1096 ut
913 1056 1069 1096 Festus

177 1124 510 1175 interpretatur,
527 1120 773 1174 languidus,
792 1121 884 1162 sine
904 1120 963 1172 vi,
993 1133 1071 1173 pu-

179 1186 260 1226 tris
288 1197 339 1226 ac
367 1184 637 1226 naturalibus
671 1185 867 1238 privatus
898 1185 1072 1227 viribus.

177 1249 361 1291 Terent.
416 1250 654 1291 Eunucho:
684 1251 696 1273 ‘
721 1250 809 1290 Hic
829 1255 897 1291 est
918 1251 1073 1298 vietus,

180 1320 323 1366 vetus,
341 1318 597 1355 veternosus
618 1314 782 1356 senex.'
810 1315 924 1355 Item
947 1315 1075 1356 Plau-

181 1385 251 1419 tus
270 1378 312 1418 in
329 1374 516 1418 Mercat.
557 1379 569 1400 ‘
589 1377 903 1419 Acherunticus
926 1391 1075 1429 senex,

180 1440 340 1492 vietus,
368 1441 649 1494 decrepitus!

181 1505 349 1545 catrices
381 1505 608 1558 aptissime
633 1512 761 1546 vocat
781 1511 952 1547 veteres
984 1507 1076 1560 qui-

184 1570 299 1617 dem,
336 1570 414 1611 sed
454 1575 604 1624 putres
643 1583 693 1612 ac
734 1572 847 1612 male
885 1577 1076 1613 curatas.

185 1634 314 1684 Pigh.

241 1696 496 1751 Municipcli]
525 1699 637 1742 Quia
665 1699 720 1741 de
742 1699 968 1742 Formiano
987 1711 1077 1740 mu-

183 1763 369 1816 nicipio.
484 1783 492 1788 ·

236 1827 259 1878 <3
280 1830 306 1867 9
325 1825 516 1878 Diphilus
537 1826 776 1879 Tragoedus]
804 1826 875 1867 De
893 1826 975 1867 hoc
1007 1826 1078 1867 Ci-

183 1896 285 1929 cero
321 1889 376 1929 ad
407 1888 605 1931 Atticum
643 1891 719 1931 lib.
750 1901 804 1931 ιι.
842 1891 972 1943 epist.
1008 1894 1077 1935 19.

184 1953 198 1975 ⁴
222 1952 454 2005 Diphilus,'
470 1953 626 2006 inquit,
641 1954 653 1976 ‘
668 1953 909 2006 Tragoedus
925 1954 967 1993 in
982 1966 1079 1994 nos-

185 2021 300 2056 trum
333 2017 587 2069 Pompeium
607 2018 862 2070 petulanter
881 2018 1079 2059 invectus

187 2086 268 2121 est.
324 2081 490 2123 Nostra
519 2081 692 2123 miseria
723 2087 771 2123 tn
799 2095 845 2123 es
879 2090 1081 2135 magnus,

186 2144 342 2184 millies
362 2151 540 2185 coactus
560 2150 629 2185 est
659 2145 823 2187 dicere.
879 2147 1078 2187 Eandem

187 2208 395 2249 virtutem
425 2209 549 2249 istam
587 2210 737 2251 veniet
772 2216 944 2263 tempus
982 2220 1080 2252 cum

188 2274 378 2325 graviter
389 2284 552 2326 gemas,
571 2275 707 2314 totius
721 2274 880 2316 theatri
894 2275 1082 2316 clamore

189 2334 334 2377 dixit.'
388 2335 506 2376 Item
535 2341 709 2378 caetera.
764 2338 877 2378 Nam
904 2344 951 2379 et
970 2340 1081 2392 ejus-

191 2398 309 2439 modi
339 2404 438 2440 sunt
465 2400 507 2439 hi
536 2411 701 2453 versus,
720 2400 787 2441 uti
815 2400 870 2441 ab
899 2401 1082 2443 inimicis

191 2462 392 2514 Pompeii
425 2463 470 2503 in
503 2467 675 2516 tempus
710 2464 864 2517 scripti
898 2477 991 2506 esse
1023 2467 1082 2506 νί-

191 2525 388 2568 deantur.
460 2527 609 2569 Oliver.
685 2527 884 2581 Contigit
923 2528 977 2569 A.
1025 2531 1081 2572 U.

193 2599 382 2630 ncxc1v.

245 2653 556 2706 Apollinaribus]
613 2653 680 2695 Ab
727 2654 929 2708 Apolline
976 2657 1083 2698 dicti

193 2722 294 2757 sunt
328 2717 416 2757 ludi
436 2716 724 2770 Apollinares,
743 2718 931 2760 instituti
960 2733 1082 2762 occa·

193 2781 312 2821 sione
345 2780 511 2821 inventi
546 2781 746 2822 carminis
779 2782 932 2824 Martii
960 2785 1085 2838 vatis,

193 2843 310 2896 quod
331 2842 519 2896 Apollini
551 2844 677 2886 ludos
698 2847 915 2888 vovendos
935 2859 1083 2890 cense-

195 2905 458 2959 bnt,quibus
492 2907 667 2949 Praetor
695 2909 730 2949 is
759 2919 985 2963 praeesset,
1011 2914 1085 2967 qul

195 2970 358 3022 populo
386 2970 589 3023 plebique
611 2972 684 3024 jus
717 2974 840 3015 daret
859 2985 1084 3030 summum,

187 3045 383 3087 eumque
427 3034 590 3075 Divum
649 3037 892 3088 perduelles
939 3053 1085 3081 omnes

197 3098 490 3139 extincturum
506 3113 519 3139 ι
551 3104 597 3139 at
621 3100 906 3143 Decemviros
925 3104 1084 3146 Graeco

199 3162 288 3203 ritu
324 3174 447 3203 sacra
482 3163 634 3203 hostiis
670 3163 877 3206 facturos.
933 3167 1004 3208 Ad
1040 3170 1086 3210 id

199 3236 371 3266 carmen
413 3227 692 3279 expiandum,
733 3228 777 3268 id
814 3235 896 3282 est,
933 3243 1087 3284 procu-

199 3287 394 3340 randum,
415 3290 528 3330 diem
545 3303 672 3330 unum
694 3302 981 3346 sumpserunt.
1011 3297 1085 3337 Al-

203 3356 296 3392 tero
323 3353 392 3393 die
420 3353 583 3395 factum
614 3355 792 3408 SCtum,
822 3366 869 3399 ut
900 3362 1086 3402 Decem-

205 3414 282 3454 viri
300 3415 433 3455 libros
457 3417 512 3457 de
542 3418 651 3459 ludis
671 3419 886 3473 Apollinis
905 3424 1087 3476 inspice-

204 3483 312 3518 rent.
366 3478 580 3532 Inspectis
611 3483 695 3523 illis
729 3494 988 3527 censuerunt
1014 3501 1089 3540 pa-

205 3545 296 3582 tres
324 3540 445 3582 ludos
465 3542 656 3596 Apollini
675 3549 893 3590 vovendos
915 3563 964 3591 ac
985 3550 1087 3592 faci-

708 1441 843 1483 Vietas
868 1442 1003 1495 igitur
1021 1442 1077 1482 ci·

1860 279 2003 334 1221

1123 413 1274 455 endos.
1321 416 1428 456 Cum
1443 415 1486 455 hi
1507 414 1646 467 primo
1667 412 2009 462 celebrarentur,

1124 479 1356 519 excitatam
1385 480 1545 532 legitur
1579 477 1751 531 plebem
1782 477 2009 529 repentino

1123 541 1260 581 hostis
1289 543 1476 583 adventu
1510 541 1650 583 eidem
1685 541 1941 590 occurrisse,
1965 546 2014 581 et

1123 617 1222 644 mox
1244 606 1288 644 in
1316 605 1459 659 fugam
1493 606 1642 646 datum
1673 611 1797 656 terga
1819 604 2013 644 vertisse.

1128 670 1221 710 Hos
1250 670 1373 710 ludos
1403 671 1588 723 populus
1617 675 1816 722 spectare
1845 668 2016 709 solebat

1127 736 1357 786 laureatus,
1393 736 1506 787 stipe
1544 735 1649 775 data
1693 745 1771 786 pro
1808 732 2017 785 cujusque

1127 798 1429 839 facultatibus.
1487 798 1700 842 Quoniam
1739 799 1840 837 'vero
1886 796 2017 836 iidem

1129 866 1388 906 recitatione
1403 863 1647 906 fabularum
1662 864 2017 906 commendaban-

1130 936 1218 981 tur,
1243 930 1297 971 T.
1317 929 1504 982 Sulpitio
1536 928 1687 970 Potito
1714 934 1758 968 et
1778 930 1828 969 C.
1851 928 2020 969 Licinio

1129 995 1306 1036 Stolone
1327 995 1450 1036 cosS.
1471 1005 1567 1035 cum
1589 993 1650 1032 vis
1678 992 1936 1044 pestilentiae
1957 992 2020 1031 in—

1132 1060 1359 1101 toleranda
1389 1058 1542 1099 urbem
1577 1060 1771 1108 vexaret,
1789 1057 1905 1096 inter
1939 1055 2023 1095 alia

1134 1125 1318 1166 coelestis
1336 1124 1413 1164 irae
1435 1122 1693 1176 placamina,
1713 1120 1903 1162 instituti
1923 1125 2024 1160 suut

1134 1190 1286 1230 accitis
1315 1203 1370 1231 ex
1390 1188 1603 1230 Hetrnria
1621 1186 1881 1228 ludionibus.
1924 1187 2024 1227 Est-

1136 1265 1217 1307 que
1247 1251 1499 1303 notandum,
1518 1258 1591 1292 eos
1621 1251 1742 1292 ludos
1773 1258 2025 1292 coronatum

1137 1320 1358 1369 spectasse
1401 1316 1621 1368 populum,
1661 1315 1777 1355 cives
1830 1315 2025 1367 epulatos

1137 1379 1273 1421 fnisse
1307 1381 1350 1421 in
1385 1380 1636 1432 propatulo,
1672 1379 1837 1431 apertis
1863 1378 2027 1430 januis,

1138 1448 1355 1484 matronas
1386 1443 1667 1496 supplicasse.
1725 1443 1904 1495 Brutus,
1930 1455 2027 1483 cum

1139 1513 1251 1547 esset
1280 1507 1469 1559 Praetor,
1498 1506 1648 1546 absens
1677 1506 1753 1546 hos
1774 1505 1900 1546 ludos
1929 1505 2026 1546 fieri

1138 1572 1325 1623 curavit,
1388 1571 1576 1611 maxima
1640 1564 2027 1610 administrationis

1139 1641 1266 1688 parte
1293 1636 1348 1675 ad
1368 1634 1564 1675 Atticum
1595 1635 1858 1686 pertinente.
1914 1635 2030 1676 Qua-

1139 1705 1324 1751 propter
1359 1710 1439 1752 per
1477 1699 1706 1752 epistolam
1758 1698 1931 1750 rogavit
1963 1695 2030 1740 Μ.-

1139 1761 1341 1816 ΤιιΙΙίιιῐη,
1369 1770 1416 1804 ut
1445 1775 1517 1804 eos
1539 1769 1740 1816 spectare
1760 1762 1905 1804 vellet.
1946 1763 2028 1803 Re-

1140 1830 1306 1881 peritur
1343 1828 1473 1868 etiam
1514 1826 1628 1880 apud
1663 1826 1797 1867 bonos
1832 1831 2031 1867 auctores

1140 1892 1324 1934 Accium
1355 1889 1540 1933 Poetam
1570 1891 1813 1932 condidisse
1842 1889 2033 1932 fabulam

1140 1958 1312 1997 nomine
1330 1957 1531 2006 Brutum,
1551 1967 1603 1995 ex
1634 1955 1758 2008 cujus
1787 1956 1915 1996 titulo
1943 1968 2031 1996 sus-

1142 2021 1280 2074 picari
1301 2021 1421 2069 licet,
1440 2018 1704 2061 celebratam
1723 2031 1817 2060 eam
1837 2019 1901 2060 his
1920 2020 2032 2060 ludis

1144 2085 1328 2126 scenicis
1356 2083 1504 2137 fnisse,
1538 2096 1646 2137 quos
1684 2085 1848 2124 Brutus
1881 2084 2034 2124 absens

1145 2150 1265 2193 fecit.
1320 2147 1431 2191 Sunt
1462 2150 1535 2203 qui
1569 2148 1706 2201 pestis
1741 2149 1884 2201 gratia
1919 2149 2034 2189 cele-

1143 2214 1288 2255 bratos
1325 2213 1555 2264 affirmant,
1588 2213 1659 2252 alii
1693 2224 1793 2252 vero
1827 2211 2033 2253 Victoria}

1145 2288 1291 2329 causa,
1307 2278 1351 2318 in
1371 2289 1551 2331 quorum
1569 2277 1828 2321 sententiam
1848 2272 2036 2317 eundum

1145 2354 1242 2382 esse
1271 2341 1400 2382 facile
1426 2336 1662 2393 judicabit,
1681 2339 1770 2392 qui,
1792 2352 1886 2393 quae
1908 2346 2037 2380 antea

1145 2405 1199 2446 de
1234 2404 1395 2445 Martio
1431 2408 1528 2443 vate
1566 2414 1618 2442 ex
1650 2403 1852 2444 Macrob.
1888 2404 2036 2444 attuli-

1145 2475 1255 2519 mus,
1294 2467 1539 2520 diligentius
1579 2467 1850 2508 examinarit.
1908 2468 2035 2508 Cum-

1146 2544 1230 2585 que
1265 2538 1394 2571 antea
1425 2531 1592 2571 incerto
1624 2531 1693 2570 die
1729 2530 1899 2581 fierent,
1937 2532 2038 2572 tulit

1146 2597 1285 2648 legem
1306 2595 1359 2636 P.
1376 2595 1562 2636 Licinius
1575 2595 1736 2645 Varus,
1751 2599 1800 2635 ut
1820 2593 1914 2636 dies
1937 2599 2038 2636 ante

1146 2659 1322 2700 tertium
1335 2659 1482 2699 Nonas
1495 2659 1710 2702 Quintiles
1722 2657 1787 2699 his
1802 2657 1910 2699 ludis
1924 2659 2040 2700 foret

1145 2728 1301 2774 status,
1321 2722 1393 2776 qui
1414 2722 1571 2763 deinde
1592 2728 1803 2774 perpetuo
1821 2733 1943 2763 sacer
1968 2722 2037 2763 ha—

1145 2786 1239 2827 beri
1267 2790 1334 2826 est
1352 2790 1537 2838 coeptus,
1569 2791 1652 2839 qua
1673 2785 1727 2825 de
1757 2797 1804 2826 re
1827 2786 2038 2826 videndus

1147 2850 1290 2890 Livius
1309 2849 1420 2889 libro
1448 2859 1595 2889 xxvn.
1653 2849 1874 2900 Fungerus.

1200 2913 1377 2954 Directis
1407 2913 1451 2952 in
1476 2913 1708 2965 Pompeium
1738 2913 1933 2966 mambus]
1962 2911 2040 2953 At-

1146 2988 1232 3030 que
1266 2982 1368 3018 tunc
1402 2976 1638 3029 Pompeius
1672 2978 1834 3030 Capuae
1866 2978 2041 3018 videtur

1146 3039 1295 3093 fuisse,
1315 3043 1364 3081 ut
1381 3045 1567 3093 apparet
1587 3046 1640 3079 ex
1662 3041 1752 3082 Cic.
1771 3040 1825 3080 ad
1846 3039 1942 3081 Att.
1965 3040 2039 3090 lib,

1148 3110 1201 3144 11.
1226 3105 1366 3156 Epist.
1388 3107 1457 3144 19.

1202 3169 1225 3221 ξ
1247 3173 1297 3208 10
1318 3168 1382 3210 Μ.
1402 3168 1538 3220 etiam,
1563 3168 1654 3221 ἔξω]
1700 3168 1894 3220 Contigit
1927 3178 2037 3232 ango

1148 3232 1266 3272 urbis
1286 3238 1449 3274 ncxxr.
1974 3230 1980 3233 ’

1202 3296 1240 3336 Α
1278 3296 1540 3348 Placentinis]
1570 3297 1682 3337 Nam
1722 3300 1868 3347 partes
1907 3293 2039 3333 Marii

1150 3359 1290 3399 secuti
1310 3359 1501 3400 fuerant.

1203 3425 1260 3463 Et
1277 3436 1348 3474 ego
1367 3423 1507 3474 annos]
1537 3422 1697 3463 Itidem
1718 3421 1845 3460 Solon
1864 3431 2040 3472 respon-

1151 3487 1265 3527 disse
1291 3486 1431 3527 fertur
1451 3487 1679 3525 Pisistrato
1699 3489 1907 3537 tyranno:
1943 3497 2040 3524 cum

1152 3563 1207 3591 ex
1224 3563 1275 3591 eo
1306 3556 1521 3604 quaereret
1546 3548 1815 3599 Pisistratus,
1835 3559 1919 3600 qua
1948 3553 2041 3588 tan-
