2346 3996
809 313 888 353 DE
929 313 1208 353 VALEmo
1250 315 1520 356 MAxmo.
1914 305 2055 360 1387

240 439 436 490 historia
460 446 622 489 vetere
635 453 693 487 ac
719 445 912 488 recente
937 439 1190 498 collectos,
1214 440 1471 506 editosque
1498 444 1736 505 Antverp.
1765 439 1907 489 1565.
1936 449 1980 491 8.
2007 452 2058 492 et

241 521 314 568 M.
340 523 454 569 Ant.
477 519 688 568 Coccius
731 518 1002 567 Sabellicus
1041 532 1100 567 x.
1145 519 1296 568 libros
1336 521 1720 584 Exemplorum:
1757 521 1888 585 quod
1931 538 2056 586 opus

235 601 547 664 posthumum
572 599 751 663 saepius
786 598 985 663 prodiit,
1013 606 1069 647 ut
1092 599 1240 646 Basil.
1274 607 1417 648 1541.
1446 607 1493 650 8.
1538 609 1587 649 et
1630 600 1926 649 Germanice
1968 619 2059 666 per

234 680 538 731 Leonardum
562 681 884 739 Brunnerum,
910 679 1117 744 Argent.
1148 685 1293 731 1535.
1318 679 1404 729 fol.
1460 682 1541 730 Jo.
1566 680 1790 745 Baptista
1828 682 2059 746 Egnatius

238 759 390 809 libros
416 775 497 810 lx.
522 762 585 810 de
625 762 858 826 exemplis
883 761 1138 810 illustrium
1177 760 1391 809 virorum
1425 762 1623 810 Venetae
1663 761 1872 810 civitatis
1910 770 2059 827 atque

240 841 441 890 aliarum
465 843 698 906 gentium,
722 842 806 906 qui
834 850 948 906 post
971 840 1184 891 auctoris
1211 857 1258 891 a.
1289 847 1436 891 1553.
1467 841 1685 891 defuncti
1704 842 1888 891 obitum
1913 844 2060 907 prod-

239 922 334 970 iere
359 938 487 971 anno
511 922 749 987 proximo,
818 924 902 973 Jo.
927 922 1207 972 Schefferus
1234 923 1282 971 in
1309 922 1433 970 libro
1472 922 1858 972 memorabilium
1900 941 2062 972 exem—

242 1002 432 1066 plorum
468 1003 691 1052 Suecicae
729 1005 887 1067 gentis
938 1004 1215 1068 Hamburg.
1262 1002 1410 1058 1671.
1455 1011 1500 1052 8.
1573 1003 1800 1051 Similiter
1837 1006 2063 1068 exempla

239 1082 396 1146 gentis
422 1082 642 1141 Danicae,
667 1082 767 1131 sive
794 1082 1036 1130 Valerium
1063 1083 1331 1131 Maximum
1359 1082 1600 1131 Danicum
1629 1082 1761 1130 libris
1788 1096 1915 1131 Xix.
1941 1101 2059 1132 con-

240 1163 383 1228 gessit
407 1163 532 1212 Otto
556 1164 874 1228 Sperlingius‚
898 1172 951 1213 ut
973 1163 1183 1213 refertur
1205 1163 1252 1212 in
1278 1164 1417 1213 novis
1447 1163 1672 1213 literariis
1700 1165 1850 1213 Maris
1891 1167 2064 1216 Baltici

240 1260 285 1295 a.
329 1244 471 1302 1698.
515 1260 622 1309 pag.
670 1251 751 1294 22.
839 1244 1074 1309 Exempla
1117 1245 1327 1295 Gallicae
1374 1245 1531 1310 gentis
1571 1246 1745 1295 Valerii
1793 1248 2063 1297 imitatione

243 1326 434 1391 scripsit
460 1326 599 1375 Guil.
625 1326 686 1375 de
711 1327 899 1392 Bellay,
935 1335 1059 1377 teste
1102 1327 1364 1376 Francisco
1398 1345 1427 1376 a
1450 1328 1606 1376 Cruce
1633 1345 1746 1393 pag.
1790 1336 1902 1386 139.
1934 1330 2063 1378 Bibl.

241 1407 464 1457 Gallicae.
491 1408 572 1457 J0.
599 1423 716 1456 vero
741 1408 912 1456 Franc.
937 1407 1251 1457 Lauredanus
1272 1408 1319 1456 in
1345 1408 1500 1473 gloria
1522 1408 1804 1458 Academiae
1844 1410 2063 1476 incogni-

245 1495 404 1537 torum
432 1503 481 1551 p.
509 1494 623 1544 247.
646 1487 883 1551 promisit,
909 1504 960 1537 se
985 1488 1046 1536 ad
1071 1488 1248 1537 Valerii
1270 1489 1547 1553 exemplum
1578 1489 1824 1539 editurum
1850 1490 1986 1541 dicta
2015 1501 2064 1539 et

241 1567 370 1617 facta
395 1569 688 1618 Venetorum
716 1562 940 1628 illustria,
957 1570 1000 1618 ‘i
1024 1569 1144 1618 detti
1170 1587 1195 1618 e
1219 1568 1328 1618 fatti
1351 1568 1425 1617 de'
1447 1570 1732 1619 Venetiani.'

514 1717 696 1767 Valerii
716 1719 948 1784 Epistola
972 1719 1040 1770 ad
1063 1719 1319 1786 Rufinum,
1343 1737 1402 1768 ne
1427 1719 1575 1769 ducat
1598 1736 1808 1769 uxorem.

313 1819 564 1891 Philippiis
589 1827 817 1876 Labbeus
842 1828 889 1876 in
922 1828 1227 1877 Bibliotheca
1251 1846 1375 1877 nova
1401 1829 1525 1877 Mss.
1559 1845 1672 1893 pag.
1715 1837 1796 1879 45.
1832 1838 2069 1881 memorat

242 1913 261 1942 ἕ
278 1906 451 1955 Valerii
477 1893 683 1956 Maximi
707 1907 1033 1958 dissuasiones
1057 1909 1121 1957 ad
1148 1908 1401 1967 Rufinum,
1421 1925 1480 1957 ne
1505 1908 1659 1957 ducat
1684 1913 1917 1959 uxorem.’
1971 1911 2066 1959 Sed

238 1987 522 2052 intelligitur
557 1988 794 2053 Epistola,
821 2006 951 2054 quae,
977 1989 1258 2039 Christiano
1278 1990 1446 2054 utique
1472 1989 1730 2052 scriptore,
1755 1990 1845 2038 sub
1872 1991 2067 2050 Valerii,

244 2068 410 2118 nescio
433 2069 590 2132 cujus,
617 2070 808 2119 nomine
833 2071 1006 2135 legitur
1030 2071 1158 2119 inter
1180 2072 1364 2135 scripta
1390 2072 1437 2119 S.
1465 2070 1766 2136 Hieronymo
1792 2072 2066 2136 supposita,

232 2158 396 2214 -atque
422 2149 622 2213 incipit:
663 2157 675 2177 ‘
697 2151 854 2216 Loqui
889 2151 1167 2216 prohibeor,
1193 2160 1241 2200 et
1269 2160 1428 2199 tacere
1453 2167 1551 2198 non
1575 2151 1813 2215 possum.'
1881 2153 1936 2199 In
1961 2169 2067 2200 eam

237 2229 512 2294 :Epistolam
538 2231 908 2280 commentarios
949 2233 1027 2282 J0.
1054 2231 1330 2282 Guallensis
1373 2240 1423 2279 et
1463 2230 1578 2281 Nic.
1615 2231 1805 2281 Triveti
1837 2241 2069 2282 memorat

246 2310 325 2359 J0.
352 2310 596 2360 Lelandus
630 2311 690 2359 de
714 2312 1033 2376 scriptoribus
1052 2312 1341 2362 Britannicis
1364 2329 1415 2377 p.
1441 2319 1556 2369 307.
1583 2318 1700 2367 327.
