2346 3996
372 266 510 320 1358

371 410 577 449 sororem,
628 410 724 451 quae
774 398 910 438 virum
963 404 1092 438 nacta
1130 399 1250 439 muli-

373 462 465 502 ebri
483 468 675 502 cessaret
694 460 884 501 audacia.
941 460 1168 501 Contrahit
1182 473 1251 502 ce-

367 525 518 564 leriter
542 524 776 563 similitudo
792 535 882 572 eos,
897 527 946 562 ut
965 524 1120 563 malum
1140 525 1252 564 malo

368 586 445 626 fiat
462 586 741 637 aptissimum,
757 586 831 625 sed
853 585 1022 624 initium
1051 585 1253 626 turbandi

373 651 513 690 omnia
529 663 554 690 a
571 648 744 689 foemina
762 654 903 689 ortum
922 654 1015 698 est;
1044 660 1094 689 ea
1112 661 1251 690 secre-

368 714 423 752 tis
446 713 526 751 viri
560 712 688 751 alieni
716 711 959 752 assuefacta
977 712 1254 764 sermonibus,

368 777 497 816 nullis
520 776 749 816 verborum
778 776 1050 817 contumeliis
1071 788 1250 828 parcere

369 840 424 879 de
446 842 539 880 viro
566 839 619 879 ad
647 838 842 890 fratrem,
862 841 914 880 de
943 853 1089 882 sorore
1118 843 1171 881 ad
1190 842 1249 881 vi-

369 916 477 954 rum,
512 910 557 944 et
586 917 633 944 se
659 906 821 944 rectius
853 905 1034 958 viduam,
1069 911 1114 946 et
1135 906 1250 946 illum

369 967 565 1006 caelibem
595 966 726 1007 fuisse
758 967 965 1020 futurum,
995 981 1121 1021 quam
1154 981 1251 1009 cum

369 1030 520 1081 impari
534 1030 678 1081 jungi,
698 1036 773 1071 ant
792 1032 1094 1082 elanguescere
1113 1031 1252 1071 aliena

368 1093 541 1144 ignavia
559 1093 748 1134 dicebat.
803 1095 860 1134 Et
880 1095 916 1134 si
936 1095 1018 1134 sibi
1039 1107 1150 1147 eum,
1167 1107 1251 1146 quo

365 1156 498 1206 digna
535 1162 663 1207 esset,
711 1157 847 1196 virum
895 1156 1116 1196 dedissent
1160 1157 1253 1208 Dii,

368 1219 482 1259 domi
519 1231 565 1261 se
604 1219 855 1271 propediem
907 1218 1088 1258 visuram
1117 1218 1249 1258 fuisse

370 1283 696 1335 regnum‚quod
729 1281 843 1334 apud
883 1287 1051 1334 patrem
1090 1281 1248 1322 videat.

368 1346 583 1386 Celeriter
610 1346 927 1386 adolescentem
957 1357 1046 1384 suae
1079 1344 1251 1385 temeri-

368 1410 471 1449 tatis
503 1410 671 1461 implet.
739 1408 883 1448 Aruns
915 1408 1168 1461 Tarquinius
1207 1413 1253 1447 et

366 1473 507 1512 Tullia
527 1473 668 1512 minor
686 1484 824 1525 prope
844 1471 1099 1512 continuatis
1130 1470 1252 1510 fune·

368 1537 501 1587 ribus,
519 1538 611 1577 haec
628 1537 845 1587 maritum,
864 1536 936 1575 ille
967 1547 1145 1575 uxorem
1163 1546 1252 1575 sus-

368 1601 481 1646 tulit,
504 1613 600 1641 cum
620 1601 769 1640 domos
790 1611 946 1639 vacuas
966 1610 1076 1638 novo
1106 1597 1253 1638 matri-

367 1665 509 1705 monio
557 1663 778 1714 fecissent,
797 1663 1046 1715 junguntur
1077 1661 1253 1712 nuptiis,

364 1728 498 1780 magis
533 1739 617 1782 non
664 1726 918 1779 prohibente
955 1724 1078 1764 Tullo
1128 1735 1254 1775 quam

369 1790 652 1842 approbante.
704 1789 817 1829 Tum
839 1799 940 1828 vero
961 1787 1099 1827 indies
1119 1784 1253 1826 infes-

371 1855 455 1894 tior
487 1854 616 1894 Tullii
648 1858 864 1904 senectus,
885 1850 1082 1891 infestius
1119 1850 1256 1901 coepit

366 1929 460 1956 esse
490 1929 683 1968 regnum.
738 1915 837 1956 Jam
873 1914 988 1955 enim
1026 1926 1051 1954 a
1088 1913 1254 1954 scelere

365 1981 481 2021 aliud
517 1986 719 2033 spectare
768 1979 922 2020 mulier
973 1978 1129 2029 scelus,
1173 1989 1253 2017 nec

366 2050 512 2095 nocte,
543 2056 622 2084 nec
653 2041 841 2083 interdiu
873 2042 1009 2082 virum
1031 2040 1253 2092 conquies-

365 2119 466 2147 cere
497 2106 765 2159 patiebatur,
803 2104 1006 2145 monebat
1037 2109 1083 2144 ut
1110 2103 1253 2155 potius

365 2171 526 2210 habere
551 2183 679 2223 quam
699 2179 878 2221 sperare
909 2179 1088 2218 regnum
1110 2166 1257 2217 vellet,

365 2235 630 2274 meminisset
667 2245 714 2273 se
743 2230 963 2284 Tarquinii
993 2230 1126 2270 filium
1147 2241 1257 2280 esse,

367 2297 438 2337 cui
468 2297 704 2338 Romanum
733 2294 978 2336 debebatur
1012 2292 1255 2345 imperium,

365 2373 444 2401 nec
461 2361 580 2412 prius
600 2359 789 2411 destitit,
818 2370 947 2411 quam
967 2357 1088 2397 illum
1107 2356 1257 2396 stimu-

365 2423 434 2471 lis,
455 2423 590 2463 veluti
610 2421 750 2473 furiis,
767 2421 821 2462 ad
851 2420 1118 2472 eripiendum
1140 2419 1258 2471 patri

367 2498 544 2538 regnum
566 2484 787 2535 incendit;
820 2484 972 2537 quibus
991 2482 1063 2523 ille
1082 2482 1260 2522 instinc-

366 2555 450 2601 tus,
489 2549 674 2590 circuire
711 2554 757 2589 et
794 2560 999 2601 prensare
1046 2548 1257 2587 minorum

371 2612 565 2663 gentium
610 2617 756 2664 patres
802 2611 949 2664 coepit,
997 2610 1258 2651 admonebat

367 2687 441 2714 eos
463 2675 631 2726 paterni
661 2674 874 2726 beneficii,
903 2688 954 2716 ac
983 2687 1063 2726 pro
1091 2687 1143 2714 eo
1162 2686 1256 2726 gra-

367 2739 470 2778 tiam
491 2738 736 2790 repetebat,
761 2738 982 2778 alliciebat
1001 2737 1123 2778 donis
1130 2737 1256 2788 juve-

368 2814 460 2853 nes‚
480 2802 672 2854 ingentia
694 2802 994 2853 pollicebatur.
1048 2801 1257 2852 Idemque

368 2877 516 2906 socero
537 2865 667 2905 struit
685 2865 880 2917 insidias,
896 2869 942 2904 et
960 2876 1057 2904 cum
1077 2862 1257 2915 ageudae

369 2929 433 2968 rei
451 2933 618 2979 tempus
631 2927 765 2967 visum
782 2932 865 2978 est,
886 2926 1070 2978 stipatus
1091 2925 1258 2977 agmine

368 2997 642 3043 armatorum,
668 2991 712 3030 in
732 2988 871 3029 forum
902 2989 1120 3041 irrumpit,
1146 2987 1258 3039 regi-

372 3069 441 3096 am
462 3055 606 3095 sedem
627 3060 829 3106 occupat,
849 3053 984 3093 multa
1001 3053 1042 3092 in
1062 3063 1258 3092 socerum

370 3120 563 3172 graviter
582 3118 794 3168 invectus,
820 3129 905 3170 quo
935 3116 1092 3168 populo
1110 3127 1258 3166 regem

368 3183 552 3223 invisum
571 3181 757 3223 reddere
774 3184 961 3234 possent.
1018 3179 1098 3219 Cui
1114 3179 1259 3219 conci-

368 3246 516 3287 onanti
551 3258 647 3287 cum
667 3244 988 3298 supervenisset
1004 3243 1194 3294 Servius,
1212 3248 1258 3284 et

369 3309 425 3350 ab
441 3322 493 3350 eo
507 3310 750 3362 quaesisset,
769 3307 873 3362 quid
893 3308 955 3348 ita
975 3319 1103 3348 ausus
1116 3312 1256 3359 esset3

370 3372 442 3411 ille
461 3371 669 3413 ferociter
687 3371 928 3423 respondit,
957 3371 1014 3411 Se
1034 3370 1170 3422 patris
1191 3371 1258 3410 sui

372 3440 523 3474 tenere
552 3434 714 3475 sedem.
751 3433 862 3474 Orta
879 3432 1037 3474 deinde
1056 3432 1110 3472 ab
1131 3432 1258 3472 utris-

373 3510 455 3550 que
475 3496 719 3540 fautoribus
740 3496 1035 3548 contentione,
1055 3495 1258 3548 factoque

955 278 1133 318 No'rAE
1176 279 1506 321 VARIORUM
1548 281 1616 322 IN

1314 402 1462 454 populi
1491 414 1703 443 concursu
1733 404 1777 442 in
1809 401 1983 452 curiam,
2011 412 2191 454 appare-

1314 464 1390 503 bat
1417 470 1693 514 regnaturum
1724 465 1795 517 qui
1824 465 2012 505 vicisset.
2067 465 2188 506 Tunc

1312 528 1579 580 Tarquinius,
1607 530 1866 570 necessitate
1885 529 1977 581 jam
2006 530 2099 582 ipsa
2117 539 2191 570 co-

1314 598 1458 642 gente,
1480 592 1631 631 ultima
1646 593 1822 642 audere,
1841 593 1976 631 multo
1997 598 2042 632 et
2056 596 2189 632 aetate

1314 660 1359 693 et
1397 653 1557 693 viribus
1591 654 1787 705 validior,
1820 654 2007 694 medium
2037 652 2192 705 arripit

1312 715 1522 766 Servium,
1559 717 1719 756 elatum
1751 727 1776 756 e
1805 716 1922 757 curia
1953 717 1997 755 in
2017 715 2193 756 inferio·

1312 789 1400 817 rem
1420 782 1584 829 partem
1606 790 1684 830 per
1708 779 1864 830 gradus
1884 779 2052 830 dejicit,
2072 778 2190 818 dein-

1313 840 1366 881 de
1400 841 1453 880 ad
1496 842 1735 894 cogendum
1769 842 1975 882 Senatum
2009 842 2049 882 iu
2078 841 2190 881 miri-

1315 916 1382 943 am
1419 903 1564 945 rediit.
1621 905 1691 944 Fit
1709 903 1808 956 fuga
1837 903 1951 955 regis
1975 902 2192 954 apparito-

1313 978 1404 1005 rum
1424 972 1555 1019 atque
1581 966 1808 1015 comitum;
1836 966 1929 1016 ipse
1959 976 2095 1017 prope
2117 974 2191 1003 ex-

1312 1029 1481 1080 sanguis
1496 1042 1590 1069 eum
1603 1028 1840 1069 semianimi
1854 1028 1971 1079 regio
1983 1026 2192 1067 comitatu

1313 1103 1360 1131 se
1382 1092 1614 1143 reciperet,
1629 1091 1978 1143 pervenissetque
1997 1089 2051 1130 ad
2080 1102 2193 1130 sum-

1313 1167 1424 1195 mum
1445 1155 1649 1206 Cyprium
1673 1156 1830 1206 vicum,
1850 1154 1986 1205 abiis,
2005 1154 2076 1207 qui
2094 1153 2194 1193 mis-

1313 1218 1348 1257 si
1377 1231 1402 1257 a
1436 1218 1668 1270 Tarquinio
1698 1217 1935 1269 fugientem
1970 1217 2193 1258 consecuti

1313 1287 1454 1332 erant,
1469 1281 1738 1323 interficitur.
1767 1282 1982 1331 Creditur,
1990 1281 2091 1333 quia
2108 1291 2194 1320 non

1313 1344 1515 1385 abhorret
1535 1357 1561 1385 a
1579 1350 1740 1386 caetero
1768 1345 1949 1393 scelere,
1978 1343 2196 1384 admonitu

1312 1407 1460 1448 Tulliae
1479 1408 1523 1447 id
1542 1419 1638 1448 esse
1652 1407 1839 1448 factum:
1875 1410 2082 1458 carpento
2101 1415 2194 1446 cer-

1313 1478 1375 1524 te,
1409 1473 1453 1513 id
1475 1473 1590 1526 quod
1626 1473 1728 1513 satis
1759 1477 1945 1521 constat,
1980 1472 2024 1510 in
2057 1469 2196 1510 forum

1313 1536 1501 1587 invecta,
1523 1547 1602 1575 uec
1620 1535 1807 1575 reverita
1834 1539 1991 1575 coetum
2012 1533 2194 1574 virorum

1315 1600 1606 1651 praesentium,
1635 1598 1832 1639 evocavit
1861 1598 1998 1637 virum
2026 1607 2050 1637 e
2077 1596 2197 1637 curia

1315 1674 1551 1714 regemque
1587 1662 1724 1714 prima
1767 1659 2019 1714 appellavit,
2055 1672 2080 1699 a
2111 1671 2196 1711 quo

1315 1725 1531 1767 facessere
1572 1727 1694 1778 jussa
1739 1737 1794 1765 ex
1833 1729 1955 1764 tanto
1992 1723 2196 1773 tumultu,

1317 1802 1413 1830 cum
1433 1791 1604 1830 domum
1638 1802 1684 1830 se
1713 1789 1948 1841 reciperet,
1977 1786 2194 1839 pervenis-

1319 1860 1472 1906 setque
1492 1854 1545 1893 ad
1580 1853 1786 1905 Cyprium
1827 1852 1983 1901 vicum,
2017 1848 2195 1891 flectere

1318 1923 1572 1969 carpentum
1586 1917 1629 1956 in
1645 1917 1840 1957 dextram
1848 1914 1977 1966 jussit
1991 1913 2197 1965 aurigam,

1319 1981 1429 2021 utin
1450 1981 1602 2020 collem
1625 1979 1911 2032 Esquiliarum
1939 1977 2193 2018 veheretur:

1319 2043 1479 2083 restitit
1495 2043 1690 2095 pavidus,
1719 2048 1763 2082 et
1783 2041 1930 2080 frenos
1958 2039 2141 2080 inhibuit
2160 2040 2196 2079 is

1319 2107 1389 2160 qui
1397 2107 1596 2158 jumenta
1611 2104 1786 2157 agebat,
1797 2105 2101 2156 jacentemque
2120 2102 2198 2144 do-

1319 2170 1447 2210 minae
1473 2169 1670 2210 Servium
1702 2168 1963 2209 trucidatum
1992 2165 2197 2208 ostendit.

1320 2232 1500 2273 Foedum
1517 2233 1875 2284 inhumanumque
1893 2229 2050 2270 deinde
2065 2229 2199 2269 tradi-

1321 2302 1392 2335 tur
1411 2296 1563 2347 scelus,
1588 2300 1948 2347 monumentoque
1976 2293 2097 2333 locus
2115 2297 2200 2342 est,

1322 2372 1447 2412 quem
1485 2359 1748 2399 Sceleratum
1777 2359 1930 2399 Vicum
1963 2355 2200 2409 appellant,

1321 2434 1405 2474 quo
1427 2434 1588 2472 amens,
1623 2420 1885 2473 agitantibus
1913 2419 2070 2459 sororis
2098 2417 2199 2457 viri-

1321 2498 1406 2538 que
1421 2497 1629 2525 caesorum
1650 2484 1788 2534 furiis,
1806 2482 1947 2523 Tullia
1967 2492 2044 2534 per
2062 2480 2199 2533 patris

1321 2559 1481 2599 corpus
1501 2552 1756 2599 carpentum
1777 2544 1916 2598 egisse
1934 2543 2086 2595 fertur,
2102 2554 2198 2594 par-

1322 2615 1494 2662 temque
1515 2610 1731 2661 sanguinis
1765 2621 1815 2649 ac
1850 2607 1980 2648 caedis
2005 2613 2199 2659 paternae

1321 2680 1503 2715 cruento
1540 2674 1738 2714 vehiculo
1772 2671 2062 2713 contaminata
2105 2669 2201 2721 ipsa

1320 2751 1603 2792 respersaque
1631 2738 1782 2779 tulisse
1811 2736 1864 2776 ad
1883 2741 2066 2788 penates
2085 2744 2201 2783 suoS,

1323 2804 1485 2856 virique
1499 2804 1580 2855 sui,
1597 2803 1749 2855 quibus
1768 2800 1887 2841 iratis
1906 2798 2062 2840 malum
2079 2797 2202 2848 regni

1321 2870 1580 2922 principium
1635 2866 1794 2908 similes
1841 2863 2000 2905 deinde
2058 2862 2201 2902 exitus

1322 2938 1618 2986 sequerentur.
1654 2930 1767 2970 Vide
1786 2929 1883 2970 Liv.
1904 2926 2012 2967 libro
2030 2937 2064 2966 1.
2096 2924 2203 2964 Oliv.

1375 2997 1574 3037 Succussis
1583 2994 1734 3045 frenis]
1749 2992 1919 3033 Pressis
1939 2996 1983 3031 et
2002 2989 2204 3032 inhibitis.

1380 3062 1467 3107 Quo
1504 3059 1667 3100 celerius
1696 3058 1738 3098 in
1768 3053 2028 3108 complexum]
2055 3052 2203 3094 Livius

1321 3125 1403 3166 hoc
1421 3125 1464 3165 in
1485 3124 1627 3164 reditu
1646 3120 1874 3172 contigisse
1894 3117 2015 3159 dicit.
2032 3151 2034 3153 ,

1381 3186 1619 3238 Cognomina
1657 3182 1832 3233 sceleris]
1876 3181 2036 3221 Dictus
2089 3177 2203 3219 enim

1325 3253 1580 3302 scelernm,
1608 3261 1704 3290 cum
1722 3255 1821 3289 ante
1840 3245 2009 3291 Ὄλβιος
2034 3243 2203 3294 fuisset,

1325 3321 1440 3357 teste
1479 3313 1706 3365 Dionysio.
1779 3309 1963 3350 Ovidius
1993 3307 2036 3347 in
2067 3306 2202 3347 Ibin:

1322 3379 1334 3402 ‘
1358 3377 1656 3429 Infamemque
1702 3375 1843 3414 locum
1892 3369 2069 3412 sceleris
2106 3379 2203 3421 quse

1323 3441 1494 3481 nomine
1538 3437 1662 3488 fecit,
1702 3435 1872 3475 Pressit
1926 3439 1972 3474 et
2016 3430 2205 3472 inductis

1323 3502 1512 3545 membra
1532 3506 1715 3556 paterna
1735 3497 1870 3539 rotis!
1923 3495 2047 3538 Idem
2060 3493 2206 3537 memi-
