2288 3990
358 251 464 305 956

360 382 414 421 de
452 381 624 422 familiis
662 381 704 421 in
737 382 874 434 Papia
907 383 1067 423 Gente.
1109 385 1234 424 Ortel.

359 444 540 495 Lavinii]
574 444 644 483 Ita
680 444 785 484 Mss.
844 444 1025 484 Codices
1067 445 1233 496 legunt.

361 508 514 546 Recte.
543 507 688 546 Pullos
709 507 817 545 enim
833 507 1021 546 avolasse
1036 506 1078 546 in
1094 508 1234 559 proxi-

359 581 471 609 mam
510 571 673 620 sylvam
710 570 858 610 scribit
886 571 1032 611 Valcr.
1069 578 1114 610 et
1146 571 1235 612 Jul.

361 631 631 683 Obsequens,
658 633 699 671 in
730 633 890 684 sylvam
912 632 1106 672 nimirum
1127 634 1234 673 Lau-

360 695 590 749 remmam,
635 707 727 747 quae
774 695 940 734 Lavinii
987 701 1098 746 erat,
1152 709 1235 736 non

361 757 555 796 Lanuvii.
611 757 721 796 Vide
743 770 838 809 quae
871 770 946 797 nos
982 758 1036 797 de
1066 759 1236 798 Lavinis

359 817 402 856 in
423 830 532 857 anno
548 819 677 858 Urbis
696 830 880 859 ccccxv.
900 820 942 858 in
963 820 1237 871 Magistratu-

361 892 428 919 um
451 880 702 920 Annalibus.
734 882 919 931 Pighius.

413 944 523 982 Pulli
555 943 689 994 cavea]
748 943 932 983 Romani
970 945 1096 984 moris
1116 993 1119 998 y
1139 945 1238 996 fuit,

361 1011 472 1046 teste
492 1007 658 1055 Servio,
691 1006 802 1058 quod
835 1008 878 1045 in
908 1008 1086 1046 comitiis
1113 1019 1240 1058 agen-

361 1069 426 1107 dis
464 1074 509 1108 et
543 1068 667 1108 bellis
699 1069 897 1121 gerendis
931 1070 1111 1121 pullaria
1141 1081 1241 1120 cap-

363 1137 559 1171 tarentur
579 1133 766 1183 auguria.

417 1192 605 1234 Herculis
618 1194 756 1245 portu]
786 1193 1005 1234 Videlicet
1031 1195 1085 1233 de
1116 1194 1242 1245 Ligu·

363 1256 443 1305 ria,
462 1258 532 1296 ubi
553 1262 703 1308 portus
722 1261 790 1295 cst
811 1257 1011 1295 Herculis
1032 1256 1239 1295 Monoeci.

364 1319 471 1358 Ideo
501 1325 657 1370 putant
692 1318 925 1357 Herculem
964 1319 1023 1356 sic
1063 1318 1244 1366 dictum,

368 1383 434 1420 vel
470 1381 584 1433 quod
616 1381 748 1431 pulsis
783 1379 981 1418 omnibus
1014 1379 1103 1418 illic
1131 1379 1244 1417 solus

365 1443 591 1493 habitavit,
623 1443 691 1481 vel
727 1441 842 1493 quod
874 1441 916 1480 in
951 1441 1045 1492 ejus
1081 1441 1244 1491 templo

367 1520 581 1560 nunquam
608 1509 800 1547 Deorum
831 1506 1041 1557 quispiam
1063 1505 1124 1544 sic
1143 1504 1244 1544 coli-

368 1578 455 1622 tur,
499 1570 613 1610 sicut
651 1569 693 1607 in
729 1569 888 1620 templo
923 1568 1046 1608 Jovis
1092 1567 1248 1606 colitur

370 1633 567 1672 Minerva
587 1637 631 1671 et
650 1632 779 1681 Juno,
806 1631 846 1669 in
878 1631 1039 1681 templo
1064 1630 1247 1670 Veneris

371 1694 553 1746 Cupido.
627 1692 782 1732 Strabo
823 1691 878 1730 de
916 1691 1144 1743 Liguribus
1188 1693 1247 1730 lo-

372 1768 523 1808 quens,
581 1755 674 1794 ait:
721 1755 733 1776 ‘
756 1754 980 1792 Monoecus
1035 1760 1251 1805 praeterea

372 1823 521 1869 portus
542 1817 672 1856 statio
693 1816 887 1868 quaedam
919 1820 1001 1867 est,
1030 1829 1115 1856 non
1136 1830 1250 1869 mag-

372 1891 536 1930 narum,
552 1891 635 1918 non
655 1878 879 1917 multarum
899 1889 1038 1927 capax
1066 1879 1252 1929 navium,

374 1942 580 1992 templum
600 1940 760 1979 habens
780 1938 981 1978 Herculis
999 1941 1254 1992 cognomine

375 2003 580 2054 Monoeci,
615 2003 815 2054 quoniam
852 2001 888 2040 is
923 2001 966 2040 in
1004 2014 1055 2042 eo
1087 2002 1255 2048 habitat

378 2065 522 2106 solus!
555 2066 704 2105 Oliver.

435 2127 630 2178 Genuam]
668 2126 853 2178 Liguriae
890 2127 1007 2177 urbs,
1043 2126 1255 2179 hodieque

377 2202 531 2230 nomen
578 2190 751 2230 retinet.
821 2189 1004 2230 Januam
1053 2191 1256 2242 sequioris

381 2252 522 2291 aetatis
542 2257 732 2303 autores,
751 2252 865 2292 inter
880 2263 983 2305 quos
1000 2252 1255 2303 Luitphran·

382 2315 475 2365 dus,
495 2316 731 2366 appellant.

432 2376 857 2428 ScaphamJScaphae,
877 2381 987 2417 teste
1004 2376 1163 2427 Nonio,
1183 2388 1257 2416 na-

382 2440 538 2479 viculae
558 2445 670 2491 sunt,
688 2452 785 2491 quae
806 2440 983 2490 majores
998 2451 1130 2478 naves
1159 2451 1259 2478 con-

384 2508 635 2553 sequuntur.
691 2501 817 2541 Unde
844 2501 1080 2542 Jabolenus
1097 2501 1258 2542 Jctus:

386 2565 399 2587 ‘
416 2564 458 2603 Si
481 2563 659 2614 navem,'
674 2563 827 2615 inquit,
842 2563 855 2586 ‘
872 2575 968 2603 cum
981 2563 1262 2602 instrumento

386 2626 541 2677 emisti,
558 2625 756 2678 praestari
787 2625 866 2664 tibi
901 2624 1079 2665 debebit
1106 2626 1264 2676 scapha

384 2688 536 2729 navis!
618 2689 762 2728 Caesar
814 2682 858 2726 in
907 2688 1220 2727 commentariis
1251 2699 1264 2728 τ

389 2751 546 2794 ‘Quod
577 2763 675 2790 cum
706 2749 1076 2789 animadvertisset
1105 2750 1265 2801 Caesar,

389 2814 568 2865 scaphas
595 2813 817 2863 longarum
849 2811 1034 2863 navium,
1054 2812 1156 2851 item
1173 2823 1267 2862 spe·

390 2876 600 2916 culatoria
629 2875 799 2925 navigia
829 2874 1037 2914 militibus
1064 2874 1268 2926 compleri

383 2938 545 2990 jussit-²
599 2938 710 2977 Sane
730 2936 883 2976 crebra
903 2940 972 2975 est
994 2936 1105 2988 apud
1124 2941 1269 2976 aucto·

393 3014 461 3041 res
493 3001 745 3052 scapharum
775 2998 966 3038 mentio:
999 3010 1113 3038 nunc
1143 2999 1269 3050 vulgo

394 3074 473 3116 pro
489 3063 502 3086 ⁴
518 3061 706 3113 scapha,'
722 3060 855 3100 nostri
866 3065 1007 3100 nautae
1021 3061 1035 3084 ‘
1050 3060 1269 3112 scyphum'

396 3126 632 3178 appellant,
663 3123 724 3163 sic
755 3123 924 3176 quidem
953 3128 1000 3163 et
1019 3122 1072 3162 ab
1093 3123 1271 3163 eruditis

394 3192 589 3240 putatur2
653 3185 740 3227 Sed
778 3190 898 3226 certe
945 3189 991 3225 et
1036 3185 1274 3237 ‘scyphus'

397 3261 552 3291 nomen
583 3253 649 3289 est
680 3247 853 3299 navigii.
906 3247 960 3287 Id
993 3247 1106 3299 quod
1126 3247 1274 3289 Aurei.

398 3311 647 3352 Macrobius
701 3310 766 3351 vir
822 3309 969 3349 multae
1024 3308 1274 3349 eruditionis

402 3374 669 3425 apertissime
706 3371 896 3412 ostendit
928 3371 1019 3411 Sat.
1055 3383 1101 3412 v.

405 3440 450 3476 et
468 3436 536 3489 qui
557 3436 735 3489 scaphas
754 3435 954 3478 Liburnis
981 3434 1181 3477 associari
1213 3435 1275 3476 di-

926 267 1103 307 NOTAE
1145 265 1472 309 VARIORUM
1516 270 1580 309 ΙΝ

1293 390 1410 436 cant,
1427 385 1822 439 exploratoriasque
1843 386 2002 438 vocari,
2031 390 2080 427 ut
2099 392 2168 428 est

1296 448 1408 499 apud
1427 449 1668 499 Vegetium.
1723 450 1832 490 Sunt
1861 456 1906 490 et
1936 451 2005 502 qui
2037 451 2091 490 ab
2110 452 2168 491 Il·

1294 511 1440 562 lyricis
1460 510 1653 550 inventas
1671 511 1855 551 tradant.
1885 513 1998 551 Sane
2018 517 2168 552 venter

1295 574 1416 612 navis
1451 573 1661 624 ‘scapha'
1699 574 1886 626 antiquis
1931 574 2168 625 dicebatur,

1296 639 1411 674 teste
1427 633 1573 675 Suida.
1603 636 1772 686 Gyrald.

1350 697 1509 746 Infelicz'
1521 697 1674 748 pugna]
1708 698 1820 739 Quia
1838 697 1976 738 victus
1991 702 2058 737 est
2075 709 2171 737 cum

1298 760 1461 811 ingenti
1495 759 1768 799 multitudine
1800 772 1825 800 a
1860 760 2038 810 paucis:
2076 771 2173 799 nam

1299 822 1419 861 fuere
1439 826 1506 862 30.
1526 822 1656 861 millia
1675 823 1959 861 Romanorum
1980 834 2007 861 a
2024 825 2066 862 4.
2081 822 2177 861 mil·

1298 884 1410 923 libus
1450 884 1807 924 Numantinorum
1845 890 2061 935 superata.
2105 883 2175 924 Li-

1301 945 1392 984 vius
1413 945 1489 985 lib.
1510 957 1582 985 LV.

1359 1008 1480 1058 Turpi
1501 1007 1672 1058 foedere]
1707 1007 1820 1050 Quia
1850 1020 1895 1047 se
1925 1009 1965 1047 in
1993 1007 2176 1048 hostium

1302 1074 1563 1121 potestatem
1585 1071 1765 1120 dedidit,
1784 1077 1830 1110 et
1848 1071 2011 1122 injussu
2032 1069 2181 1122 populi

1303 1133 1483 1172 Romani
1511 1132 1650 1172 foedus
1682 1133 1839 1184 iniquis
1865 1132 2180 1173 conditionibus

1303 1195 1410 1236 fecit
1429 1208 1524 1234 cum
1547 1196 1837 1235 Numantinis.

1359 1257 1588 1296 Deditione·
1606 1256 1789 1308 funesta]
1837 1257 1946 1299 Quin
1992 1257 2180 1297 Senatus

1306 1319 1473 1357 censuit
1490 1323 1538 1357 ut
1559 1319 2028 1369 hostibusmtraderetur,
2046 1325 2092 1359 et
2110 1330 2184 1371 po-

1306 1379 1431 1430 pulus
1459 1380 1670 1418 Romanus
1699 1381 1903 1431 religione
1930 1383 2182 1421 solveretur.

1361 1442 1383 1492 ς
1404 1445 1428 1480 8
1450 1442 1588 1480 Minus
1612 1442 1769 1494 miram,
1797 1442 1883 1494 Cym]
1917 1443 2110 1494 Contigit
2128 1443 2184 1482 A.

1307 1504 1364 1543 U.
1384 1513 1502 1543 Dxu.

1364 1565 1561 1617 Lucanus]
1606 1565 1728 1618 Ager
1773 1568 1972 1608 Lucanus
2015 1567 2187 1619 Apuliae

1310 1629 1599 1668 conterminus
1613 1627 1694 1668 fuit
1705 1630 1833 1680 juxta
1845 1630 2089 1669 Bardanum
2104 1641 2189 1669 am·

1311 1703 1425 1731 nem.
1482 1693 1675 1731 Lucanos
1710 1693 1944 1742 hospitales
1980 1697 2025 1731 et
2047 1691 2189 1743 justos

1313 1753 1483 1793 vocavit
1498 1753 1753 1794 Heraclides
1777 1754 1831 1794 de
1846 1754 2192 1806 Rebuspublicis.

1317 1817 1353 1856 A
1374 1816 1638 1856 Samnitibus
1671 1818 1877 1868 originem
1908 1818 2092 1857 traxisse
2120 1829 2194 1857 au-

1314 1884 1430 1920 tores
1451 1886 1548 1918 sunt
1567 1880 1683 1918 Plin.
1702 1880 1778 1920 lib.
1801 1891 1872 1922 ιιι.
1893 1893 1932 1921 c.
1949 1885 1991 1920 5.
2007 1886 2053 1920 et
2073 1880 2190 1920 Stra·

1315 1943 1369 1982 bo
1406 1941 1482 1981 lib.
1519 1954 1561 1981 v.
1597 1953 1753 1994 eosque
1789 1943 1998 1983 OEnotriis
2039 1941 2192 1994 ejectis

1317 2015 1464 2043 eorum
1484 2003 1628 2043 sedem
1663 2004 1870 2044 invasisse
1898 2004 2047 2055 tradit,
2062 2011 2195 2056 atque

1318 2079 1392 2108 eos
1411 2080 1508 2108 cum
1528 2068 1692 2108 Brutiis
1726 2075 1770 2108 et
1800 2069 1968 2120 generis
1990 2070 2054 2109 sni
2074 2074 2195 2108 auto-

1318 2131 1437 2170 ribus
1458 2130 1718 2170 Samnitibus
1749 2133 1812 2171 ita
1839 2132 2043 2170 bellorum
2063 2129 2197 2170 cladi-

1318 2193 1397 2233 bus
1426 2193 1596 2231 attritos
1626 2193 1769 2243 docet,
1799 2198 2006 2232 uteorum
2035 2191 2198 2244 oppida

1320 2255 1588 2306 distinguere
1628 2253 1800 2293 difficile
1838 2255 1910 2294 sit.
1977 2253 2197 2293 Terminus

1321 2324 1465 2359 tamen
1503 2317 1689 2357 Lucanis
1733 2317 1886 2356 statuit
1921 2316 1975 2355 ad
2010 2316 2198 2356 Tuscum

1321 2392 1455 2431 mare,
1480 2380 1606 2419 simul
1638 2391 1735 2419 cum
1766 2379 1859 2418 aliis
1892 2378 2149 2429 auctoribus,
2175 2389 2202 2416 a

1323 2442 1564 2483 Picentinis
1593 2442 1791 2486 Silarum,
1812 2454 1835 2480 a
1854 2441 2016 2480 Brutiis
2046 2442 2201 2480 Lacum

1325 2517 1503 2545 amnem.
1533 2505 1602 2544 Ad
1622 2505 1758 2555 ipsum
1777 2515 1943 2555 quoque
1958 2503 2084 2542 Silari
2102 2502 2204 2542 osti-

1324 2578 1395 2606 um
1415 2565 1584 2605 celebre
1602 2566 1630 2606 J
1635 2564 1784 2604 unonis
1803 2565 1975 2616 Argivae
1996 2565 2203 2615 templum

1326 2628 1425 2667 olim
1444 2627 1498 2667 ab
1516 2628 1678 2668 Jasone
1693 2626 1913 2666 conditum
1942 2625 2071 2666 fuisse
2090 2625 2203 2666 idem

1326 2695 1566 2738 memorat3
1603 2700 1845 2741 quanquam
1882 2689 2086 2740 templum
2123 2688 2203 2728 hoc

1329 2752 1440 2792 Plin.
1456 2751 1528 2791 lib.
1548 2761 1619 2789 ιιι.
1636 2762 1732 2801 cap.
1749 2755 1788 2790 5.
1803 2749 1858 2789 ad
1874 2749 2068 2790 dextram
2084 2743 2205 2800 ponit

1330 2812 1483 2864 ripam,
1501 2812 1544 2851 in
1559 2811 1887 2851 Picentinorum
1903 2823 2022 2863 agro.
2052 2812 2206 2851 ctum.

1384 2877 1547 2925 Angues
1579 2873 1674 2924 duo]
1703 2874 1845 2913 Multa
1871 2873 2113 2926 prodigium
2145 2872 2207 2913 fa-

1333 2940 1475 2980 ciunt:
1506 2951 1604 2978 nam
1634 2939 1785 2989 anguis
1816 2947 1884 2979 est
1911 2938 2134 2978 subdolum
2162 2944 2209 2976 et

1333 3003 1530 3042 callidum
1549 3001 1718 3052 animal,
1749 3001 1863 3057 quod
1884 2999 2098 3052 significat
2113 3000 2209 3039 lios-

1334 3069 1399 3104 tes
1415 3063 1581 3104 futuros
1602 3063 1782 3103 callidos
1803 3068 1847 3103 et
1870 3069 2057 3104 astutos:
2081 3062 2210 3115 jecur

1334 3130 1548 3178 praeterea
1565 3124 1801 3165 membrum
1820 3124 1950 3164 vitale
1978 3130 2064 3175 est,
2095 3123 2210 3176 quod

1334 3192 1513 3228 mortem
1560 3187 1732 3227 Consuli
1764 3186 2054 3238 praedicebat:
2097 3186 2211 3238 quod

1334 3250 1378 3289 in
1396 3249 1583 3289 latebras
1600 3261 1646 3288 se
1675 3248 1923 3299 contulerit,
1941 3247 2213 3300 significabat

1335 3312 1428 3353 fore
1439 3318 1489 3352 ut
1502 3312 1545 3352 in
1558 3311 1720 3351 insidiis
1732 3311 1874 3351 hostes
1886 3310 2211 3351 delitescerent.

1169 3373 1278 3412 Sunt
1341 3375 1486 3415 Oliver.

1395 3433 1688 3486 Immolaverat]
1707 3433 1790 3477 Qui
1811 3432 2107 3475 sacrificabant
2126 3432 2214 3474 vic·
