2346 3996
574 279 833 319 VALERu
877 271 1658 335 MAX1M11A3.VI.GAP.3.

202 416 315 455 nam,
349 401 418 442 ubi
458 403 610 453 postea
645 400 925 452 pendentium
963 412 1088 440 crura

202 467 527 520 frangebantur,
548 470 594 504 et
611 464 880 516 postmodum
896 464 1090 517 subjecto

201 532 290 584 igni
316 529 550 579 ardebant;
583 528 696 581 quod
725 540 860 580 genus
885 529 1088 581 supplicii

202 593 351 646 tetigit
381 591 634 634 Juvenalis:
678 591 788 634 ‘Qui
825 598 990 632 stantes
1022 604 1088 631 ar-

203 657 324 708 dent,
341 661 386 697 et
403 655 490 697 fixo
510 662 690 708 gutture
706 655 906 699 fumant.'
935 656 1086 696 Oliver.

259 722 426 762 Tantum
438 722 534 774 non]
550 721 698 761 Ferme
708 721 948 762 damnatus.
967 721 1088 762 Grae-

203 796 255 828 ca
282 791 349 827 est
379 786 492 826 enim
525 785 807 826 constructio.
866 786 972 826 Cum
1003 795 1088 824 non

201 849 619 891 administrationem
668 849 902 903 provinciae
944 861 1086 891 susce-

201 915 353 968 pisset-

256 979 482 1019 Damnatus
497 979 574 1031 est]
588 979 702 1022 Quia
723 979 815 1020 sine
835 980 923 1019 ullo
943 978 1087 1018 minis-

204 1042 315 1083 terio
335 1043 604 1095 provinciali,
619 1051 663 1083 et
681 1043 779 1083 ideo
810 1043 909 1096 quia
928 1043 968 1083 in
989 1055 1085 1095 pro-

204 1106 386 1147 vinciam
416 1108 482 1147 ire
514 1119 597 1148 non
627 1107 764 1159 licuit,
783 1120 877 1149 eam
899 1110 1088 1162 spoliare

201 1182 286 1211 nou
314 1171 482 1224 potuit;
516 1171 720 1225 quocirca
746 1173 1086 1225 repetundarum

202 1246 299 1275 reus
329 1235 399 1287 agi
430 1248 516 1276 non
542 1237 699 1289 potuit.
756 1238 814 1277 Et
832 1237 927 1278 haec
948 1238 1088 1278 verior

202 1303 268 1338 est
282 1299 514 1352 expositio,
536 1312 663 1353 quam
683 1306 732 1341 ut
752 1301 943 1341 dicamus
965 1309 1088 1354 repe-

201 1362 431 1403 tundarum
449 1363 715 1415 damnatum,
734 1368 810 1404 aut
830 1365 951 1417 quasi
970 1365 1089 1405 dam-

201 1431 351 1466 natum
385 1425 533 1479 fuisse,
561 1440 657 1467 cum
690 1429 812 1481 quasi
842 1441 920 1480 per
940 1430 1090 1482 jocum

202 1489 321 1530 dicat
340 1491 513 1543 author,
541 1493 621 1533 hoc
641 1493 779 1532 solum
799 1493 899 1534 boni
921 1506 1090 1535 assecu-

202 1558 309 1604 tum,
343 1555 457 1608 quod
488 1557 829 1610 repetundarum
863 1558 1090 1600 damnatus

202 1628 286 1656 non
305 1617 376 1659 sit.
398 1619 506 1659 Boed.

254 1679 443 1727 Sinistra
467 1681 623 1734 manus]
653 1682 803 1723 Fuisse
821 1685 1027 1737 quosdam
1048 1686 1091 1727 in

200 1742 347 1795 Italia,
374 1746 447 1798 qni
485 1757 539 1786 ne
563 1746 818 1799 militarent,
838 1748 916 1788 sibi
937 1748 1093 1800 digitos

201 1807 441 1859 praecidere
461 1810 667 1862 solerent,
699 1811 869 1850 notavit
904 1810 1091 1853 Ammia-

198 1881 278 1911 nus
305 1872 611 1924 Marcellinus3
641 1886 715 1915 eos
749 1875 926 1916 Murcos
958 1875 1090 1918 fuisse

200 1932 340 1975 dictos
361 1935 544 1978 scilicet.
601 1937 718 1978 Hinc
746 1936 911 1979 factum
936 1946 987 1980 ut
1016 1941 1088 1981 lio·

199 1997 357 2038 minem
378 1998 576 2056 ignavum
598 2005 643 2041 et
661 2002 890 2042 vecordem
925 2004 1088 2044 Murci-

199 2059 302 2100 dum
321 2067 538 2103 vocarent.
593 2063 862 2116 Augustinus
879 2067 934 2107 de
952 2069 1085 2109 Civit.

198 2124 288 2165 Dei
317 2126 395 2167 lib.
427 2138 491 2168 1v.
523 2139 623 2180 cap.
652 2132 719 2170 16.
759 2132 771 2153 ⁴
791 2131 932 2171 Deam
965 2134 1084 2173 Mur-

198 2186 324 2236 ciam,
354 2201 450 2242 quae
470 2196 630 2242 praeter
649 2192 821 2234 modum
838 2207 922 2235 non
941 2208 1084 2238 move-

198 2256 283 2302 ret,
303 2264 354 2292 ac
373 2251 539 2294 faceret
558 2254 788 2307 hominem,
810 2264 858 2298 ut
877 2259 938 2299 ait
959 2260 1085 2301 Pom·

199 2315 366 2368 ponius,
393 2317 654 2371 Murcidum,
687 2321 730 2360 id
759 2327 839 2373 est,
868 2324 993 2364 nimis
1013 2325 1085 2366 de·

197 2379 404 2420 sidiosum
441 2387 488 2422 et
508 2381 821 2425 inactuosum)
877 2388 980 2428 Fuit
1013 2390 1085 2429 ali·

199 2445 371 2496 quaudo
401 2452 452 2487 ut
485 2447 714 2499 legendum
745 2459 945 2503 putarem
971 2455 1085 2506 apud

200 2508 486 2560 Augustinum
514 2512 786 2566 ‘Pompeius'
821 2528 900 2568 pro
929 2517 1087 2559 ‘Pom-

199 2573 386 2627 pontus:
456 2576 627 2618 Festum
675 2579 974 2634 intelligendo,
1014 2584 1086 2636 qni

200 2649 346 2678 vocem
373 2639 639 2681 ‘Marcidus’
680 2643 995 2695 interpretatus
1028 2647 1088 2699 ig·

197 2713 352 2742 navum
371 2709 417 2745 et
436 2705 632 2746 stultum.
688 2708 870 2749 Murciae
891 2711 1088 2752 meminit

195 2765 326 2806 etiam
344 2767 633 2810 Tertullianus
652 2776 699 2811 et
717 2770 947 2814 Arnobius.
991 2775 1087 2816 Ser-

197 2829 289 2876 vius
321 2830 492 2873 Daniel.
529 2833 581 2873 ad
614 2836 784 2878 AEneid.
816 2849 921 2880 v111.
947 2840 1085 2882 ‘Ideo

197 2891 372 2934 Murcia
399 2896 531 2947 dicta,
559 2899 660 2950 qnia
687 2901 859 2953 quidam
897 2903 1084 2946 vicinum

197 2963 387 2997 montem
398 2960 600 3001 Murcum
616 2963 780 3003 dictum
802 2966 977 3007 volunt:
998 2969 1086 3019 alii,

196 3019 312 3071 quod
338 3020 483 3062 fanum
503 3025 685 3066 Veneris
706 3029 996 3072 Verticordiae
1021 3032 1081 3072 ibi

196 3079 343 3136 fuerit,
370 3085 610 3140 circaqnod
632 3101 782 3131 nemus
803 3092 962 3134 Martis
979 3094 1083 3137 fuis·

198 3151 281 3199 set,
328 3148 429 3189 inde
471 3157 641 3193 mutata
686 3154 816 3195 litera
871 3157 1082 3201 Martium

196 3212 492 3267 appellatum,'
522 3221 570 3257 et
583 3218 753 3270 quaeibi
775 3220 911 3262 addit.
942 3224 1067 3265 Celer.

249 3275 427 3317 AEtemis
443 3279 632 3333 vinculis]
658 3280 829 3337 Alioqui
843 3286 943 3336 jure
964 3287 1082 3327 civili

197 3337 304 3377 nulli
322 3338 443 3382 fuere
465 3348 666 3396 perpetui
696 3359 912 3403 carceres,
944 3356 993 3392 ut
1025 3364 1081 3393 ex

198 3398 360 3450 legibus
379 3404 571 3455 plurimis
592 3409 744 3462 liquet.

252 3465 320 3516 §4
348 3468 410 3507 M.
435 3470 596 3523 Curius]
626 3475 712 3514 Alii
749 3478 796 3517 C.
829 3479 991 3519 Curium
1008 3492 1080 3520 vo-

197 3533 311 3582 cant.
368 3531 454 3572 Sed
475 3534 613 3585 Varro
644 3540 773 3580 etiam
791 3543 976 3583 Manium
999 3545 1078 3584 Cu-

1896 273 2038 325 1225

1147 403 1251 441 rium
1280 402 1671 455 repowomamedm·
1717 402 1729 424 ‘
1748 403 1918 443 Manius
1955 405 2040 445 Cu-

1151 465 1237 504 rius
1257 466 1357 508 Cos.
1385 467 1429 507 in
1459 468 1674 520 Capitolio
1694 478 1789 507 cum
1821 468 2037 508 delectum

1149 528 1344 581 liaberet,
1373 541 1452 571 nec
1480 531 1640 571 citatus
1659 543 1684 570 a
1704 530 1820 570 tribu
1841 531 1946 570 civis
1971 543 2038 570 re-

1150 593 1412 645 spondisset,
1466 594 1661 635 vendidit
1711 594 2039 635 tenebrionem.'

1153 656 1284 695 Celer.

1207 719 1306 759 Cum
1319 721 1508 760 delectum
1526 721 1697 761 subitum
1716 723 1877 762 educere
1888 726 2039 762 coactus

1149 783 1268 834 esset]
1297 783 1370 823 Ita
1409 786 1550 837 vulgo.
1618 785 1670 825 In
1702 787 2038 838 manuscriptis:

1150 846 1288 887 Subito
1309 848 1472 888 edicere.
1527 849 1598 889 Sic
1620 850 1763 889 Livius
1781 864 1791 889 ε
1821 852 1834 873 ‘
1853 850 2039 892 Edicere

1150 918 1424 963 conventum,
1451 913 1636 954 Edicere
1655 914 1803 955 diem.'
1834 917 1956 966 Pigh.

1204 976 1382 1029 Sortem]
1413 977 1463 1017 In
1481 990 1628 1018 urnam
1651 978 1704 1018 ad
1723 979 2003 1020 sortiendum.

1206 1041 1394 1082 Omnibus
1412 1042 1606 1095 nuzbabus]
1637 1044 1746 1084 Quae
1763 1054 1912 1084 xxxv.
1946 1038 2039 1084 fn'e-

1150 1110 1264 1145 rant.
1317 1107 1390 1146 De
1411 1106 1527 1147 tribu
1547 1106 1685 1146 Pollia
1705 1106 1888 1147 diximus
1909 1119 2041 1161 supra

1148 1167 1259 1208 libro
1279 1181 1332 1209 11.

1210 1232 1339 1284 Urna]
1379 1234 1628 1286 Vasculum,
1657 1234 1699 1274 in
1735 1234 1852 1287 quod
1881 1241 2040 1287 sortes,

1149 1295 1194 1336 id
1233 1302 1315 1348 est,
1345 1297 1614 1349 singularum
1649 1299 1834 1340 tribuum
1863 1302 2036 1341 nomina

1151 1361 1388 1413 aequalibus
1405 1360 1575 1403 tabellis
1592 1368 1667 1404 aut
1678 1364 1839 1404 chartis
1855 1364 2038 1418 iuscrip-

1153 1429 1196 1464 ta
1216 1425 1418 1477 conjecta
1433 1433 1573 1468 erant.

1206 1488 1373 1540 Hastae]
1401 1489 1613 1541 Sectioni,
1646 1497 1722 1532 aut
1753 1493 1930 1546 actioni,
1960 1507 2037 1535 seu

1153 1554 1342 1607 publicae
1363 1557 1616 1598 venditioni.

1207 1620 1273 1672 §5
1304 1621 1523 1673 Edixerat]
1554 1622 1629 1662 Ait
1662 1623 1724 1665 M.
1747 1624 1910 1665 Tullius
1940 1631 2041 1677 post

1152 1681 1379 1724 decessum
1399 1683 1560 1738 Aquilii
1578 1688 1718 1727 omnia
1746 1688 1947 1729 instituta
1975 1695 2041 1729 at-

1151 1759 1234 1799 que
1249 1747 1395 1788 edicta
1407 1754 1639 1802 praetorum
1657 1750 1789 1791 fnisse
1806 1752 2039 1804 ejusmodi:

1152 1811 1215 1851 Ut
1253 1824 1308 1853 ne
1339 1814 1437 1867 quis
1470 1827 1569 1855 cum
1603 1816 1689 1856 telo
1724 1828 1873 1857 servus
1911 1826 2042 1864 esset.

1153 1876 1286 1918 Coler.

1203 1941 1255 1984 In
1262 1942 1369 1996 fine]
1401 1944 1613 1986 Confinio.

1204 2007 1227 2058 ᾗ
1246 2010 1273 2046 6
1298 2008 1503 2060 Horatius,
1521 2010 1610 2062 ξω]
1639 2011 1805 2052 Tullius
1828 2012 2041 2055 Hostilius

1150 2080 1247 2109 cum
1275 2071 1324 2111 C.
1353 2072 1509 2114 Cluilio
1537 2074 1803 2116 Albanorum
1832 2089 1932 2130 rege
1950 2077 2041 2118 bel-

1150 2133 1237 2174 lum
1275 2136 1424 2187 gessit,
1465 2137 1506 2176 in
1544 2139 1667 2190 cujus
1706 2141 1862 2181 mortui
1898 2142 2040 2189 locum

1149 2198 1314 2239 Metius
1328 2199 1534 2242 Suffetius
1548 2203 1805 2244 substitutus
1821 2210 1888 2245 est
1902 2205 2041 2246 dicta-

1151 2266 1233 2303 tor.
1291 2263 1399 2303 Cum
1431 2264 1566 2317 igitur
1598 2267 1706 2306 duce
1738 2268 1894 2309 Cluilio
1925 2271 2037 2311 acies

1149 2329 1351 2380 utrinque
1371 2330 1669 2371 constitissent
1684 2332 1926 2385 instructae,
1947 2336 2037 2386 pla·

1150 2391 1240 2430 cuit
1259 2395 1462 2445 utrinque
1481 2393 1779 2446 deligerentur
1811 2399 2038 2449 tergemini

1149 2454 1323 2504 fratres,
1351 2468 1530 2509 quorum
1554 2465 1652 2499 utra
1670 2471 1767 2511 pars
1788 2461 1979 2510 vicisset,
1998 2463 2039 2503 ei

1150 2519 1287 2559 altera
1307 2527 1496 2572 pareret.
1553 2523 1652 2564 Quo
1683 2523 1803 2565 facto
1829 2524 2038 2567 Horatius

1151 2583 1384 2635 Romanus,
1399 2586 1522 2626 caesis
1538 2587 1702 2628 duobus
1717 2587 1920 2630 fratribus
1934 2591 2039 2642 suis,

1151 2646 1366 2688 Curiatios
1384 2648 1480 2701 ipse
1500 2662 1646 2695 omnes
1668 2652 1900 2695 interfecit.
1929 2655 2036 2696 Cum

1151 2711 1339 2754 redisset
1365 2725 1498 2754 ovans
1531 2714 1762 2767 trigemina
1789 2718 1925 2770 spolia
1946 2732 2036 2771 prae

1149 2786 1380 2828 segerens,
1409 2789 1529 2817 soror
1561 2778 1696 2831 virgo,
1728 2792 1823 2834 quae
1853 2782 2037 2835 despon-

1149 2844 1245 2879 sata
1266 2840 1339 2880 uni
1358 2852 1414 2881 ex
1444 2842 1655 2883 Curiatiis«
1679 2842 1840 2896 fuerat,
1868 2846 1929 2886 illi
1963 2848 2035 2888 ob-

1148 2902 1261 2942 viam
1282 2903 1334 2943 ad
1354 2909 1521 2956 portam
1549 2908 1770 2960 Capenam
1804 2908 1903 2962 fuit,
1936 2923 2038 2964 cog·

1147 2965 1327 3018 nitoqne
1345 2981 1476 3020 super
1492 2969 1689 3011 humeros
1704 2971 1847 3013 fratris
1863 2974 2035 3024 paluda-

1146 3036 1291 3071 mento
1311 3033 1475 3084 sponsi,
1502 3033 1616 3087 quod
1646 3035 1741 3087 ipsa
1767 3036 2036 3088 confecerat,

1147 3093 1284 3135 crines
1328 3097 1476 3147 solvit,
1521 3103 1567 3139 et
1613 3095 1819 3140 flebiliter
1864 3103 2033 3142 nomine

1145 3168 1346 3209 sponsum
1376 3167 1590 3202 mortuum
1619 3164 1825 3214 appellat.
1884 3165 2035 3205 Movet

1143 3219 1277 3261 feroci
1315 3223 1472 3275 juveni
1522 3225 1709 3266 animum
1752 3228 2033 3278 comploratio

1146 3286 1301 3327 sororis
1318 3287 1360 3327 in
1382 3288 1559 3335 victoria
1578 3301 1671 3338 sua,
1691 3295 1896 3341 tantoque
1926 3301 2030 3342 gan-

1145 3348 1218 3390 dio
1261 3351 1466 3403 publico:
1512 3352 1664 3391 stricto
1704 3352 1852 3404 itaque
1886 3354 2030 3404 gladio

1142 3413 1267 3454 simul
1313 3414 1458 3454 verbis
1506 3415 1751 3465 increpans,
1809 3417 2030 3469 transfigit

1143 3477 1343 3527 puellam.
1400 3477 1483 3516 Abi
1519 3477 1619 3516 hinc
1658 3489 1754 3516 cnm
1800 3478 2028 3522 immaturo

1143 3537 1482 3595 ainore,'inquit,
1510 3541 1562 3581 ad
1583 3554 1782 3593 sponsum
1811 3547 1931 3584 tuum
1954 3547 2032 3587 ob.
