2288 3990
556 302 814 346 vAnan
857 299 1099 342 MAXIMI
1144 298 1262 340 ma.
1301 299 1394 340 111.
1433 299 1568 341 cAP.
1589 288 1642 339 4.

235 425 431 477 Cadurcus]
462 423 516 464 Id
548 428 628 476 est,
653 424 772 476 quus
803 422 942 476 gloria
970 433 1056 463 non

179 487 253 530 diu
272 489 455 528 duravit.

233 553 256 604 ς
275 554 303 591 6
329 549 461 590 Marci
477 561 566 589 vero
598 549 734 590 Porcii
756 548 938 600 Catonis]
968 548 1054 588 Au-

177 618 248 655 tor
265 613 320 654 de
339 613 451 652 Viris
469 612 630 652 Illustr.
651 613 713 652 M.
744 612 925 652 Porcius
947 612 1055 651 Cato

176 689 334 729 genere
349 676 624 724 Tusculanus,
642 689 666 716 a
693 675 870 716 Valerio
898 676 1055 716 Flacco

177 738 355 778 Romam
373 738 627 778 sollicitatus
640 738 853 778 Tribunus
873 739 1055 778 militum

174 802 220 842 in
237 801 399 853 Sicilia,
418 802 620 844 Quaestor
637 801 715 841 sub
734 801 936 853 Scipione
967 800 1054 840 for-

172 863 380 916 tissimus,
399 871 445 905 et
474 865 644 904 Praetor
666 864 930 916 justissimus
950 861 1053 903 fuit:

172 927 218 968 in
239 934 428 979 praetura
445 929 683 968 Sardiniam
704 927 888 978 subegit,
908 927 980 966 ubi
999 926 1053 966 ab

174 989 317 1030 Ennio
338 991 506 1031 Graecis
524 992 657 1030 literis
684 991 939 1040 instructus,
955 1002 1053 1030 con-

174 1053 240 1093 sul
260 1053 500 1094 Celtiberos
520 1054 698 1102 domuit,
716 1058 762 1093 et
778 1065 831 1092 ne
843 1053 1055 1093 rebellare

175 1120 366 1167 possent,
392 1116 537 1156 literas
556 1116 609 1155 ad
630 1117 815 1168 singulas
848 1116 1052 1156 civitates

172 1176 303 1228 misit,
337 1181 384 1217 ut
401 1190 540 1218 muros
560 1178 809 1218 diruerent:
839 1191 934 1218 cum
955 1190 1054 1218 una·

172 1251 356 1292 quaeque
392 1240 473 1280 sibi
507 1242 584 1280 soli
621 1242 824 1293 imperari
864 1248 1055 1293 putaret,

170 1299 384 1342 fecerunt.
422 1303 599 1354 Syriaco
619 1303 732 1343 bello
749 1303 963 1343 Tribunus
978 1304 1055 1344 mi-

170 1364 295 1405 litum
326 1366 403 1406 sub
425 1367 490 1406 M.
517 1365 652 1406 Atilio
674 1367 911 1407 Glabrione
931 1380 1056 1407 occu-

172 1427 290 1478 patis
318 1429 700 1480 Thermopylarum
739 1430 873 1482 jugis,
909 1431 1055 1482 praesi-

173 1490 289 1530 dium
339 1492 524 1533 hostium
566 1494 748 1545 depulit.
805 1495 970 1535 Censor
1002 1496 1053 1535 L.

173 1547 428 1596 Flaminium
450 1558 716 1597 consularem
729 1558 890 1598 Senatu
906 1558 1057 1610 movit,

171 1615 286 1669 quod
305 1617 377 1657 ille
397 1618 438 1657 in
459 1619 602 1658 Gallia
615 1620 670 1659 ad
685 1620 906 1672 cujusdam
921 1620 1052 1661 scorti

167 1680 462 1732 spectaculum
493 1681 696 1722 eductum
725 1683 936 1735 quendam
964 1696 1054 1724 car·

169 1753 272 1783 cere
308 1743 350 1782 in
388 1744 584 1784 convivio
614 1745 806 1797 jugulari
834 1746 1052 1798 jussisset.

168 1804 400 1853 Basilicam
431 1818 508 1847 suo
539 1810 709 1848 nomine
745 1809 908 1861 primus
932 1810 1054 1862 fecit,

168 1869 372 1910 matronis
389 1875 640 1911 ornamenta
656 1872 802 1924 Oppia
819 1874 911 1925 lege
930 1886 1054 1926 repe-

171 1932 364 1972 tentibus
384 1934 591 1985 restituit,
613 1940 842 1976 accusator
860 1937 1053 1978 assiduus

156 1995 374 2041 'malornm
390 1996 572 2037 Galbam
589 1999 919 2050 octuagenarius
932 2012 1055 2041 accu-

167 2059 296 2111 savit,
315 2059 409 2112 ipse
428 2062 686 2113 quadragies
705 2069 861 2115 quater
879 2076 1054 2104 accusa-

169 2126 239 2162 tus
257 2122 446 2174 gloriose.
459 2124 691 2165 absolutus.
748 2126 1051 2179 Carthaginem

167 2184 397 2226 delendam
422 2189 605 2239 censuit,
626 2195 722 2240 post
741 2191 962 2242 octoginta
980 2204 1052 2231 an-

168 2260 248 2291 nos
285 2248 419 2289 filium
455 2252 619 2301 genuit.
685 2253 912 2293 Plutarch.
945 2254 1053 2295 dicit

167 2311 283 2351 hu'nc
312 2325 467 2364 genere
504 2315 791 2355 Tusculanum
828 2316 980 2369 fuisse,
1009 2323 1054 2357 et

168 2373 417 2426 prinsquam
450 2376 502 2415 ad
543 2378 738 2417 militiam
776 2384 904 2431 atque
941 2392 1054 2420 rem-

169 2436 385 2489 publicam
401 2451 446 2478 se
467 2439 705 2492 conferret,
723 2442 764 2481 in
787 2454 889 2494 agro
909 2448 1052 2494 pater-

166 2512 224 2541 no
256 2501 372 2541 circa
395 2502 576 2542 Sabinos
607 2503 781 2554 vixisse,
805 2506 925 2556 cujus
953 2517 1052 2545 cum

165 2562 349 2616 majores
379 2577 549 2616 prorsus
583 2566 792 2617 ignobiles
813 2580 906 2608 esse
935 2568 1053 2608 vide-

164 2631 330 2678 rentur,
363 2628 454 2680 ipse
486 2629 594 2668 Cato
628 2630 692 2669 M.
723 2636 971 2682 patrem,ut
991 2632 1051 2671 vi-

165 2706 256 2741 rum
279 2694 451 2744 bonum,
470 2694 643 2746 fortem,
664 2709 714 2736 ac
742 2697 785 2737 in
807 2710 853 2738 re
874 2699 1050 2738 militari

163 2765 394 2810 versatum,
426 2758 635 2801 efferebat
669 2763 887 2813 laudibus,
919 2765 1049 2804 Cato-

161 2834 260 2864 nem
311 2824 442 2863 etiam
494 2836 698 2876 proavum
755 2838 1051 2878 saepenumero

162 2885 434 2939 praemiorum
454 2887 615 2927 honore
635 2888 687 2928 ab
706 2888 1049 2940 Imperatoribus

159 2948 397 2998 laudatum,
430 2954 476 2989 et
507 2950 690 3003 quinque.
723 2952 975 2992 bellantium
1005 2966 1047 2992 e-

154 3022 361 3066 quorum,
381 3025 486 3065 quos
503 3013 616 3053 inter
637 3014 926 3055 dimicandum
947 3016 1048 3056 ami-

157 3082 293 3126 serat,
323 3075 524 3128 pretium,
554 3075 822 3117 fortitudinis
840 3091 928 3118 suae
961 3085 1048 3119 tes-

162 3139 386 3180 timonium
425 3151 450 3178 a
486 3140 645 3190 populo
681 3139 763 3179 sibi
799 3141 1047 3182 restitutum

158 3201 395 3244 referebat.
436 3204 542 3243 Cum
558 3215 611 3242 ex
625 3215 743 3242 more
762 3204 941 3244 Romani
957 3217 1046 3256 eos,

161 3265 235 3318 qui
254 3266 425 3318 generis
458 3267 595 3318 gloria
615 3272 829 3318 carentes,
847 3280 870 3306 a
890 3268 1045 3318 seipsis

159 3329 329 3369 initium
361 3335 570 3381 caperent
599 3331 781 3370 nominis
811 3331 892 3382 sui,
913 3343 1046 3371 novos

160 3391 367 3442 homines,
411 3394 763 3446 quemadmodum
819 3399 866 3434 et
905 3394 1044 3445 ipsum

164 3453 391 3503 Catonem,
418 3457 716 3507 appellarent;
745 3457 836 3508 ipse
869 3456 923 3496 ad
955 3457 1045 3507 glo-

161 3515 268 3558 riam
289 3517 370 3556 sibi
388 3519 664 3570 magistratus
683 3531 730 3560 se
757 3531 912 3560 novum
933 3531 1044 3573 esse,

1859 284 2002 340 1099

1119 406 1248 462 rebus
1263 434 1362 462 vero
1383 421 1517 474 gestis
1537 431 1587 460 ac
1613 418 1776 458 virtute
1795 417 2002 469 majorum

1120 487 1452 526 vetustissimum
1473 482 1758 537 praedicabat.
1780 480 2003 532 Principio

1118 554 1260 589 autem
1293 550 1422 588 tertio
1454 548 1624 588 nomine
1655 558 1738 586 non
1769 545 1897 594 Cato,
1926 543 2002 583 sed

1117 611 1296 652 Priscus
1311 611 1570 661 vocabatur3
1599 607 1877 662 consequenti
1897 613 2004 647 tem-

1117 686 1223 726 pore
1258 674 1357 713 Cato
1393 674 1431 713 ei
1463 673 1635 714 virtutis
1672 676 2003 724 cognomentum

1117 737 1298 777 exstitit.
1355 737 1468 776 Nam
1499 736 1678 776 Romani
1712 747 1826 784 cum,
1855 734 1899 773 in
1920 745 2005 785 quo

1117 800 1346 839 multarum
1366 811 1504 838 rerum
1533 811 1632 839 usus
1662 812 1711 839 ac
1731 796 2006 850 experientia

1118 864 1194 912 sit,
1217 864 1406 902 Catonem
1423 863 1659 902 nominant.
1700 862 1811 917 Haec
1833 861 2006 902 Plutar-

1118 926 1222 966 chus
1243 926 1285 964 in
1304 926 1392 965 vita
1413 926 1605 966 Catonis.
1637 925 1786 965 Olirer.

1176 989 1354 1040 Tusculi]
1386 988 1613 1040 Municipii
1634 988 1826 1028 Romani.

1170 1053 1435 1104 Monimenta]
1467 1052 1688 1092 Historiae.
1718 1052 1828 1091 Nam
1849 1050 2004 1091 librum

1119 1115 1174 1156 de
1195 1116 1444 1167 Originibus
1472 1115 1625 1166 edidit,
1654 1115 1807 1167 quibus
1828 1115 2005 1155 Italica-

1117 1191 1208 1219 rum
1230 1179 1412 1219 Urbium
1447 1178 1653 1230 originem
1686 1183 1732 1218 et
1760 1190 1828 1217 res
1860 1183 2006 1228 gestas

1116 1244 1266 1297 populi
1278 1243 1456 1283 Romani
1471 1241 1792 1282 accuratissime
1811 1240 2004 1291 collegit.

1117 1308 1239 1348 Idem
1256 1320 1441 1347 summus
1463 1307 1626 1347 Orator
1641 1305 1737 1345 fuit.
1794 1305 2002 1345 Horatius

1116 1371 1158 1410 in
1179 1370 1279 1410 Art.
1309 1370 1438 1410 Poet.
1480 1370 1492 1392 ‘
1512 1369 1620 1409 Cum
1653 1369 1797 1419 lingua
1826 1368 2004 1409 Catonis

1116 1441 1161 1475 et
1183 1433 1294 1474 Enni
1327 1435 1572 1473 Sermonem
1603 1433 1786 1484 patrium
1817 1431 2007 1472 dicavit!

1117 1498 1176 1537 Et
1191 1498 1344 1538 Cicero
1358 1497 1432 1536 lib.
1450 1497 1504 1536 de
1521 1497 1709 1536 Oratore
1726 1507 1798 1534 ιιι.
1828 1495 1840 1517 ‘
1856 1493 2003 1544 Quid‚’

1115 1560 1266 1612 inquit,
1300 1561 1312 1582 ‘
1331 1560 1395 1600 M.
1417 1559 1571 1599 Catoni
1591 1564 1752 1611 praeter
1770 1559 1878 1598 hanc
1899 1558 2007 1610 poli-

1114 1623 1322 1678 tissimam
1384 1623 1624 1662 doctrinam
1675 1623 2004 1662 transmarinam

1115 1692 1244 1740 atque
1265 1687 1546 1727 adventitiam
1563 1685 1731 1726 defuit?
1770 1687 1884 1726 Num
1904 1686 2005 1738 quia

1107 1750 1180 1803 jus
1191 1751 1321 1790 civile
1340 1763 1423 1791 non
1438 1751 1830 1800 didicerat,causas
1839 1762 1923 1790 non
1940 1750 2004 1789 di-

1113 1813 1256 1864 cebat,
1288 1820 1364 1854 aut
1395 1815 1497 1867 quia
1532 1818 1707 1866 poterat
1739 1813 1901 1863 dicere,
1929 1813 2003 1864 jus

1111 1877 1392 1929 negligebat?
1435 1877 1511 1917 sed
1545 1882 1727 1929 utroque
1762 1888 1921 1928 genere
1959 1881 2005 1915 et

1110 1940 1321 1980 laboravit
1341 1945 1385 1980 et
1419 1941 1642 1992 praestitit.
1684 1940 1797 1979 Num
1819 1945 1999 1991 propter

1113 2002 1225 2042 hanc
1257 2015 1312 2042 ex
1345 2003 1612 2055 privatorum
1644 2003 1828 2054 negotiis
1847 2003 2004 2042 collec-

1113 2071 1203 2106 tam
1239 2067 1436 2118 gratiam,
1465 2067 1628 2106 tardior
1657 2067 1701 2105 in
1731 2078 1824 2118 rep.
1855 2078 2002 2117 capes-

1115 2130 1248 2169 senda
1267 2129 1378 2170 fuit?
1415 2142 1538 2170 nemo
1557 2130 1672 2181 apud
1693 2130 1897 2181 populum
1918 2128 2004 2169 fuit

1113 2192 1282 2244 fortior,
1297 2205 1422 2233 nemo
1437 2194 1588 2233 melior
1606 2195 1807 2244 Senator,
1823 2197 1868 2234 et
1886 2184 2000 2233 idem

1114 2258 1302 2308 optimus
1323 2257 1595 2308 Imperator3
1624 2257 1811 2308 denique
1831 2257 1936 2296 nihil
1957 2257 2001 2296 in

1113 2320 1192 2359 hac
1212 2320 1392 2359 civitate
1412 2319 1678 2370 temporibus
1693 2320 1776 2358 illis
1796 2319 1895 2358 sciri
1915 2319 2001 2358 dis-

1114 2382 1238 2434 cique
1259 2383 1418 2434 potuit,
1441 2382 1555 2434 quod
1571 2383 1643 2421 ille
1662 2394 1744 2421 non
1766 2387 1855 2422 tum
1869 2381 1999 2422 etiam

1112 2445 1441 2498 investigaverit
1463 2451 1509 2486 et
1539 2446 1730 2496 sciverit,
1760 2451 1850 2486 tum
1870 2446 1998 2485 etiam

1113 2508 1453 2560 conscripserit‚'
1476 2512 1556 2549 ὅτε.
1588 2509 1739 2550 Oliver.

1166 2572 1392 2622 Disciplina
1411 2571 1615 2622 militaris]
1646 2572 1759 2613 Quia
1779 2571 1892 2611 bello
1911 2584 2000 2611 om-

1111 2646 1210 2673 nem
1241 2633 1378 2674 ferme
1401 2635 1658 2686 Hispaniam
1689 2635 1872 2685 imperio
1893 2647 1997 2686 pop.

1112 2697 1235 2738 Rom.
1257 2698 1429 2748 subegit
1448 2697 1581 2737 ductu
1602 2703 1646 2736 et
1675 2698 1874 2748 auspiciis
1892 2699 1998 2738 suis.

1114 2760 1222 2801 Oliv.
1279 2761 1504 2812 Disciplina
1540 2761 1747 2812 militaris]
1787 2762 2000 2811 Spectant

1110 2822 1203 2863 baec
1241 2823 1374 2863 libros
1411 2824 1588 2864 Catonis
1624 2825 1679 2864 de
1705 2825 1770 2864 Re
1802 2825 1999 2876 Militari,

1111 2898 1218 2938 quos
1238 2898 1295 2925 sae
1303 2886 1396 2937 pius
1411 2886 1521 2926 citat
1541 2887 1709 2927 Festus,
1741 2888 1919 2927 Colerus.

1162 2951 1294 2990 Aucta
1308 2949 1509 3000 maiestas]
1538 2950 1720 2993 Quando
1741 2950 1783 2989 in
1802 2951 1995 2991 ordinem

1108 3014 1366 3054 Senatorum
1385 3014 1564 3053 electus.
1587 3054 1590 3057 ,
1809 3031 1813 3034 -

1162 3076 1408 3128 Prorogata]
1449 3077 1702 3128 Propagata
1736 3080 1782 3115 et
1818 3081 1995 3116 extensa

1107 3144 1190 3180 est.

1160 3193 1398 3241 Maximum
1422 3201 1558 3252 decus]
1591 3201 1769 3242 Scilicet
1809 3200 1989 3240 Romae:

1105 3265 1219 3317 quod
1232 3266 1363 3304 miror
1378 3265 1605 3317 adjecisse,
1619 3277 1715 3304 cum
1734 3270 1886 3303 contra
1899 3263 1992 3303 Ca>-

1105 3339 1239 3367 sarem
1256 3328 1452 3368 senserit.
1480 3328 1649 3367 Badius.

1160 3391 1365 3432 Posterior
1399 3395 1458 3431 est
1490 3389 1617 3439 ortus]
1648 3387 1732 3429 Qui
1770 3386 1988 3429 Uticensis

1106 3454 1273 3559 ὼίρέἓῗ.
1292 3519 1314 3569 §
1336 3520 1357 3556 1
1391 3511 1589 3563 Socrates]
1617 3511 1702 3552 Hic
1730 3510 1813 3551 fuit
1850 3509 1984 3552 Athe-
