2320 4004
429 234 571 288 1202

483 368 729 408 Famularem
749 365 914 419 cultum]
946 367 1082 408 Recte
1114 367 1176 408 ita
1204 366 1308 408 scri-

426 432 543 472 bitur
560 433 602 472 in
616 433 721 473 libro
738 433 1040 484 Danielis,non
1050 433 1306 482 familiarem,

425 494 470 534 id
510 501 592 545 est,
630 497 846 546 servilem,
883 496 1136 547 obsoletum,
1163 500 1223 547 et,
1258 501 1308 536 ut

426 556 623 598 Justinus
652 558 694 598 in
725 560 804 599 hac
835 559 930 611 ipsa
965 572 1028 610 re,
1055 571 1307 611 pannosum.

426 621 497 661 Sic
519 621 629 661 infra
657 622 711 662 de
744 623 928 675 Sulpitia
947 623 1087 663 Valet.
1116 624 1128 645 ‘
1145 622 1309 663 Nihilo·

426 686 566 725 minus
599 685 795 727 famulari
826 693 946 727 veste
984 685 1183 738 sumpta.’
1252 686 1308 726 Et

425 749 499 790 lib.
549 761 614 790 lx.
669 764 767 804 cap.
819 755 859 792 8.
917 752 929 774 ‘
958 752 1111 792 Servili
1164 749 1308 791 veste!

428 813 607 853 Ovidius
640 815 750 856 Met.
781 826 859 855 xv.
887 816 899 839 ⁴
917 815 1158 856 Famularia
1176 814 1308 866 jura!

427 877 485 917 Et
504 877 730 918 Sallustius
750 882 761 902 ‘
775 880 1018 919 Famulares
1038 879 1183 930 copias
1197 877 1209 895 '
1236 889 1308 917 ex-

428 939 544 989 tulit,
564 941 599 980 si
620 941 774 982 dextre
793 942 849 981 ibi
869 942 1032 982 censui.
1063 942 1192 981 Coler.

486 1004 632 1056 Globo]
651 1005 945 1045 Multitudine.
993 1005 1070 1044 Est
1089 1004 1201 1044 enim
1221 1003 1310 1055 glo-

432 1066 508 1106 bus
531 1068 761 1107 multitudo
779 1068 823 1107 in
844 1068 990 1108 orbem
1011 1068 1208 1107 collecta.

483 1131 505 1181 ξ
536 1135 560 1170 2
589 1131 820 1183 Thrasybuli
840 1131 1002 1182 quoque]
1021 1132 1089 1169 De
1110 1131 1188 1170 hoc
1208 1140 1309 1181 quo·

431 1205 513 1244 que
525 1194 722 1235 ,Iustinus
742 1194 817 1233 lib.
835 1205 878 1234 v.
901 1193 1120 1232 Diodorus
1140 1193 1307 1232 Siculus

429 1256 507 1296 lib.
546 1268 647 1298 xw.
705 1257 947 1308 Xenophon
982 1257 1224 1303 Ἑλληνικῶν
1254 1255 1307 1301 β’.

430 1320 665 1359 Pausanias
702 1318 876 1360 Atticis.
950 1320 1205 1360 Nominatus
1239 1320 1307 1359 hic

430 1382 515 1423 fnit
549 1381 717 1435 Τυριεύς.
774 1383 931 1423 Notior
967 1389 1047 1430 est,
1085 1395 1211 1436 quam
1240 1382 1308 1423 hic

429 1446 720 1498 Thrasybulus
741 1447 947 1487 Milesius.
979 1447 1105 1487 Coler.

486 1512 509 1562 ξ
538 1515 561 1550 3
595 1510 870 1551 Themistocles
888 1516 1032 1562 autem,
1049 1511 1135 1563 Sym]
1146 1509 1311 1550 Themi·

433 1574 589 1613 stocles
612 1573 666 1614 ab
695 1574 868 1626 ingrata
898 1574 1040 1626 patria
1070 1575 1233 1626 pulsus,
1262 1578 1312 1613 ut

429 1637 474 1677 in
495 1650 593 1689 cap.
614 1638 669 1677 de
696 1637 1012 1689 Ingratitudine
1041 1637 1241 1687 diximus,
1258 1636 1311 1676 ad

431 1701 592 1752 hostes,
623 1713 727 1754 quos
765 1701 916 1753 paucis
954 1708 1055 1740 ante
1093 1700 1213 1739 annis
1250 1700 1313 1738 in-

436 1764 555 1814 genti
589 1776 638 1803 ac
677 1775 811 1815 prope
849 1762 1091 1803 incredibili
1131 1762 1314 1802 victoria

435 1833 728 1878 superaverat,
761 1827 851 1866 sive
881 1826 935 1866 ad
954 1827 1140 1867 Xerxem
1158 1826 1315 1866 Persa·

435 1901 527 1928 rum
566 1901 726 1941 regem,
761 1888 994 1941 confugere
1023 1894 1200 1930 coactus
1233 1894 1315 1940 est,

434 1954 552 1993 nullo
573 1958 834 1993 conservatae
866 1953 1052 1994 Graeciae
1085 1954 1179 1992 loco
1200 1950 1316 1991 exci-

435 2028 542 2069 pere
584 2018 701 2057 illum
738 2018 934 2065 audente,
974 2016 1087 2069 quod
1127 2016 1315 2056 edictum

435 2086 569 2129 esset,
602 2083 638 2121 si
659 2072 751 2134 quis
783 2094 880 2121 eum
914 2080 1188 2132 suscepisset,
1221 2079 1316 2130 pari

436 2151 484 2186 et
521 2145 615 2196 ipse
652 2146 934 2184 mulctaretur
979 2144 1120 2184 exilio.
1179 2143 1320 2184 Quum

436 2207 571 2259 igitur
617 2206 670 2246 ad
708 2208 900 2247 Xerxem
947 2206 1150 2258 venisset,
1193 2217 1320 2258 quem

438 2275 563 2311 tanto
599 2268 780 2309 artificio
827 2269 1140 2320 debellaverat,
1180 2273 1230 2308 ut
1273 2278 1319 2306 se

437 2335 576 2386 magis
615 2347 640 2374 a
675 2333 960 2374 Themistocle
1005 2337 1319 2382 conservatum,

440 2411 567 2451 quam
586 2403 833 2449 superatum
855 2396 985 2436 fuisse
1011 2395 1227 2445 crederet,
1247 2406 1320 2446 pe-

439 2461 514 2501 tiit
550 2461 629 2500 sibi
661 2472 816 2500 annum
854 2459 963 2512 dari,
987 2471 1070 2512 quo
1099 2459 1322 2498 Persicam

438 2523 631 2574 linguam
670 2522 931 2573 addisceret,
967 2533 1049 2574 quo
1085 2519 1217 2571 facto,
1259 2520 1322 2560 sic

440 2585 620 2625 Persice
640 2586 806 2625 locutus
829 2591 913 2636 est,
943 2590 992 2624 ut
1022 2596 1105 2624 non
1127 2583 1324 2634 Athenis,

441 2649 517 2690 sed
538 2651 582 2688 in
601 2648 778 2689 Perside
799 2654 923 2688 natus
944 2647 1178 2687 videretur.
1236 2645 1324 2685 Hic

443 2711 600 2751 deinde
618 2711 708 2762 regi
729 2711 943 2762 pollicitus
964 2715 1033 2750 est
1052 2715 1186 2750 totam
1206 2708 1326 2749 Gree-

444 2774 555 2815 ciam
575 2775 667 2826 ejus
686 2774 953 2825 adjecturum
967 2773 1160 2825 imperio.
1180 2773 1326 2815 Quare

444 2839 505 2879 illi
524 2851 597 2879 rex
629 2839 833 2891 quinque,
863 2840 950 2890 vel,
978 2844 1026 2878 ut
1059 2838 1132 2879 alii
1160 2837 1326 2888 dicunt,

446 2908 612 2955 septem
631 2902 827 2943 civitates
848 2903 959 2941 dono
975 2901 1110 2941 dedit.
1164 2900 1328 2952 Magna

447 2969 618 3017 insuper
636 2965 695 3004 illi
715 2964 932 3016 stipendia
951 2963 1004 3004 de
1025 2962 1198 3015 publico
1234 2962 1327 3001 dari

438 3030 598 3083 jussit3
626 3034 778 3081 postea
809 3040 926 3079 vero,
961 3039 1090 3079 quum
1112 3027 1327 3067 solvendae

447 3094 509 3132 rei
547 3099 714 3144 tempus
752 3092 1019 3144 appetiisset,
1055 3096 1101 3131 et
1136 3103 1213 3131 rex
1235 3090 1329 3142 Jam

447 3155 660 3208 promissa
674 3159 906 3207 repeteret,
927 3154 1237 3194 Themistocles
1256 3166 1329 3194 ne-

450 3220 518 3261 fas
562 3232 657 3261 esse
704 3221 861 3261 ducens
905 3219 1090 3272 prodere
1130 3219 1332 3271 patriam,

450 3295 578 3337 quum
601 3283 766 3324 videret
786 3295 832 3322 se
859 3295 943 3323 non
971 3284 1114 3334 aliter,
1145 3289 1191 3323 et
1218 3283 1331 3334 pari-

454 3354 522 3388 ter
541 3347 685 3400 fidem,
705 3353 750 3388 et
770 3347 952 3400 patriam
985 3360 1110 3402 posse
1142 3359 1332 3398 servare,

452 3418 630 3453 mortem
652 3411 731 3452 sibi
755 3412 838 3464 ipsi
858 3412 1096 3461 conscivit;
1128 3423 1226 3450 nam
1245 3410 1333 3450 fac-

453 3481 500 3517 to
548 3475 772 3528 sacrificio,
819 3475 1031 3517 taurinum
1085 3473 1332 3526 sanguinem

999 248 1178 289 NOTAE
1218 242 1553 292 VARIORUM
1595 251 1658 289 IN
1716 265 1718 267 ¹

1370 381 1536 409 veneno
1556 368 1814 420 permixtum
1846 369 2146 411 incunctanter
2173 382 2247 413 ex-

1370 431 1524 480 hausit,
1563 437 1609 470 et
1643 431 1706 472 ita
1741 432 1888 484 periit.
1945 434 2060 484 Ergo
2093 445 2246 485 magna

1373 495 1510 545 pietas
1539 492 1638 541 fuit,
1669 500 1716 534 ut
1745 495 1851 534 mori
1881 497 2093 546 maluerit,
2119 508 2246 549 quam

1373 557 1552 608 perdere
1575 558 1770 610 patriam,
1801 566 1876 599 aut
1907 559 1969 599 illi
1997 560 2155 600 bellum
2182 560 2247 601 in·

1371 619 1499 661 ferre.
1533 621 1642 660 Oliv.

1434 684 1648 735 Victorem]
1696 685 1809 727 Quia
1843 686 1956 738 apud
1990 686 2247 727 Salaminam

1372 747 1603 787 Persarum
1625 761 1769 800 regem
1790 750 2021 801 superavit.

1426 812 1723 864 Imperatorem]
1761 813 1902 854 Quum
1938 812 2080 864 patria
2099 812 2247 863 pulsus

1370 876 1426 916 ad
1444 889 1587 927 regem
1608 877 1817 929 confugit,
1835 882 1879 918 et
1897 877 1950 918 ab
1969 889 2021 917 eo
2040 878 2249 918 constitu-

1374 945 1442 979 tus
1461 948 1528 980 est
1548 940 1804 991 Imperator.

1428 1004 1548 1043 Tauri
1565 1003 1813 1055 sanguinem]
1842 1004 1958 1044 Plin.
1983 1003 2058 1044 lib.
2078 1014 2252 1044 xxvm.

1374 1078 1470 1118 cap.
1490 1071 1530 1107 9.
1560 1068 1795 1107 ‘Taurinus
1829 1067 2003 1120 quidem
2036 1064 2252 1120 (sanguis)

1375 1141 1526 1169 recens
1545 1129 1656 1169 inter
1671 1141 1835 1169 venena
1855 1128 1954 1170 est?
1981 1129 2104 1168 Idem
2123 1129 2250 1180 hujus

1374 1193 1434 1231 rei
1471 1204 1640 1232 causam
1676 1193 1864 1244 explicat
1904 1193 1986 1233 alio
2023 1193 2131 1233 loco.
2183 1192 2253 1232 De

1372 1254 1491 1294 obitu
1507 1255 1596 1306 ejus
1610 1255 1880 1307 Plutarchus,
1890 1255 2072 1307 Probus,
2085 1256 2252 1307 Thucy·

1374 1317 1508 1368 dides,
1527 1316 1698 1358 Anthol.
1716 1318 1790 1358 lib.
1806 1329 1881 1359 111.
1913 1319 2041 1358 Coler.

1425 1381 1563 1421 Altero
1586 1381 1839 1421 Themistocle
1857 1381 1972 1433 opus]
1998 1381 2125 1432 Quia,
2151 1381 2188 1422 si
2202 1387 2251 1421 ut

1374 1444 1464 1496 regi
1497 1444 1766 1496 promiserat,
1797 1446 1952 1485 Persas
1981 1444 2176 1486 duxisset
2211 1446 2256 1485 in

1375 1508 1608 1557 Graeciam,
1654 1507 1835 1549 Athenae
1882 1510 2064 1549 alterum
2109 1521 2255 1549 rursus

1374 1571 1705 1612 Themistoclem
1725 1572 2061 1624 desiderassent,
2079 1572 2153 1624 qui
2182 1571 2256 1612 de-

1375 1636 1569 1676 vinceret
1589 1637 1761 1677 Persas.
1793 1637 1897 1678 Oliv.
2180 1664 2183 1668 -

1430 1701 1497 1752 §4
1536 1700 1723 1751 Sequitur
1753 1699 1942 1751 ejusdem]
1990 1698 2058 1739 De
2092 1698 2157 1738 his
2195 1698 2257 1739 ita

1377 1765 1630 1805 Sallustius:
1661 1765 1832 1806 ‘Quum
1860 1763 1915 1803 de
1947 1761 2255 1813 finibusagro-

1379 1839 1472 1867 rum
1492 1828 1605 1867 inter
1626 1839 1671 1867 se
1692 1826 2072 1879 Carthaginienses
2104 1831 2150 1866 et
2170 1825 2254 1878 Cy-

1379 1902 1584 1931 renenses
1605 1890 1677 1930 diu
1695 1890 1810 1930 bella
1827 1890 2078 1941 gessissent,
2089 1894 2135 1929 et
2154 1889 2259 1928 utri-

1381 1966 1462 2007 que
1500 1954 1643 1994 multis
1682 1953 1874 1994 cladibus
1912 1951 2060 1992 afflicti
2096 1956 2259 2002 essent,

1380 2030 1535 2057 novam
1554 2016 1783 2056 dirimendi
1800 2016 1902 2056 belli
1923 2016 2132 2056 rationem
2150 2014 2260 2054 inie-

1382 2087 1497 2121 runt.
1533 2082 1645 2121 Nam
1667 2092 1744 2133 per
1763 2079 1958 2119 inducias
1978 2079 2254 2131 sponsionem

1381 2144 1563 2196 faciunt,
1574 2145 1637 2184 uti
1649 2148 1771 2184 certo
1787 2143 1856 2183 die
1871 2142 2004 2194 legati
2021 2141 2148 2181 domo
2162 2153 2260 2193 pro-

1380 2205 1692 2259 ficiscerentur,
1710 2212 1754 2247 et
1772 2219 1856 2260 quo
1886 2207 1930 2245 in
1961 2205 2192 2246 loco‘inter
2212 2216 2259 2244 se

1384 2272 1498 2312 obvii
1517 2271 1717 2322 fuissent,
1734 2273 1769 2312 is
1787 2271 2020 2312 communis
2038 2270 2261 2322 utriusque

1383 2338 1533 2390 populi
1562 2336 1659 2376 finis
1687 2336 1932 2376 haberetur.
1988 2333 2129 2386 Igitur
2159 2333 2261 2373 Car-

1383 2400 1672 2452 thaginienses
1703 2400 1788 2440 duo
1818 2399 1976 2439 fratres
2010 2397 2143 2448 missi,
2159 2395 2262 2450 qui·

1383 2464 1462 2503 bus
1496 2474 1651 2502 nomen
1687 2461 1894 2501 Philaenis
1928 2465 2040 2509 erat,
2077 2465 2265 2500 matura-

1386 2538 1489 2566 vere
1525 2526 1609 2566 iter
1637 2537 1836 2577 pergere,
1875 2525 2142 2576 Cyrenenses
2177 2526 2263 2563 tar-

1387 2589 1479 2628 dius
1498 2588 1619 2636 iere;
1650 2588 1694 2627 id
1723 2587 1973 2627 socordiane
1999 2598 2054 2625 an
2072 2596 2174 2626 casu
2195 2596 2264 2624 ac·

1387 2652 1555 2703 ciderit,
1571 2663 1719 2704 parum
1735 2656 1924 2691 constat.
1963 2650 2178 2690 Caeterum
2197 2659 2264 2688 so-

1387 2716 1450 2755 let
1468 2715 1512 2754 in
1530 2715 1614 2754 illis
1630 2714 1736 2755 locis
1757 2717 2008 2764 tempestas,
2035 2723 2123 2751 non
2142 2722 2266 2751 secus

1389 2782 1520 2829 atque
1557 2777 1602 2816 in
1648 2775 1772 2827 mari,
1821 2776 2010 2815 retinere
2054 2773 2264 2815 homines.

1388 2842 1627 2894 Postquam
1645 2841 1915 2894 Cyrenenses
1934 2840 2151 2893 aliquanto
2170 2851 2266 2892 pos-

1389 2906 1569 2946 terior-es
1597 2917 1645 2944 se
1678 2916 1774 2944 esse
1811 2903 1980 2955 vident,
2007 2910 2052 2943 et
2084 2904 2138 2944 ob
2174 2915 2267 2943 rem

1390 2974 1637 3020 corruptam
1658 2967 1772 3007 domi
1793 2979 1937 3019 poenas
1957 2972 2171 3016 metuunt,
2185 2965 2266 3006 cri-

1390 3031 1543 3071 minari
1577 3029 1948 3081 Carthaginienses
1976 3035 2076 3069 ante
2095 3033 2266 3080 tempus

1392 3094 1515 3135 domo
1531 3095 1762 3147 digressos,
1793 3092 2050 3133 conturbare
2068 3102 2174 3142 rem,
2191 3091 2266 3130 de-

1391 3159 1519 3211 nique
1537 3158 1677 3198 omnia
1693 3157 1838 3206 malle,
1853 3167 1976 3208 quam
1995 3154 2100 3194 victi
2119 3153 2238 3194 abire
2256 3168 2269 3203 ;

1393 3222 1468 3262 sed
1506 3234 1601 3261 cum
1647 3219 1773 3259 Poeni
1819 3218 1947 3258 aliam
1979 3217 2268 3257 conditionem

1395 3296 1561 3336 aequam
1577 3287 1838 3335 quaererent,
1851 3281 2116 3333 Cyrenenses
2129 3280 2269 3331 optio-

1393 3359 1491 3387 nem
1527 3345 1692 3386 faciunt
1730 3342 2167 3395 Carthaginiensibus,
2218 3347 2269 3381 ut

1394 3411 1463 3450 vel
1483 3410 1560 3461 illi,
1577 3421 1660 3461 quo
1672 3407 1778 3447 fines
1795 3407 1951 3459 populo
1967 3418 2041 3448 suo
2055 3409 2272 3458 peterent,

1395 3471 1456 3512 ibi
1477 3471 1562 3514 vivi
1578 3471 1881 3517 obruerentur,
1911 3469 1980 3510 vel
1999 3467 2148 3509 eadem
2174 3477 2273 3508 con·
