2320 4004
353 309 494 364 1180

352 445 578 484 mitterent
601 457 611 483 :
659 440 815 482 deiude
864 441 1117 482 dictatorem
1165 441 1227 481 di·

353 507 534 548 cendum
564 506 745 546 censuit.
802 506 981 545 Creatus
1012 511 1079 546 est
1103 508 1151 546 L.
1172 507 1225 548 Q.

353 571 641 620 Cincinnatus,
653 569 724 621 qui
744 569 792 608 C.
806 569 1032 609 Servilium
1050 569 1224 609 Ahalam

351 633 597 684 magistrum
617 632 805 684 equitum
826 631 962 681 dixit;
987 633 1056 684 qui
1076 633 1224 672 missus

350 709 375 735 a
407 697 618 736 dictatore
643 694 696 734 ad
722 695 928 747 Moelium,
952 701 1000 735 ut
1028 696 1144 735 illum
1172 696 1226 735 ad

351 771 398 799 se
435 759 630 809 duceret,
661 771 757 798 cum
798 759 944 798 venire
977 766 1228 809 recusasset,

349 835 445 862 eum
477 822 625 862 stricto
655 821 797 874 gladio
816 822 1032 863 insecutus
1051 822 1226 862 obtrun-

350 890 446 936 cat3
470 897 664 928 reversus
683 885 840 926 deinde
856 886 1122 938 adictatore,
1141 887 1226 926 lau-

351 949 494 1000 datur,
508 949 622 1002 quod
641 949 854 1002 rempubl.
881 950 1136 991 liberasset:
1158 963 1228 991 ve-

350 1025 442 1054 rum
478 1014 606 1064 paulo
640 1019 740 1066 post
769 1013 1011 1054 damnatum
1048 1014 1227 1054 Ahalam

349 1077 533 1129 populus
554 1077 767 1117 Romanus
786 1077 828 1117 in
854 1078 1024 1118 exilium
1053 1078 1114 1118 ire
1134 1078 1231 1118 coe'-

350 1140 426 1192 git.
456 1133 607 1180 Cicero
626 1141 670 1180 in
685 1141 847 1181 Catone
862 1141 1025 1193 Majore
1043 1154 1055 1181 :
1082 1142 1095 1163 ‘
1109 1141 1229 1180 Lucii

350 1204 544 1247 Quinctii
580 1205 821 1245 Cincinnati
855 1205 977 1256 jussu
1026 1205 1230 1256 magister

349 1267 539 1319 equitum
554 1268 759 1308 Servilius
772 1267 907 1308 Ahala
921 1268 1120 1319 Spurium
1136 1279 1229 1318 reg-

349 1343 451 1370 num
484 1329 761 1371 affectantem
787 1336 1041 1382 occupatum
1071 1331 1226 1370 intere-

350 1394 459 1434 mit?
487 1394 626 1434 Autor
644 1394 699 1434 de
717 1394 829 1434 Viris
847 1395 1009 1435 Illustr.
1036 1395 1048 1417 ‘
1067 1395 1229 1437 Quinc-

350 1458 432 1498 tius
462 1458 755 1509 Cincinnatus,
778 1457 977 1509 deposita
1003 1458 1231 1508 dictatura,

350 1524 403 1564 ad
421 1523 725 1575 agriculturam
742 1534 953 1573 reversus,
965 1523 1118 1562 iterum
1136 1529 1231 1574 post

347 1589 495 1640 viginti
513 1600 643 1628 annos
670 1587 858 1627 dictator
875 1587 1013 1627 dictus
1030 1587 1229 1638 Spurium

348 1652 540 1692 Maelium
570 1663 747 1703 regnum
776 1648 1050 1690 affectantem
1081 1663 1105 1689 a
1131 1651 1230 1690 Ser-

348 1715 450 1755 vilio
480 1714 618 1754 Ahala
645 1713 847 1764 magistro
879 1714 1070 1765 equitum
1090 1712 1231 1753 occidi

339 1777 486 1829 jussit,
521 1778 691 1818 domuin
728 1778 816 1829 ejus
851 1777 939 1817 solo
970 1776 1230 1828 adaequavit.

347 1840 472 1880 Unde
485 1842 601 1880 locus
618 1839 914 1893 AEquimelium
931 1838 1118 1879 dicitur.'
1144 1839 1231 1878 Oli-

347 1916 429 1944 ver.
475 1905 603 1944 Ahala
617 1917 723 1953 vero,
736 1903 824 1956 ξω]
853 1905 969 1955 Lege
990 1904 1052 1943 sic
1069 1918 1079 1944 :
1099 1902 1229 1944 Ahala

345 1979 453 2018 vero,
470 1981 557 2007 cam
573 1969 761 2018 magister
777 1969 963 2019 equitum.
994 1968 1096 2019 Ipse
1117 1969 1228 2008 enim

346 2032 550 2084 magister
581 2032 787 2085 equitnm,
815 2044 895 2072 non
923 2032 1098 2084 Spurius
1118 2033 1227 2072 Moe-

347 2098 428 2137 lius
476 2103 581 2138 erat.
656 2099 707 2138 In
758 2099 1003 2139 Coloniensi
1049 2105 1229 2140 vocatur

349 2161 521 2202 Haoatu.
551 2162 674 2214 Pigh.

401 2227 466 2277 §3
498 2227 584 2271 Quo
615 2227 718 2266 enim
746 2226 893 2279 nimbo]
925 2227 981 2269 Q.
1001 2227 1069 2268 hic
1088 2228 1230 2269 Sexti-

344 2285 424 2331 lius
444 2292 685 2342 postulatus
717 2289 858 2331 fuerat
878 2292 1111 2343 majestatis
1130 2304 1228 2332 con-

343 2359 409 2394 tra
437 2355 622 2406 Syllam:
658 2355 813 2394 Lucius
834 2355 980 2395 Caesar
997 2360 1098 2395 tunc
1119 2355 1228 2395 Ora·

344 2424 412 2457 tor
445 2419 622 2458 eximius
659 2420 703 2458 in
741 2431 794 2458 ea
828 2419 1100 2459 accusatione
1131 2431 1226 2459 eum

345 2481 570 2531 defendit;
606 2489 701 2522 orta
722 2481 876 2522 deinde
907 2482 1018 2522 inter
1046 2483 1226 2522 Cinnam

346 2553 390 2584 et
423 2546 660 2585 Carbonem
681 2546 876 2585 consules
895 2545 1107 2586 seditione
1137 2558 1228 2598 pes-

344 2606 475 2648 tifera
512 2609 655 2659 pulsus
698 2621 751 2647 ex
796 2608 901 2648 urbe
939 2609 1092 2659 Cinna,
1130 2620 1226 2648 cum

345 2672 471 2723 paulo
505 2677 602 2723 post
629 2671 772 2710 Mario
801 2670 1056 2722 conjunctus
1076 2671 1226 2711 urbem

343 2735 548 2786 cepisset,
568 2734 758 2773 inimicos
791 2734 980 2785 graviter
998 2735 1111 2773 ultus
1131 2741 1224 2774 est:

344 2811 520 2851 quorum
551 2798 708 2837 aliosin
730 2798 833 2837 urbe
855 2798 1101 2849 trucidavit,
1121 2799 1227 2838 alios

344 2863 389 2902 in
410 2862 568 2902 tabella
588 2861 850 2913 proscriptos
879 2862 1096 2913 exposuit,
1114 2861 1228 2901 inter

345 2938 451 2978 quos
467 2926 514 2966 C.
531 2926 677 2965 Caesar
690 2924 867 2975 Orator,
885 2924 956 2977 qui
975 2925 1226 2976 Tarquinios

343 2990 387 3030 in
426 2989 676 3029 Hetruriam
707 2985 889 3038 fugiens,
921 2988 974 3028 ad
1001 2988 1227 3028 Sextilium

343 3058 534 3093 veterem
548 3052 747 3091 clientem
764 3063 883 3089 sunm
896 3051 1072 3091 divertit
1086 3065 1097 3100 ;
1115 3054 1227 3103 apud

343 3128 469 3169 quem
487 3119 620 3155 tutam
641 3114 821 3153 salutem
837 3125 954 3152 suam
974 3112 1064 3153 fore
1081 3126 1227 3166 spera·

344 3180 436 3231 bat,
475 3178 593 3229 cnjus
645 3176 736 3228 ipse
778 3176 960 3215 salutem
998 3177 1228 3228 aliquando

344 3243 618 3297 protexisset.
673 3240 755 3279 Ille
789 3251 890 3278 vero
920 3244 1069 3279 contra
1090 3241 1229 3292 ingra-

345 3309 537 3348 tissimus
574 3311 621 3345 et
653 3303 806 3355 impius
842 3302 969 3342 homo
1016 3303 1229 3354 hospitem

346 3369 551 3424 perdidit.
593 3369 748 3407 Olioer.
822 3366 909 3411 Quo
945 3366 1049 3405 enim
1084 3366 1228 3416 nimbo,

343 3448 420 3487 qua
447 3434 617 3486 procella
641 3429 859 3482 verborum]
886 3430 1073 3471 Nimbum
1099 3431 1229 3470 verbo-

346 3511 435 3538 rum
472 3497 621 3537 nescio
660 3507 712 3534 au
751 3494 844 3547 quis
883 3493 1055 3533 dixerit.
1110 3494 1228 3533 Malo

346 3564 493 3616 itaque
513 3562 655 3613 legere
685 3564 734 3600 ut
765 3563 830 3600 est
857 3558 900 3598 in
935 3557 1228 3611 Atrebatensi‚

931 324 1109 363 NOTAE
1151 323 1483 365 VAR10RUM
1526 327 1589 366 IN

1292 444 1378 489 Quo
1407 444 1512 484 enim
1550 445 1699 497 Iambo,
1731 459 1805 497 qua
1834 446 1997 497 procella
2034 447 2164 487 verbo-

1287 519 1388 545 rum.
1445 507 1555 546 Nam
1588 507 1663 546 ἀπὸ
1688 510 1758 547 τοῦ
1785 507 1974 560 ἰαμβίζειν
1993 509 2167 562 dicitur,

1289 569 1333 608 id
1362 574 1443 618 est,
1488 582 1512 609 a
1559 572 1889 622 proscindendo.
1946 572 2166 621 Horatius,

1289 633 1301 654 ‘
1316 631 1617 673 Archilochum
1639 635 1813 686 proprio
1832 635 1969 674 rabies
1985 635 2173 675 armavit·

1289 694 1468 735 Iambo.’
1515 697 1701 747 Pighius.
1774 698 1936 749 Nimbo]
1989 699 2165 751 Pighius

1289 759 1423 798 lambo
1454 761 1656 800 correxit.
1715 759 1777 801 At
1804 761 1904 801 nihil
1932 774 2011 813 ego
2031 767 2165 802 muta-

1290 822 1383 862 rim.
1428 823 1585 875 Ecquis
1605 823 1717 863 enim
1737 825 1806 863 vel
1821 824 1862 862 in
1882 825 2022 864 medio
2040 825 2166 865 Latio

1290 887 1515 928 erubescat
1533 888 1677 928 dicere
1705 889 1873 929 nimbum
1890 901 1936 929 ac
1958 891 2168 941 procellam

1288 950 1517 993 verborum?
1545 952 1686 992 Coler.

1347 1015 1395 1055 C.
1433 1016 1646 1067 Caesarem]
1676 1016 1761 1056 Hic
1786 1022 1852 1057 est
1875 1017 2031 1066 Caesar,
2050 1015 2168 1067 cujus

1290 1078 1484 1119 meminit
1501 1079 1652 1119 Cicero
1681 1080 1723 1119 in
1753 1080 1860 1120 libro
1886 1079 1940 1119 de
1969 1079 2170 1128 Oratore,

1292 1149 1337 1182 et
1356 1143 1472 1182 illum
1491 1142 1724 1183 introducit
1743 1143 1798 1183 de
1825 1149 1918 1183 arte
1947 1142 2168 1194 disputan·

1291 1210 1392 1246 tem.
1418 1206 1523 1246 Oliv.
1573 1207 1620 1245 C.
1643 1206 1854 1258 Coesarem]
1870 1206 1941 1246 Sic
1959 1218 2054 1246 eum
2071 1207 2167 1246 Ma-

1289 1270 1500 1321 nuscripti
1528 1269 1698 1309 codices
1717 1270 1946 1322 appellant.
2002 1270 2168 1319 Recte3

1291 1330 1375 1372 fuit
1394 1333 1504 1371 enim
1526 1333 1573 1372 C.
1607 1332 1752 1372 Caesar
1780 1338 1924 1372 orator
1953 1344 1978 1373 a
2007 1332 2168 1372 cliente

1290 1407 1366 1435 suo
1385 1395 1596 1447 proditus,
1614 1401 1659 1435 et
1689 1395 1731 1435 in
1752 1395 1852 1435 villa
1871 1395 2054 1446 occisus,
2073 1406 2168 1449 cum

1293 1458 1427 1498 aedilis
1446 1460 1603 1499 curulis
1633 1463 1798 1498 tantum
1828 1457 2009 1499 fuisset:
2028 1453 2173 1498 ‘frater

1291 1523 1338 1562 L.
1360 1523 1504 1562 Caesar
1528 1523 1762 1563 consularis
1793 1529 1838 1563 et
1869 1521 2086 1563 censorius
2114 1520 2170 1560 ad

1291 1587 1461 1627 bustum
1495 1586 1614 1627 Varii
1649 1587 1815 1627 occisus
1852 1591 1933 1637 est,
1971 1590 2020 1625 ut
2056 1584 2173 1624 idem

1291 1654 1438 1690 noster
1456 1651 1529 1691 lib.
1550 1661 1617 1691 lx.
1639 1662 1736 1701 cap.
1757 1654 1796 1690 2.
1815 1649 1992 1689 asserit:
2015 1648 2171 1688 utrius-

1293 1726 1375 1766 que
1395 1714 1541 1766 capita
1559 1715 1609 1754 C.
1629 1714 1794 1753 Marius
1813 1714 1951 1753 victor
1968 1712 2009 1751 in
2026 1712 2170 1751 rostris

1293 1778 1450 1829 exponi
1461 1778 1611 1830 jussit,
1638 1782 1688 1816 ut
1722 1777 1873 1817 Cicero
1903 1775 1958 1815 de
1983 1775 2171 1815 Oratore

1292 1841 1436 1892 tertio,
1485 1847 1531 1881 et
1579 1840 1801 1893 Appianas
1852 1840 1967 1880 civil.
2019 1839 2171 1891 primo.

1291 1904 1416 1958 Pigli.

1348 1967 1637 2018 Tarquiniensi]
1667 1968 1723 2008 Et
1748 1966 1810 2007 ita
1831 1967 1872 2006 in
1895 1964 2118 2006 Hetruria.

1344 2032 1576 2072 Truculento
1615 2030 1776 2082 victori]
1822 2029 2036 2070 Videlicet
2072 2029 2170 2070 Cin·

1290 2109 1375 2138 nae.

1345 2162 1460 2200 Metu
1490 2160 1646 2212 mortis]
1674 2160 1783 2202 Quia
1815 2159 1856 2198 in
1886 2157 2044 2199 tabella
2071 2169 2170 2210 pro·

1290 2224 1548 2275 scriptorum
1564 2223 1835 2263 ascribuntur
1853 2220 2044 2274 generali
2059 2221 2172 2261 clau-

1291 2289 1383 2327 sula
1419 2299 1566 2327 omnes
1600 2287 1671 2339 qui
1706 2286 1968 2338 proscriptos
2005 2285 2171 2324 celare*

1291 2352 1392 2401 rint,
1440 2350 1722 2402 protexerint,
1767 2355 1842 2389 aut
1889 2348 2038 2402 quavis
2086 2359 2169 2400 ope

1281 2416 1490 2468 juverint.
1546 2415 1714 2454 Badius.

1343 2481 1414 2531 §4
1444 2478 1524 2518 Sed
1559 2482 1604 2517 ut
1638 2478 1688 2516 ad
1722 2475 1862 2527 alium]
1901 2475 1966 2516 M.
2003 2473 2172 2514 Tullius

1290 2542 1440 2583 Cicero
1481 2541 1694 2593 Popilium
1728 2540 1951 2579 Laenatem
1978 2535 2174 2577 defendit

1290 2604 1508 2657 parricidii
1529 2616 1662 2653 rcum,
1684 2609 1730 2642 ut
1746 2603 1837 2642 vult
1855 2599 2110 2640 Plutarchus
2128 2599 2173 2639 in

1290 2670 1392 2709 Vita
1437 2667 1671 2708 Ciceronis.
1714 2666 1976 2705 Octavianus
2027 2663 2174 2703 Ca’sar

1291 2744 1439 2785 pacem
1456 2737 1501 2771 et
1519 2729 1657 2770 foedus
1672 2741 1765 2770 cum
1783 2727 1970 2768 Antonio
1982 2732 2028 2766 et
2046 2725 2172 2777 Lepi-

1292 2800 1346 2839 do
1375 2798 1497 2848 fecit,
1528 2796 1588 2835 ita
1617 2802 1664 2835 ut
1695 2795 1734 2833 hi
1758 2792 1968 2833 triumviri
1989 2793 2049 2830 rei
2071 2801 2171 2830 con·

1292 2861 1523 2904 stituendae
1555 2872 1631 2912 per
1658 2857 1986 2912 quinquennium
2015 2859 2175 2904 essent,

1291 2933 1336 2967 et
1356 2937 1452 2966 suos
1465 2923 1645 2977 quisque
1665 2921 1856 2961 inimicos
1871 2918 2175 2972 proscriberet.

1291 2991 1341 3031 Iu
1358 3002 1438 3042 qua
1457 2986 1768 3039 proscriptione
1784 2994 1889 3024 cxx.
1918 2983 2174 3022 Senatorum

1291 3053 1461 3093 nomina
1475 3051 1665 3099 fuerunt,
1677 3049 1828 3101 reliqui
1842 3045 2016 3086 fuerunt
2027 3054 2175 3096 eques-

1293 3118 1371 3158 tris
1392 3115 1550 3156 ordinis
1580 3113 1674 3153 viri.
1732 3112 1797 3151 Ex
1817 3110 1945 3162 plebe
1963 3107 2084 3161 pauci
2104 3106 2175 3145 ad·

1292 3180 1461 3220 modum
1478 3191 1490 3219 ι
1521 3188 1619 3217 nam
1635 3175 1687 3215 ad
1703 3185 1796 3214 ccc.
1813 3173 1928 3212 cives
1941 3169 2171 3223 proscripti

1291 3250 1405 3284 sunt.
1461 3243 1583 3282 Inter
1609 3240 1684 3279 hos
1702 3239 1832 3289 igitur
1850 3235 2009 3276 Lucius
2030 3234 2176 3274 Caesar

1293 3305 1523 3346 avunculus
1537 3300 1728 3352 Antonii,
1739 3307 1782 3339 et
1798 3295 1958 3338 Pa‘ulus
1973 3297 2175 3350 Lepidus,

1291 3370 1356 3409 Μ.
1389 3367 1542 3419 Lepidi
1575 3365 1725 3414 frater,
1760 3369 1804 3403 et
1842 3364 1991 3402 Cicero
2023 3367 2174 3402 noster

1294 3430 1523 3485 proscripti
1546 3435 1663 3479 sunt,
1686 3434 1730 3467 et
1751 3439 1775 3466 a
1804 3426 1978 3477 Popilio
1996 3425 2173 3465 Laenate

1293 3494 1436 3535 occisi.
1506 3491 1674 3531 Dicitur
1711 3489 1978 3530 Octavianus
2014 3486 2087 3526 diu
2122 3498 2174 3526 ac

1292 3558 1470 3600 multum
1499 3553 1724 3604 restitisse,
1745 3564 1796 3592 ne
1828 3550 1978 3592 Cicero
2005 3549 2050 3591 in
2079 3559 2174 3602 pror
