2288 3990
375 315 517 368 1076

376 443 546 483 modum
580 443 758 494 juvene,
805 443 964 481 nullum
1012 438 1253 491 imperium,

376 507 536 545 nullum
574 517 724 545 munus
769 505 985 556 publicum
1032 501 1254 552 fungente,

378 581 523 620 pacem
543 569 771 620 publicitus
785 566 989 618 petitam?
1023 565 1253 615 Nunquam

375 630 556 680 factum,
592 642 795 681 nusquam
823 629 1045 680 scriptum.
1112 625 1255 666 Auda-

377 694 467 732 cior
495 692 707 732 medicina
726 691 824 731 huic
843 692 938 731 loco
957 689 1172 739 facienda,
1200 700 1253 728 ne

382 762 467 794 tam
488 756 586 794 latae
607 756 746 807 culpae
763 755 1005 805 exemplum
1026 753 1083 792 sit
1102 753 1255 792 Exem-

380 819 508 869 plaris
530 820 731 869 scriptor.
775 819 965 870 Legitur,
985 816 1051 856 Ad
1072 816 1256 856 Paullum

378 882 578 932 supplice&
638 881 764 922 Quod
813 881 866 919 ad
911 879 1127 919 historiam
1174 882 1256 926 est,

379 944 479 994 quia
499 943 686 982 universi
720 943 981 983 Macedones
1010 942 1082 982 illo
1109 941 1257 989 biduo,

379 1005 640 1045 Plutarchus
683 1010 820 1056 autor,
865 1005 908 1044 in
955 1004 1083 1044 fidem
1117 1003 1258 1043 Paulli

378 1068 536 1107 AEmilii
558 1079 603 1106 se
622 1067 923 1118 permiserunt.
953 1068 1124 1117 Lipsius.

434 1131 457 1182 ξ
497 1133 546 1169 17
593 1130 724 1180 Togoe,
757 1130 843 1181 ξω]
899 1129 1093 1181 Contigit
1130 1127 1184 1169 A.
1204 1129 1258 1169 U.

382 1203 522 1233 ncxx.

438 1257 537 1295 Cum
558 1256 738 1297 Tiberius
759 1257 977 1310 Gracchus]
1012 1257 1121 1297 Haec
1136 1267 1259 1308 supe-

381 1317 469 1357 rius
507 1319 684 1358 historia
720 1326 871 1360 notata
903 1325 969 1359 est
1006 1320 1050 1358 in
1081 1332 1176 1370 cap.
1206 1319 1260 1358 de

381 1381 576 1420 Somniis.
632 1380 835 1420 Refertur
855 1388 998 1421 autem
1019 1381 1260 1433 plenissime

383 1444 436 1483 ab
459 1443 669 1494 Appiano,
683 1445 903 1484 Bellorum
917 1444 1114 1483 Civilium
1128 1444 1261 1494 scrip-

384 1510 479 1544 tore
501 1506 845 1557 diligentissimo.
905 1508 1004 1547 Non
1035 1507 1164 1559 igitur
1183 1507 1262 1546 boc

382 1569 477 1608 loco
498 1570 760 1620 repetenda3
808 1570 921 1622 quod
958 1581 1058 1609 vero
1083 1569 1136 1609 ad
1172 1581 1261 1609 rem

383 1633 590 1683 pertinet,
610 1633 713 1672 illud
736 1634 839 1673 satis
874 1634 958 1673 erit
978 1633 1155 1684 dixisse,
1173 1633 1260 1674 Sci-

383 1696 553 1745 pionem
577 1695 796 1746 Nasicam,
816 1697 950 1736 virum
974 1695 1265 1748 fortissimum,

384 1770 481 1799 cum
514 1759 680 1799 videret
710 1761 922 1812 rempubl.
956 1761 1173 1812 perditum
1194 1762 1263 1812 iri,

385 1823 701 1874 tergiversante
737 1825 923 1865 Consule
969 1825 1110 1864 Mutio
1149 1824 1262 1864 Scae-

385 1887 496 1935 vola,
517 1892 646 1939 atque
667 1889 795 1928 etiam
817 1895 1003 1939 negante
1023 1901 1112 1928 rem
1134 1888 1262 1928 armis

385 1954 460 1988 aut
480 1950 519 1988 vi
540 1957 775 2002 gesturum,
808 1952 976 1991 caeteris
995 1963 1162 2004 quoque
1180 1957 1265 1991 tor-

386 2012 677 2062 pescentibus,
696 2013 889 2054 involuta
920 2014 1094 2053 sinistra
1123 2025 1266 2063 manu,

386 2074 639 2127 sublataque
660 2075 833 2126 dextra,
862 2089 1018 2128 magna
1042 2088 1146 2116 voce
1169 2088 1264 2127 pro-

386 2137 621 2177 clamasse:
676 2138 690 2160 ‘
727 2139 984 2191 Quicunque
1031 2138 1264 2189 Rempubl.

386 2200 479 2238 vult
499 2212 594 2239 esse
629 2201 807 2251 salvam,
831 2213 898 2240 me
931 2206 1132 2254 sequatur
1147 2200 1176 2242 ς’
1220 2206 1267 2241 et

388 2261 756 2302 seditiosissimum
790 2264 925 2303 virum
950 2265 1000 2305 T.
1024 2265 1266 2305 Gracchum

386 2337 483 2364 cum
516 2326 728 2365 scelerata
763 2324 951 2366 factione
983 2339 1130 2378 poenas
1163 2326 1267 2367 dare

388 2388 579 2440 coegisse
599 2403 609 2428 :
631 2401 728 2428 nam
749 2388 884 2429 ferme
899 2402 923 2428 a
938 2390 1113 2442 triginta
1133 2390 1267 2430 Sena·

389 2451 554 2490 toribus
577 2453 742 2491 occisus
761 2458 844 2492 est.
877 2453 1026 2493 Oliver.

442 2514 620 2554 Tiberius
637 2516 850 2566 Gracchus,
860 2516 1031 2566 profusis
1045 2516 1267 2566 largitioni-

386 2575 470 2626 bus,
477 2576 619 2624 favore
633 2578 766 2628 populi
783 2578 984 2629 occupato]
1015 2579 1182 2629 Malim,
1200 2591 1268 2618 au-

386 2638 534 2687 cupati,
571 2639 763 2689 patiendi
797 2640 1054 2692 significatu,
1091 2646 1137 2680 ut
1165 2641 1268 2680 alias

392 2702 557 2743 notavi.
586 2703 759 2754 Lipsius.

444 2764 561 2804 Fidei
587 2765 758 2816 publice]
805 2766 955 2807 AEdem
975 2767 1101 2807 Fides
1119 2767 1272 2807 habuit

387 2827 430 2866 in
466 2827 694 2878 Capitolio,
729 2833 902 2868 auctore
935 2829 1079 2869 Plinio
1115 2829 1269 2870 Natur.

389 2888 554 2930 Histor.
575 2890 649 2929 lib.
670 2901 815 2931 xxxv,
845 2892 1040 2931 Vicinam
1061 2905 1155 2932 eam
1174 2904 1270 2932 esse

387 2951 485 2992 Jovi
506 2951 548 2990 in
572 2952 786 3003 Capitolio
807 2953 868 2993 ait
883 2954 1033 2994 Cicero
1051 2953 1178 2994 Offie.
1195 2954 1269 2994 lib.

391 3025 464 3055 111.
485 3018 530 3053 et
550 3014 605 3053 de
640 3015 797 3055 Natur.
827 3017 960 3057 Deor.
995 3017 1068 3059 lib.
1097 3028 1150 3056 11.
1201 3017 1270 3056 Ab

393 3077 544 3116 Attilio
565 3078 761 3119 Calatino
775 3086 1072 3120 consecratam
1094 3081 1154 3121 ait
1169 3081 1270 3121 Fes-

392 3145 477 3180 tus.
532 3140 790 3181 Plutarchus
826 3155 927 3182 vero
960 3148 1006 3182 et
1035 3143 1268 3196 Dionysius

388 3203 571 3255 primum
591 3216 615 3242 a
644 3203 787 3245 Numa
819 3205 1032 3257 Pompilio
1060 3206 1142 3258 ipsi
1162 3213 1269 3247 tem-

391 3268 507 3320 plum
527 3273 718 3308 erectum
742 3270 900 3322 volunt,
930 3270 1084 3323 quibus
1103 3284 1182 3324 ego
1202 3285 1269 3313 me

322 3335 329 3340 '
388 3333 588 3373 lubenter
606 3334 888 3386 adjunxerim.
945 3335 1062 3376 Huic
1081 3337 1267 3388 aliquan-

390 3395 446 3436 do
474 3398 600 3436 ollam
620 3410 722 3437 auro
743 3399 910 3450 plenam
930 3400 1193 3439 commissam
1222 3405 1269 3440 et

390 3460 598 3500 creditam
633 3461 685 3501 ab
717 3462 922 3502 Euclione
942 3463 1096 3514 legitur
1117 3463 1159 3502 in
1180 3463 1267 3502 Au-

391 3522 541 3562 lularia
578 3523 737 3565 Plauti.
792 3525 1015 3577 Velamen,
1050 3538 1134 3578 quo
1167 3524 1268 3565 fidei

946 317 1120 364 NOTAE
1160 317 1493 360 VARIORUM
1538 316 1601 358 IN

1316 437 1586 476 simulacrum
1625 435 1771 487 obtegi
1820 434 2002 484 solebat,
2047 432 2189 474 album

1314 497 1445 538 fuisse
1465 504 1646 539 constat.
1702 497 1827 538 Unde
1846 499 1858 520 ‘
1878 509 2025 537 canam
2045 494 2191 536 fidem'

1314 561 1554 612 appellasse
1596 561 1766 600 videtur
1803 559 2016 599 nonnullis
2054 560 2192 599 Maro.

1314 622 1488 674 Album,
1519 622 1709 675 inquam,
1738 623 1782 663 id
1814 623 1899 662 fuit
1935 621 2194 662 sinceritatis

1315 686 1488 726 indicio.
1544 685 1710 726 Abesse
1748 685 1860 725 enim
1893 685 1948 726 ab
1982 698 2035 725 ea
2061 686 2195 725 debet

1316 748 1438 789 fucus
1458 755 1587 802 atque
1613 748 1797 789 fallacia.
1852 749 2006 801 Neque
2027 749 2110 788 ulla
2129 761 2194 788 ra-

1316 813 1432 853 tione
1451 812 1609 852 candor
1629 812 1723 863 ejus
1742 811 2048 851 obliterandae.
2074 811 2196 863 Sym·

1321 877 1461 916 bolum
1498 877 1590 928 ejus
1620 886 1788 926 semper
1829 873 1920 912 fere
1958 878 2003 913 et
2041 873 2196 925 ubique

1317 940 1398 980 fuit
1413 952 1562 979 manus
1582 938 1752 988 dextra,
1772 949 1895 989 quam
1916 936 1969 976 ad
1990 948 2078 975 rem
2100 947 2198 976 con-

1318 1004 1569 1045 firmandam
1589 1005 1736 1044 multae
1769 1002 1936 1043 faciunt
1967 999 2200 1040 auctorita·

1321 1074 1401 1109 tes.
1470 1068 1579 1108 Inde
1607 1078 1793 1119 namque
1827 1065 1932 1105 illud
1977 1063 2196 1103 Maronis:

1321 1136 1332 1154 ‘
1355 1133 1422 1171 En
1438 1131 1611 1180 dextra,
1642 1128 1864 1182 fidesque!
1899 1129 2039 1168 Item:
2078 1127 2090 1149 ‘
2112 1127 2200 1166 Dat

1322 1194 1536 1244 dextram,
1579 1201 1706 1246 atque
1766 1192 1950 1232 animum
1997 1189 2201 1242 praesenti

1324 1256 1502 1308 pignore
1521 1255 1691 1295 firmat:
1725 1254 1930 1295 Tacitus:
1962 1253 1975 1275 ‘
1990 1252 2201 1294 Juravere

1325 1319 1468 1370 amici,
1487 1318 1684 1358 dextram
1703 1316 1922 1357 morientis
1952 1315 2199 1366 contingen-

1325 1381 1420 1422 tes!
1477 1381 1714 1422 Gemistius
1748 1380 1932 1420 Plethon
1966 1379 2018 1417 de
2053 1378 2201 1417 Rebus

1325 1445 1514 1485 Graeciae
1529 1445 1603 1485 lib.
1617 1455 1668 1485 ιι.
1697 1444 1709 1466 ‘
1727 1443 1954 1482 Persarum
1970 1442 2063 1480 Rex
2080 1441 2204 1480 Men-

1326 1513 1476 1558 torem‚
1493 1507 1604 1560 quod
1624 1507 1844 1546 dexteram
1860 1505 2048 1544 dedisset
2067 1503 2204 1556 (max-

1327 1573 1414 1611 ima
1454 1571 1566 1610 enim
1598 1570 1690 1610 haec
1725 1569 1840 1621 apud
1877 1569 2038 1608 Persas
2074 1565 2204 1619 fides)

1327 1633 1628 1675 conservavit!

1383 1697 1466 1743 Qui
1483 1697 1771 1749 Rempublicum
1787 1696 1952 1747 saltam]
1979 1696 2104 1737 Hanc
2119 1694 2206 1735 for-

1327 1760 1484 1799 mulam
1516 1761 1556 1799 in
1577 1761 1828 1800 evocatione
1847 1760 2030 1799 militum
2049 1756 2206 1798 subita·

1325 1824 1484 1864 riorum
1517 1830 1763 1875 usurpatam
1791 1822 1924 1863 fuisse
1956 1822 2107 1862 scribit
2127 1821 2208 1860 Isi·-

1327 1887 1455 1927 dorus
1490 1887 1565 1927 lib.
1584 1899 1653 1928 rx.
1685 1900 1782 1939 cap.
1804 1891 1846 1927 3.
1901 1887 2014 1935 Lege
2043 1885 2204 1936 Appia-

1327 1961 1426 1989 num
1445 1949 1552 1989 libro
1581 1962 1613 1989 1.
1636 1950 1689 1990 de
1722 1950 1848 1990 Bello
1868 1949 2011 1989 Civili.
2067 1949 2206 1988 Locus

1327 2019 1539 2065 praeterea
1569 2014 1732 2054 Valerii
1765 2025 1849 2053 non
1883 2013 2072 2052 sincerus
2104 2009 2207 2050 mihi

1327 2075 1514 2116 videtur.
1572 2076 1684 2116 Nam
1704 2076 1805 2128 quid
1834 2076 1906 2115 illa
1927 2075 2008 2114 sibi
2028 2073 2204 2114 volunt?

1327 2141 1389 2180 Ac
1416 2141 1554 2179 deinde
1582 2140 1718 2179 loevam
1747 2151 1902 2178 manum
1926 2143 2076 2190 aperta·
2103 2141 2206 2186 togoe

1327 2202 1597 2242 circumdedit.
1651 2203 1877 2254 Appianas
1909 2202 2070 2242 diserte
2103 2201 2206 2257 scri-

1329 2264 1409 2316 bit,
1447 2265 1643 2304 laciniam
1681 2269 1792 2316 togae
1830 2265 1874 2304 in
1910 2265 2128 2304 humerum
2164 2269 2210 2303 et

1329 2332 1461 2378 caput
1495 2327 1711 2378 rejecisse.
1769 2327 1952 2376 Laboro,
1981 2331 2030 2366 ut
2065 2337 2208 2366 emen-

1330 2391 1424 2430 dem
1446 2405 1459 2431 :
1498 2391 1557 2430 Ac
1575 2392 1712 2445 deinde
1743 2393 1840 2430 laeva
1870 2392 2072 2431 humerum
2097 2393 2212 2441 parte

1329 2457 1433 2503 togae
1464 2454 1729 2495 circumdedit.
1784 2455 1895 2494 Nam
1933 2459 1979 2493 et
2013 2453 2058 2492 in
2099 2454 2209 2493 libro

1330 2515 1524 2555 Danielis
1539 2528 1741 2567 expresse
1754 2517 1965 2568 scriptum
1980 2521 2086 2567 erat,
2095 2512 2211 2568 parte

1330 2583 1446 2628 togoe.
1503 2579 1588 2618 Sed
1632 2585 1678 2619 et
1723 2579 1898 2620 Servius
1934 2578 2111 2618 mirifice
2153 2579 2208 2618 ad

1330 2653 1469 2681 meam
1501 2642 1843 2682 emendationem
1877 2641 2000 2691 facit,
2018 2641 2118 2681 dum
2147 2642 2210 2682 ita

1332 2704 1386 2743 ad
1418 2705 1586 2745 AEneid.
1608 2717 1652 2745 v.
1684 2705 1860 2744 scribit:
1907 2706 1918 2728 ‘
1941 2704 2114 2755 Cincti,'
2148 2704 2210 2743 in-

1331 2767 1437 2818 quit,
1456 2766 1469 2788 ‘
1486 2767 1569 2806 ritu
1590 2766 1775 2816 Gabino,
1790 2767 1834 2806 id
1856 2772 1935 2818 est,
1952 2773 2064 2818 togae
2085 2771 2209 2818 parte

1332 2829 1485 2881 capitis
1506 2830 1650 2880 velati,
1672 2836 1794 2881 parte
1810 2827 2060 2870 succincta?
2081 2830 2209 2871 Color.

1385 2894 1407 2944 ᾧ
1429 2896 1479 2932 18
1500 2893 1704 2944 Equitius]
1733 2893 1818 2935 Qui
1833 2905 1878 2933 se
1895 2892 2061 2933 Tiberii
2076 2892 2210 2934 Grac-

1333 2955 1402 2995 chi
1421 2954 1552 2995 filium
1574 2955 1778 2996 faciebat.
2078 2950 2079 2953 ¹

1384 3021 1572 3060 AEmilius
1591 3020 1780 3072 Scaurus]
1810 3020 1910 3060 Fuit
1924 3025 2066 3061 autem
2084 3020 2211 3060 AEmi-

1332 3082 1413 3122 lius
1434 3083 1638 3133 Scaurus,
1670 3089 1782 3124 teste
1801 3083 2018 3134 Sallustio,
2038 3083 2102 3122 vir
2133 3094 2209 3122 no-

1331 3144 1444 3195 bilis,
1471 3144 1692 3192 factiosus,
1724 3146 1872 3186 avidus
1902 3145 2121 3197 potentiae,
2138 3145 2211 3184 bo·

1331 3208 1460 3255 noris,
1481 3209 1741 3258 divitiarum,
1775 3214 1978 3248 caeterum
2013 3207 2116 3247 vitia
2133 3219 2210 3247 sua

1330 3270 1485 3310 callide
1502 3273 1737 3311 occultans.

1385 3331 1633 3384 Spiculaque]
1676 3334 1726 3373 Id
1747 3338 1829 3383 est,
1846 3334 1932 3374 telo
1950 3332 2068 3373 acuti
2086 3331 2208 3373 ferri.

1387 3395 1638 3446 Spiculoque]
1667 3397 1746 3436 Est
1764 3398 1913 3437 lancea
1931 3395 2075 3436 brevis
2096 3395 2171 3435 teli
2194 3408 2206 3433 z

1332 3465 1426 3498 erat
1442 3465 1601 3508 autem,
1622 3465 1669 3498 ut
1687 3451 1840 3510 Veget.
1860 3459 1935 3509 ait,
1966 3459 2096 3498 telum
2115 3457 2211 3496 mis·

1332 3524 1426 3571 sile,
1442 3524 1560 3575 cujus
1581 3521 1742 3564 ferrum
1763 3523 2035 3575 triangulum,
2066 3521 2210 3561 uncia-
