2288 3990
589 304 851 344 VALERII

230 432 299 467 tus
328 424 584 477 Tempanius
615 424 794 464 decurio
822 423 1010 476 equitum
1031 434 1102 461 ex·

228 491 401 539 elamat,
435 493 484 528 ut
521 487 689 540 equites
719 488 790 540 qui
822 500 868 527 se
898 488 940 526 in
971 486 1104 538 pedes

229 557 491 606 exceperant
523 552 565 591 in
597 549 930 592 confertissimos
959 550 1106 590 hostes

229 619 466 666 incurrant,
493 628 745 670 quacunque
775 615 971 655 incidunt
989 612 1106 653 ferro

231 683 344 722 viam
373 680 548 722 faciant.
601 683 720 722 Tunc
750 681 934 720 Volscus
964 679 1108 729 Impe-

228 753 350 788 rator
366 747 531 799 signum
551 747 642 798 dat,
660 754 708 787 ut
727 744 980 800 permutatis
1001 742 1109 783 mili-

231 811 346 852 tibus
364 812 486 852 locus
505 811 647 860 detur,
679 813 751 865 qui
769 812 903 852 scutis
923 809 1109 863 objectis

230 875 442 916 Romanos
462 887 487 914 a
509 875 594 916 suis
613 875 847 916 excludant
864 888 874 914 :
907 874 1023 928 quod
1038 872 1111 913 ubi

231 936 394 979 factum
415 943 498 990 est,
514 939 735 979 interclusi
754 938 921 990 equites
937 937 990 976 ad
1012 947 1110 975 suos

231 1013 514 1054 prorumpere
530 1013 614 1042 non
630 1007 847 1054 poterant.
864 1000 1005 1052 Igitur
1015 1012 1111 1039 cum

230 1064 296 1104 liis
315 1064 610 1105 vehementius
630 1065 774 1105 hostes
799 1065 1025 1114 instarent,
1047 1070 1112 1104 tu-

231 1129 392 1168 mulum
427 1129 665 1181 proximum
694 1134 926 1181 occupant,
959 1128 1032 1168 ubi
1067 1140 1113 1168 se

233 1192 278 1232 in
296 1192 444 1232 orbem
477 1193 750 1243 tutabantur,
783 1204 863 1232 nec
891 1198 992 1232 ante
1013 1203 1115 1231 noc·

232 1261 322 1296 tem
344 1256 566 1309 pugnandi
583 1256 681 1297 finis
697 1255 795 1297 fuit.
849 1257 916 1297 Ibi
935 1257 1115 1308 Tempa-

230 1322 327 1362 nius
343 1334 478 1374 usque
504 1320 558 1360 ad
583 1322 720 1362 lucem
744 1334 841 1362 suos
872 1325 992 1362 metu
1017 1320 1116 1359 insi-

233 1383 403 1424 diarum
422 1389 559 1434 tenet,
586 1383 741 1424 deinde
760 1397 856 1425 eum
876 1384 1119 1436 speculato-

235 1459 304 1487 res
334 1448 605 1488 nuntiassent
625 1460 650 1487 a
675 1448 842 1488 Volscis
863 1453 1006 1488 castra
1025 1458 1119 1488 esse

236 1510 424 1562 deserta,
462 1511 589 1552 laetus
633 1510 687 1551 ab
734 1512 898 1552 tumulo
938 1523 1037 1551 suos
1075 1511 1120 1550 in

234 1579 380 1614 castra
399 1575 685 1617 Romanorum
708 1575 902 1616 deduxit.
939 1577 1092 1616 Oliver.

288 1637 462 1678 Debitus
476 1637 612 1689 honos]
650 1639 789 1678 Nimis
810 1639 954 1690 placet
973 1638 1122 1691 Scrip-

235 1705 336 1741 tura
349 1701 540 1742 Danielis
555 1708 602 1742 et
615 1702 876 1755 reliquorum
890 1709 1087 1743 veterum
1108 1717 1119 1743 :

233 1763 387 1805 debitus
396 1765 541 1815 gloria
555 1766 710 1807 titulus.
767 1766 862 1806 Nec
882 1766 1004 1807 video
1018 1765 1123 1819 quid

236 1829 458 1881 impulerit
499 1830 720 1882 Pighium,
769 1837 815 1871 nt
862 1830 968 1871 illud
1011 1833 1122 1872 male

235 1892 383 1934 feriati
409 1895 574 1936 librarii
592 1901 849 1938 annotamen
883 1896 1123 1939 inferciret.

236 1957 421 2000 *Celei-us.

299 2021 581 2074 Vemginem]
628 2024 800 2065 Nomen
835 2025 983 2078 oppidi
1022 2027 1126 2066 Vol-

238 2096 425 2139 scorum,
461 2087 589 2140 cujus
624 2099 679 2129 ne
718 2089 903 2142 vestigia
949 2090 1125 2144 quidem

239 2155 408 2190 extant.

247 2220 254 2232 ·
298 2212 569 2271 centur-iavit]
596 2214 649 2254 In
677 2215 896 2256 centurias
930 2215 1126 2268 peditum

240 2286 290 2315 se
308 2276 506 2327 conjecit.

296 2337 479 2379 thuare
495 2339 781 2392 lamentum]
809 2340 861 2381 Id
882 2345 963 2393 est,
980 2342 1128 2382 remis-

245 2399 409 2441 sionem
430 2415 600 2454 pngnae.

302 2463 495 2516 Tropoeis]
521 2465 635 2506 Belli
666 2479 766 2507 usus
797 2467 977 2518 invenit,
1008 2473 1056 2508 ut
1086 2467 1128 2508 in

246 2538 330 2579 quo
362 2527 456 2568 loco
487 2529 632 2570 hostes
659 2531 854 2581 superati
874 2537 1037 2582 essent,
1069 2532 1130 2572 ibi

247 2594 414 2641 tropina
432 2592 721 2643 erigerentur.
779 2595 851 2634 De
867 2594 1023 2646 quibus
1040 2596 1081 2635 N
1086 2608 1130 2634 o-

246 2652 341 2692 nius
392 2654 629 2696 Marcellus
662 2669 674 2696 :
733 2657 746 2679 ‘
782 2658 901 2708 Fuga
946 2659 1131 2699 hostium

246 2714 400 2756 Graece
453 2724 630 2759 vocatur
669 2720 812 2771 τροπὴ,
857 2721 956 2762 hinc
993 2723 1131 2772 spolia

245 2786 394 2830 capta,
407 2778 497 2822 fixa
524 2781 569 2821 in
595 2782 835 2835 stipitibus,
852 2786 1129 2836 appellantur

246 2845 434 2894 tropaea:
506 2844 659 2886 Notati
697 2846 798 2886 mihi
837 2849 966 2900 primi
1005 2849 1130 2901 hujus

246 2905 310 2945 rei
338 2913 615 2959 usurpatores
634 2920 690 2948 ex
710 2910 905 2951 Ducibus
927 2911 1130 2952 Romanis

244 2970 360 3021 apud
379 2971 430 3010 L.
450 2970 651 3012 Florum:
678 2974 691 2995 ‘
712 2973 958 3025 Domitius,'
977 2976 1130 3030 inquit,

248 3031 593 3076 ‘Ahenobarbus
637 3040 685 3079 et
720 3038 880 3079 Fabius
915 3041 1129 3081 Maximus

246 3094 354 3148 ipsis
367 3097 519 3149 quibus
534 3098 848 3143 dimicaverant
859 3103 965 3143 locis
978 3117 1129 3144 saxeas

242 3170 430 3200 erexere
465 3166 625 3215 turres,
652 3169 699 3206 et
718 3165 905 3217 desuper
924 3175 1130 3208 exornata

248 3223 375 3264 armis
394 3224 619 3267 hostilibus
640 3234 804 3281 tropaea
821 3229 970 3282 fixere,
1001 3244 1131 3284 quum

248 3284 319 3327 hic
369 3299 460 3328 mos
503 3288 735 3332 inusitatus
779 3291 912 3334 fuerit
955 3295 1131 3335 nostris.

251 3347 481 3403 Nunquam
522 3354 637 3393 enim
684 3356 866 3407 populus
913 3357 1132 3398 Romanus

251 3408 446 3455 hostibus
479 3414 650 3457 domitis
675 3430 795 3458 suam
817 3419 1040 3462 victoriam
1060 3433 1132 3461 ex-

254 3474 505 3524 probavit:
534 3480 628 3521 Lib.
648 3492 719 3521 111.
741 3494 840 3535 cap.
859 3487 900 3524 2.
921 3490 966 3525 et
986 3485 1132 3526 viden-

256 3534 573 3591 dus,quiidem
604 3544 799 3595 tradidit,
834 3547 989 3590 Stiabo
1020 3549 1134 3591 1.1v.

898 303 1137 341 MAxuut
1188 303 1302 343 mn.
1342 304 1434 342 111.
1477 291 1690 342 CARQ.

1905 290 2045 344 1071

1165 421 1419 474 Pompeium
1448 422 1631 462 devictis
1658 422 1864 474 Hispanis
1883 427 2049 473 tropaea

1165 485 1210 524 in
1250 486 1471 538 Pyrenaeis
1493 488 1614 539 jugis
1642 486 1932 535 constituisse,
1959 487 2051 525 Sal-

1168 549 1320 588 lustius
1366 550 1575 601 scriptum
1623 550 1813 602 reliquit.
1872 550 2049 588 Graeeos

1168 619 1312 652 autem
1343 618 1510 664 tropaea
1540 626 1711 667 quoque
1730 613 1866 666 figere
1891 613 2055 663 solitos,

1169 689 1266 716 cum
1288 676 1459 716 aliunde
1490 684 1577 717 tum
1600 691 1656 718 ex
1676 677 1900 717 Plutarchi
1927 676 2054 716 Pelo-

1171 739 1287 791 pida,
1321 747 1366 779 et
1399 740 1557 780 AEmilii
1591 741 1727 781 Probi
1757 743 1941 781 Datame
1962 752 2054 780 cer-

1170 804 1378 844 tissimum
1407 810 1487 846 est.
1541 806 1820 858 Tropaeorum
1847 805 2055 845 constitu-

1171 869 1378 909 endorum
1398 871 1656 923 perelegans
1685 871 1930 923 exemplum
1958 869 2057 908 vide

1173 933 1289 985 apud
1325 934 1554 986 Virgilium
1586 934 1754 975 AEneid.
1789 926 1843 974 xi.
1870 936 1883 957 ‘
1904 934 2060 985 Ingen-

1174 1005 1261 1038 tem
1285 998 1520 1051 quercum‚’
1538 1003 1621 1038 διο.
1652 999 1911 1038 Stewechius.

1227 1064 1250 1114 ᾧ
1278 1067 1305 1103 9
1333 1063 1530 1103 Strenuus
1559 1063 1642 1114 ille,
1672 1061 1762 1114 ξω]
1806 1062 1950 1102 Livius
1970 1062 2062 1101 De-

1173 1126 1269 1166 cad.
1291 1139 1396 1167 vm.
1417 1127 1471 1168 ab
1487 1126 1608 1168 Urbe
1628 1127 1816 1178 condita,
1830 1139 1855 1166 a
1871 1126 2062 1176 Valerio,

1175 1197 1224 1229 ut
1242 1190 1388 1230 multis
1409 1190 1452 1230 in
1482 1190 1606 1241 locis,
1632 1190 1694 1230 sic
1718 1190 1763 1230 in
1790 1190 1872 1230 hac
1895 1201 2065 1242 quoque

1176 1252 1378 1294 dissentit
1408 1254 1600 1295 historia.
1658 1253 1759 1294 Non
1802 1254 1915 1293 enim
1952 1253 2065 1292 male

1176 1318 1444 1358 commissum
1462 1319 1659 1370 proelium
1676 1315 1831 1367 refert,
1850 1315 1929 1355 sed
1949 1315 2066 1355 obla-

1178 1389 1223 1424 ta
1259 1384 1486 1425 occasione
1523 1383 1587 1423 rei
1623 1382 1736 1423 bene
1768 1381 1971 1435 gerendae
2005 1381 2068 1419 ita

1178 1449 1420 1500 suscepisse
1465 1459 1654 1500 pugnam
1697 1459 1795 1487 cum
1832 1447 1971 1497 hoste,
2008 1445 2069 1485 ita

1180 1526 1271 1554 rem
1304 1514 1506 1565 gessisse,
1543 1518 1592 1552 ut
1627 1511 1734 1551 niliil
1763 1511 1806 1550 in
1843 1522 1894 1550 ea
1926 1521 2070 1562 pugna

1181 1577 1385 1627 defuerit,
1419 1577 1454 1616 si
1485 1588 1570 1615 non
1601 1573 1814 1614 abfuisset
1847 1573 2069 1613 Dictator.

1186 1642 1337 1681 Oliver.
1368 1640 1566 1691 Contigit
1585 1639 1642 1680 A.
1662 1639 1718 1678 U.
1740 1649 1962 1679 cccnxm.

1239 1703 1470 1754 Rullianus]
1498 1703 1591 1743 Lib.
1613 1702 1826 1752 Danielis,
1858 1706 2069 1752 utsupra,

1185 1766 1433 1806 Rutilianus.

1238 1830 1439 1880 Magister
1453 1827 1646 1882 equitum]
1670 1828 1872 1868 Dictator
1888 1826 1971 1868 sibi
1984 1838 2072 1866 ma-

1186 1894 1371 1946 gistrum
1391 1894 1586 1946 equitum
1607 1905 1725 1945 saepe
1745 1891 1936 1942 dicebat,
1959 1890 2073 1930 unde

1183 1958 1316 1998 etiam
1354 1957 1563 1997 Dictator
1604 1956 1855 2009 appellatus
1889 1958 1972 2006 est,
2005 1953 2075 1994 vel

1185 2022 1303 2076 quod
1339 2021 1561 2062 diceretur
1599 2034 1625 2062 a
1660 2021 1834 2074 populo,
1872 2020 1955 2061 hoc
1991 2025 2074 2070 est,

1186 2094 1424 2140 crearetur,
1458 2089 1528 2129 vel
1557 2087 1673 2141 quod
1710 2087 1790 2128 sibi
1823 2087 2076 2139 magistrum

1186 2154 1382 2205 equitum
1425 2153 1605 2193 diceret.
1686 2152 1887 2192 Praeerat
1930 2156 2077 2191 autem

1188 2217 1406 2270 equitibus
1419 2217 1625 2268 magister
1645 2214 1852 2269 equitum,
1872 2214 2078 2255 Dictator

1188 2292 1291 2320 vero
1304 2280 1563 2332 legionibus,
1577 2285 1623 2320 et
1635 2279 1835 2320 universo
1849 2277 2079 2325 exercitui,

1189 2349 1235 2383 et
1257 2348 1350 2382 erat
1384 2355 1570 2382 summus
1591 2342 1868 2393 magistratus
1901 2341 1943 2380 in
1970 2340 2077 2380 urbe

1189 2408 1399 2457 Romana,
1443 2407 1535 2446 sine
1572 2405 1898 2458 provocatione,
1933 2409 1978 2444 et
2013 2415 2078 2443 se·

1190 2470 1364 2511 mestris
1381 2476 1562 2511 tantum.
1595 2469 1702 2509 Oliv.

1246 2534 1463 2586 Samnites]
1490 2533 1662 2574 Medios
1693 2543 1790 2573 esse
1805 2531 1918 2572 inter
1952 2530 2078 2572 Pice-

1191 2610 1309 2647 num,
1329 2597 1624 2649 Campaniam,
1649 2600 1696 2636 et
1714 2594 1933 2647 Apuliam,
1955 2594 2078 2634 testis

1192 2667 1260 2701 est
1293 2661 1527 2712 Eutropius
1561 2660 1707 2701 lib.11.
1734 2658 1916 2699 Abruzzo
1950 2656 2078 2698 hodie

1194 2722 1279 2763 dici
1294 2723 1495 2763 Leander
1512 2723 1656 2764 docet.

1247 2787 1418 2839 Papirio
1441 2786 1629 2838 Cursore]
1659 2786 1745 2828 Qui
1762 2791 1866 2826 tunc
1882 2785 2081 2826 Dictator

1193 2863 1245 2892 ae
1268 2851 1514 2902 Imperator
1537 2856 1648 2890 erat.

1261 2916 1433 2966 Propter
1469 2915 1648 2966 auspicia
1688 2913 1917 2965 repetenda]
1967 2911 2079 2954 Quia

1193 2978 1305 3018 male
1321 2983 1452 3030 capta
1467 2976 1651 3017 fuerant.
1689 2976 1802 3016 Nam
1820 2983 1915 3016 erat
1934 2974 2077 3015 taber-

1193 3043 1395 3082 naculum
1416 3042 1522 3081 vitio
1541 3046 1730 3094 captum.

1249 3107 1272 3158 §
1290 3109 1342 3145 10
1373 3106 1532 3154 Quales,
1549 3105 1639 3157 ἔγω]
1667 3104 1765 3145 Hoc
1790 3103 1976 3155 contigit
1994 3101 2081 3154 pri-

1193 3181 1263 3208 mo
1295 3169 1462 3209 Punico
1489 3168 1622 3220 bello,
1655 3170 1781 3221 cujus
1814 3174 1966 3207 auctor
1995 3177 2080 3204 non

1194 3237 1319 3273 extat
1339 3232 1564 3285 quisquam
1594 3244 1649 3272 ex
1681 3231 1871 3283 antiquis
1900 3229 2081 3279 scripto-

1196 3297 1332 3346 ribus,
1363 3296 1463 3348 quia
1496 3309 1575 3348 per
1602 3293 1909 3347 negligentiam
1943 3290 2080 3329 indies

1194 3361 1330 3412 magis
1350 3359 1609 3400 cadentibus
1633 3357 1773 3398 literis
1793 3355 2001 3407 perierint
2028 3353 2079 3391 Τ.

1197 3424 1310 3463 Livii
1344 3421 1565 3463 Decades.
1618 3419 1679 3459 At
1701 3415 1950 3456 Leonardus
1972 3414 2078 3455 Are-

1197 3487 1327 3538 tinus,
1352 3486 1418 3527 vir
1437 3486 1607 3526 Graecae
1628 3488 1674 3522 et
1698 3480 1866 3520 Latinae
1885 3480 2079 3520 literatu-

1198 3563 1258 3590 rae
1280 3550 1580 3603 peritissimuS,
1609 3559 1659 3587 ac
1676 3544 1982 3586 solertissimus
2007 3545 2079 3585 ho-
