2358 4036
403 259 510 311 920

404 389 570 428 honoris
593 400 722 428 causa
751 389 895 428 Romae
915 387 1085 443 fuerunt
1105 388 1269 439 positae,

406 466 579 506 quarum
612 455 731 494 bases
769 465 1013 493 marmoreae
1047 453 1270 504 insculptis

404 518 536 557 titulis
568 517 703 556 adhuc
750 517 1026 568 reperiuntur,
1062 528 1085 554 e
1118 515 1269 566 quibus

401 582 480 619 hoc
512 582 604 620 loco
635 579 862 620 adduxisse
895 589 1019 617 unam
1057 576 1265 617 sufficiat:

402 643 615 682 ConmAE.
647 643 961 682 CLAvaNAE.
993 653 1035 682 v.
1055 653 1093 682 ν.
1115 642 1258 681 Maxi·

402 715 512 744 ΜΔΕ.
531 716 575 744 Α.
596 707 719 745 Dus.
739 714 962 744 ELECTAM‘.
997 715 1189 745 MERrro.
1210 715 1269 744 sr-

401 778 461 806 131.
474 778 640 807 TALEM.
656 766 953 807 Auris'rrrnm.
971 767 1268 809 NVMEN.VES-

399 842 507 870 'rAEf
537 841 813 870 RESERVARE.
867 841 1051 871 vozvrr.
1097 832 1269 871 Coum

401 894 662 933 NEuleNA.
697 904 859 934 SOROR.
891 905 995 934 vNA.
1024 906 1133 935 cvm.
1168 895 1270 934 Pu:-

401 967 494 995 κιο.
524 956 750 1007 Commu.
780 967 854 996 Ac.
887 957 1088 996 Lmnms.
1127 967 1268 997 onAN·

398 1028 489 1058 TES.
543 1029 618 1057 vT.
664 1029 768 1059 PER.
816 1030 1033 1061 sAEchA.
1078 1030 1266 1060 FACERE.

401 1081 820 1123 Dumnnmrrmwr.
877 1083 945 1123 Sic
977 1084 1204 1124 Suetonius
1224 1084 1266 1122 in

400 1143 645 1184 Domitiano
667 1158 678 1184 :
721 1146 733 1167 ‘
751 1147 857 1186 Mox
886 1147 1121 1187 Corneliam
1142 1147 1266 1197 virgi·

401 1218 496 1246 nem
527 1208 750 1248 maximam
781 1210 1015 1249 absolutam
1046 1210 1160 1259 olim,
1193 1210 1267 1249 de-

397 1269 494 1309 hinc
529 1270 655 1322 longo
685 1271 910 1311 intervallo
951 1273 1174 1324 repetitam
1205 1278 1267 1313 at·

397 1343 479 1382 que
525 1333 763 1373 convictam
810 1333 952 1374 defodi
1009 1335 1267 1387 imperavit.'

396 1394 568 1433 Tacitus
587 1395 628 1433 in
647 1394 731 1435 fine
751 1395 844 1435 libri
862 1408 909 1436 11.
933 1409 1009 1448 pro
1025 1397 1037 1419 ‘
1056 1397 1266 1448 maxima,'

396 1458 407 1478 ‘
424 1458 747 1498 vetustissimam
763 1458 774 1476 ’
793 1461 998 1511 appellat.
1045 1461 1057 1483 ⁴
1075 1463 1131 1502 Et
1149 1463 1267 1502 Vibi-

396 1519 539 1572 (liam,'
572 1520 726 1574 inquit,
757 1522 992 1574 ‘virginum
1028 1525 1265 1565 Vestalium

398 1582 721 1623 vetustissimam
741 1586 880 1625 oravit
910 1586 1120 1636 pontificis
1138 1589 1268 1627 maxi-

397 1643 452 1682 mi
474 1656 596 1684 aures
615 1645 761 1697 adire;
803 1649 1071 1690 clementiam
1092 1656 1266 1703 expete-

398 1707 474 1747 re.’
528 1708 639 1750 Haec
673 1710 851 1751 Tacitus
888 1712 942 1752 de
978 1715 1208 1755 Messalina
1243 1728 1269 1756 a

397 1770 575 1810 Claudio
614 1772 705 1822 jam
752 1773 963 1816 damnata.
1039 1777 1269 1829 Dionysius

398 1832 689 1875 Halicarnass.
720 1836 794 1879 lib.
823 1849 874 1878 11.
907 1838 960 1878 de
982 1839 1151 1881 AEmilia
1171 1854 1270 1882 eau-

398 1894 510 1944 dem,
529 1908 654 1948 quam
670 1899 880 1950 Valerius,
895 1901 1026 1942 refert
1041 1904 1271 1958 historiam,

397 1970 573 2010 eamque
607 1966 709 2001 tunc
737 1962 844 2013 ignis
872 1966 1104 2006 custodiam
1124 1968 1197 2007 uni
1216 1980 1270 2008 ex

396 2020 566 2059 novitiis
605 2022 741 2064 adhuc
778 2028 1042 2068 ceremonias
1088 2030 1273 2071 discenti

397 2083 655 2125 commisisse
720 2087 838 2130 dicit.
912 2091 1030 2132 Hinc
1074 2093 1273 2134 Valerius

397 2145 572 2186 AEmilioe
591 2148 817 2200 discipulam
832 2161 973 2195 vocat.
989 2157 1114 2207 Pigh.
1150 2159 1272 2198 Max-

396 2206 484 2244 imoe
502 2221 588 2248 vero
605 2212 793 2266 virginis]
821 2215 1055 2268 Dionysius
1077 2219 1272 2260 Halicar-

397 2280 597 2324 nassaeus,
640 2275 652 2296 ‘
671 2276 943 2331 Deficiente,'
979 2282 1135 2335 inquit,
1165 2285 1177 2306 ‘
1200 2285 1273 2324 ali-

398 2334 566 2383 quando
581 2338 844 2390 negligentia
858 2344 1039 2394 quadam
1053 2346 1167 2399 igne,
1180 2359 1274 2388 cus·

398 2399 497 2439 tode
513 2405 612 2443 tunc
630 2405 721 2455 ejus
742 2406 920 2448 AEmiliae
949 2410 1158 2464 alterique
1189 2414 1274 2453 vir-

399 2466 539 2515 ginum
558 2479 697 2520 nuper
716 2471 965 2524 electarum,
994 2481 1039 2515 et
1066 2482 1170 2517 tunc
1190 2478 1274 2517 dis-

398 2530 601 2581 centium,
616 2532 810 2574 tradente
828 2537 918 2589 ejus
934 2550 1095 2590 curam,
1109 2548 1276 2591 pertur-

400 2591 613 2634 bationem
632 2594 764 2636 fuisse
786 2604 879 2638 tota
897 2601 938 2640 in
959 2602 1062 2642 urbe
1083 2603 1275 2654 multam,

400 2659 444 2694 et
474 2655 788 2708 inquisitionem
827 2673 905 2713 per
942 2665 1183 2716 pontifices,
1222 2680 1275 2707 ne

400 2718 581 2769 pollutio
614 2722 754 2774 aliqua
782 2724 895 2764 circa
917 2725 1055 2777 ignem
1078 2730 1274 2770 sacerdo-

400 2778 513 2818 tibus
532 2783 764 2826 extitisset.
820 2786 942 2827 'runc
975 2790 1182 2831 AEmiliam
1212 2792 1273 2831 fe-

402 2847 499 2882 runt
530 2843 742 2886 insontem
780 2849 965 2899 quidem,
997 2853 1072 2891 sed
1106 2854 1273 2894 dubita-

406 2904 588 2945 bundam
607 2916 661 2945 ex
690 2907 868 2949 hnmano
898 2923 997 2951 casu
1019 2915 1275 2967 potificibus,

403 2968 714 3020 sacerdotibus,
732 2978 777 3011 et
803 2973 895 3013 aliis
917 2975 1167 3031 virginibus,
1187 2993 1274 3020 ma·

401 3041 478 3069 nus
494 3042 743 3083 superatam
763 3036 1007 3078 tendentem
1020 3040 1078 3081 ita
1088 3042 1244 3085 dixisse
1262 3059 1272 3085 ε

402 3092 539 3132 Vesta
566 3093 694 3134 Urbis
726 3096 848 3138 Rom.
881 3106 1037 3153 custos,
1067 3104 1274 3157 siquidem

404 3156 473 3205 pie
489 3161 534 3195 et
554 3157 671 3207 juste
699 3168 820 3199 sacra
849 3161 925 3202 tibi
955 3165 1134 3217 perfeci,
1154 3170 1274 3210 annis

404 3219 528 3267 paulo
544 3220 682 3260 minus
714 3223 905 3276 triginta,
933 3232 977 3266 et
997 3230 1181 3271 animum
1201 3245 1274 3284 pu·

407 3292 495 3320 rum
534 3282 707 3334 liabens,
739 3291 783 3325 et
811 3297 965 3340 corpus
994 3298 1172 3345 castum,
1201 3296 1275 3335 de-

405 3351 593 3383 monstra
620 3346 734 3394 mihi,
763 3348 905 3401 sisque
934 3353 1107 3406 auxilio,
1137 3368 1275 3409 neque

410 3406 525 3453 parvi
545 3408 703 3457 pendas
720 3411 985 3453 sacerdotem
1006 3421 1120 3456 tuam
1141 3425 1277 3459 morte

408 3468 511 3506 mori
533 3469 794 3521 miserrima3
834 3474 868 3514 si
891 3487 990 3516 vero
1008 3477 1181 3530 impium
1204 3483 1278 3522 ali-

987 272 1159 310 NOTAE
1201 271 1475 311 VARIORU
1489 274 1526 310 M

1574 274 1636 312 IN

1332 389 1444 439 quod
1475 394 1639 438 gestum
1677 394 1742 429 est
1771 403 1794 430 a
1824 404 1907 443 me,
1942 406 2040 434 meo
2074 396 2211 448 ipsius

1331 451 1538 501 supplicio
1577 452 1692 491 urbis
1739 454 2016 503 pollutionem
2064 460 2209 511 expia.

1331 513 1440 551 Haec
1460 513 1672 553 dicentem
1707 521 1751 554 et
1781 517 2044 558 scindentem
2075 533 2100 559 a
2118 533 2210 562 car-

1332 575 1460 614 basea
1496 582 1632 625 veste,
1658 589 1742 628 qua
1779 584 1879 619 tunc
1912 582 2071 623 amicta
2099 592 2211 638 em,

1329 636 1519 689 fasciam,
1552 646 1647 689 post
1681 652 1833 691 preces
1869 641 2009 684 factas
2044 646 2208 698 jecisse

1329 712 1456 750 super
1472 713 1586 740 aram
1600 701 1766 754 dicunt,
1779 710 1821 745 et
1839 718 1891 744 ex
1905 705 2060 759 frigido
2073 711 2212 752 multo

1328 769 1427 801 ante
1461 764 1704 816 nullamque
1743 774 1942 808 servante
1979 770 2212 813 scintillam

1329 824 1472 863 cinere
1508 823 1717 867 flammam
1763 828 1988 870 emicuisse
2032 834 2211 874 multam

1329 899 1406 938 per
1439 888 1687 930 carbasum:
1739 891 1802 932 ita
1839 898 1887 933 ut
1923 905 2002 933 nec
2041 895 2213 938 civitati

1327 951 1596 1004 lustratione,
1611 966 1689 994 nec
1705 967 1815 996 novo
1829 968 1937 1009 opus
1951 963 2068 999 esset
2080 959 2212 1012 igne?

1331 1014 1485 1055 Oliver.

1386 1076 1614 1128 Garbasum,
1653 1092 1768 1130 quam
1801 1083 1987 1133 optimam
2022 1083 2213 1136 habebat}

1327 1139 1557 1179 Pulmanni
1567 1141 1719 1192 codem
1729 1148 1856 1196 atque
1869 1144 2214 1199 Gemblacensis,

1327 1214 1437 1252 quem
1473 1204 1660 1256 optimum
1695 1207 1872 1248 habebat.
1944 1209 2070 1250 Idem
2105 1218 2171 1252 est
2193 1225 2206 1252 τ

1329 1277 1449 1318 aeque
1463 1268 1574 1307 enim
1591 1271 1828 1311 masculino
1848 1272 2124 1325 singulariter
2140 1286 2209 1316 re-

1329 1329 1461 1379 periri
1493 1335 1504 1352 ⁴
1522 1331 1748 1371 carbasus’
1779 1346 1830 1373 ac
1847 1333 2091 1382 ‘foemininm
2112 1337 2207 1388 plu·

1326 1392 1476 1432 raliter
1491 1393 1537 1433 in
1555 1402 1724 1447 neutro,
1742 1396 1930 1446 phocas,
1956 1398 2144 1450 Probus,
2161 1406 2210 1441 et

1329 1457 1474 1508 Caper
1493 1458 1684 1500 tradunt.
1740 1461 1906 1502 Nonius
1924 1462 2056 1503 docet
2070 1463 2212 1518 carba-

1325 1531 1411 1559 sum
1443 1533 1537 1560 esse
1571 1523 1745 1576 pallium
1779 1537 1802 1563 e
1829 1525 1968 1566 serico
2001 1527 2071 1566 vel
2089 1527 2208 1567 tenui

1327 1583 1431 1633 lino,
1451 1597 1534 1637 quo
1553 1578 1733 1627 saemiuae
1762 1586 1917 1627 divites
1937 1588 2207 1630 amiciuntur.

1327 1645 1512 1695 Pighius.
1825 1691 1830 1694 .

1382 1710 1449 1762 §8
1477 1710 1731 1764 Scrupulosa]
1765 1713 1959 1755 Sollicita
1991 1720 2036 1755 et
2055 1715 2205 1768 exqui-

1332 1772 1415 1812 sita
1434 1773 1673 1826 diligentia,
1701 1783 1750 1816 ut
1777 1777 1880 1816 nibil
1909 1778 2080 1818 omnino
2098 1790 2209 1830 prae-

1332 1837 1677 1888 termitteretur3
1702 1851 1800 1878 nam
1837 1843 1849 1863 ⁶
1866 1839 2118 1891 scrupulus'
2146 1841 2209 1882 la-

1331 1900 1457 1951 pillus
1481 1900 1622 1941 brevis
1655 1909 1739 1955 est,
1761 1915 1854 1955 quae
1892 1903 2210 1945 brevitate-sua

1330 1962 1423 2003 fere
1443 1975 1526 2004 non
1549 1965 1734 2016 videtur,
1763 1967 1836 2006 sed
1855 1968 2043 2008 calcatus
2059 1967 2216 2008 sollici-

1332 2027 1524 2068 tudinem
1562 2038 1708 2071 creat:
1758 2031 1872 2072 unde
1909 2033 2211 2085 ‘scrupulum’

1331 2091 1659 2132 sollicitudinem
1697 2101 1743 2134 et
1776 2093 2082 2136 difficultatem
2109 2097 2211 2138 dici-

1331 2166 1439 2197 muS.
1466 2156 1702 2207 Terentius,
1731 2158 1744 2180 ⁴
1764 2158 1899 2210 Injeci
1921 2161 2165 2211 scrupulum
2179 2161 2210 2211 ς’

1333 2222 1378 2257 et
1394 2218 1407 2239 ‘
1421 2219 1717 2270 scrupulosum
1732 2220 1744 2238 '
1768 2222 1998 2262 sollicitum
2026 2229 2073 2264 et
2091 2224 2210 2264 anxi-

1333 2293 1402 2320 um
1425 2281 1624 2324 dicimus,

1391 2343 1605 2398 Clastidio]
1632 2346 1752 2387 Urbe
1769 2347 1924 2389 Galliae
1939 2349 2184 2403 Cisalpinae.

1389 2406 1617 2462 Syracusis]
1659 2409 1815 2450 Siciliae
1849 2411 1952 2451 urbs
1983 2419 2028 2453 et
2046 2414 2212 2465 colonia

1333 2475 1605 2526 amplissima.
1659 2476 1785 2515 Hanc
1812 2477 1967 2518 Cicero
1986 2479 2059 2518 lib.
2081 2490 2148 2519 lv.
2169 2479 2212 2519 in

1334 2539 1531 2590 Verrem,
1560 2545 1606 2579 et
1624 2540 1883 2580 Plutarchus
1902 2541 1946 2581 in
1973 2543 2062 2582 vita
2092 2543 2212 2583 Mar-

1335 2603 1449 2653 celli,
1467 2609 1652 2655 quatuor
1686 2603 1860 2643 urbibus
1893 2610 2093 2645 constare
2125 2611 2213 2646 tra-

1335 2665 1468 2714 dunt;
1517 2665 1705 2717 Neapoli
1743 2678 1914 2718 nempe,
1951 2666 2214 2718 Achradina,

1334 2728 1560 2782 Ἀχραδίνη,
1580 2730 1741 2782 Tyche,
1754 2729 1881 2783 Τύχη,
1895 2731 2056 2785 (Ityca,
2067 2730 2215 2782 Ἰτύκῃ,

1336 2794 1550 2833 Diodorus
1581 2794 1688 2846 legit
1726 2794 1836 2835 libro
1868 2793 1947 2847 ιι.)
1963 2801 2008 2835 et
2036 2795 2213 2845 Insula3

1335 2855 1480 2895 Livius
1527 2855 1756 2896 Acradina.
1805 2863 1850 2898 et
1895 2859 2001 2898 Tica
2047 2857 2213 2898 scribit.

1338 2918 1538 2970 Quinque
1575 2919 1702 2959 nrbes
1746 2921 1858 2959 intra
1889 2921 2044 2960 moenia
2077 2921 2214 2961 couti-

1336 2993 1456 3033 nere,
1478 2983 1677 3033 perhibet
1695 2984 1854 3025 Strabo
1874 2985 1944 3027 lib.
1964 2995 2024 3026 v1.
2054 2985 2214 3037 Epipo-

1335 3044 1400 3084 las
1428 3054 1506 3096 pro
1523 3046 1675 3098 quinta
1708 3054 1833 3098 parte
1854 3048 2125 3088 annumerari
2140 3059 2219 3100 pu-

1336 3112 1401 3146 tat
1418 3108 1709 3149 casaubonus.
1763 3110 1827 3149 Ea·
1842 3121 1958 3161 pars,
1977 3119 2074 3162 quae
2093 3110 2216 3151 Cice-

1339 3172 1429 3210 roni
1460 3171 1609 3211 Insula
1650 3177 1733 3223 est‚
1779 3172 1982 3212 Straboni
2029 3172 2217 3225 Ortygia

1337 3233 1508 3274 dicitur.
1564 3235 1692 3275 Hanc
1725 3236 1915 3275 Insulam
1949 3246 2119 3288 qnoque
2153 3235 2214 3275 in-

1336 3297 1440 3336 colis
1461 3298 1607 3337 Nason
1629 3300 1785 3349 vocam,
1802 3298 1947 3339 Livius
1968 3302 2120 3337 auctor
2134 3303 2218 3348 est,

1337 3359 1413 3398 lib.
1435 3370 1543 3400 xxv.
1598 3361 1787 3400 Eandem
1806 3359 2140 3400 Homothermon
2159 3359 2215 3399 ab

1339 3421 1458 3461 initio
1479 3423 1736 3474 appellatam
1757 3423 1908 3463 scribit
1921 3432 1976 3462 ex
1994 3422 2215 3462 Nicandro

1339 3483 1543 3526 Fazellus.
1603 3486 1718 3536 Lege
1747 3485 1802 3525 de
1833 3483 1910 3526 hac
1931 3485 2045 3525 Flor.
2066 3484 2139 3525 lib.
2158 3494 2215 3527 ιι.
