2320 4004
573 305 838 346 vALERn
882 292 1662 343 MAXJMIIAB.1V.CAP.7.

198 435 331 482 serat,
351 429 424 483 qui
445 428 572 469 rebus
587 427 630 467 in
648 425 861 478 Hispania
877 436 1081 477 prospere

197 495 332 547 gestis
363 493 500 534 labem
535 493 816 542 imposuerat,
849 501 955 541 pace
985 501 1080 528 curn

199 558 368 599 Viriato
387 555 664 608 fugitivorum
682 553 794 593 duce
818 553 952 605 aequis
982 565 1081 592 con-

197 620 432 662 ditionibus
450 619 586 669 facta,
608 618 681 671 qui
710 616 866 657 deinde
885 615 1080 656 Viriatus

198 697 224 726 a
251 683 546 737 proditoribus
565 683 691 735 huius
719 680 889 722 Servilii
910 679 1079 732 Caepio-

193 748 260 789 nis
277 747 457 789 consilio
476 744 736 787 interfectus
765 749 850 795 est,
870 744 924 784 ab
957 754 1079 783 exer-

192 812 283 853 citu
302 823 376 852 suo
395 811 577 851 multum
597 809 861 861 deploratus,
880 819 932 848 ac
959 807 1078 848 nobi-

192 877 293 918 liter
328 877 538 928 sepultus,
571 875 639 915 vir
679 873 853 927 duxque
885 883 1079 924 magnus,

193 946 239 981 et
257 951 338 993 per
365 946 455 981 tres
486 945 531 979 et
560 937 714 991 viginti
744 948 895 987 annos,
924 935 1077 989 quihus

193 1015 289 1044 cum
306 1003 505 1044 Romanis
521 1001 632 1042 bella
644 999 864 1048 tractavit,
876 997 1076 1051 frequen-

192 1074 264 1108 ter
279 1067 486 1120 superior.
523 1065 653 1106 Hunc
674 1064 809 1117 igitur
828 1063 1076 1115 Caepionem

191 1131 234 1170 in
255 1131 427 1171 vincula
459 1129 704 1181 conjectum
722 1129 772 1168 L.
790 1127 1008 1179 Rhegiuus
1034 1127 1075 1166 vi

190 1194 347 1234 amoris
363 1194 570 1246 impulsus
588 1192 782 1233 custodia
798 1191 1015 1243 liberavit,
1030 1197 1077 1232 et

189 1255 305 1309 sugas
326 1256 385 1297 illi
405 1257 606 1298 comitem
626 1256 760 1298 dedit.
783 1256 933 1296 Oliver.
964 1256 1075 1296 Con-

189 1319 291 1371 tigit
313 1318 364 1360 Α.
378 1321 433 1361 U.
452 1330 642 1361 ncnvm.

247 1382 420 1423 Cimbris
436 1389 476 1424 et
493 1383 698 1435 Teutonis]
728 1380 950 1422 Adversus
971 1379 1074 1422 Gal-

190 1448 253 1487 los
286 1447 396 1486 male
429 1451 666 1499 pugnatum
699 1445 812 1486 dixit
845 1446 1074 1486 Sallustius

187 1512 231 1552 in
260 1510 346 1551 fine
376 1508 478 1551 belli
504 1510 781 1563 Jugurthini:
811 1510 882 1550 alii
914 1516 1073 1557 autem,

188 1580 238 1615 ut
258 1574 435 1615 Orosius
452 1581 496 1614 et
513 1573 746 1626 Eutropius
766 1573 931 1623 volunt,
948 1574 1073 1613 Man-

186 1642 289 1681 lium
309 1646 357 1682 et
374 1639 624 1692 Caepionem
643 1651 669 1678 a
689 1638 892 1688 Cimbris,
912 1639 1073 1679 Teuto-

187 1704 269 1753 nis,
290 1703 523 1757 Tigurinis,
553 1706 600 1743 et
626 1701 914 1743 Ambronibus
931 1702 1071 1743 victos

185 1766 321 1808 fuisse
340 1767 546 1808 scribunt.
592 1766 702 1809 Cum
730 1766 876 1819 itaque
897 1772 1072 1807 constet

182 1829 316 1872 fuisse
349 1830 544 1872 Cimbros
573 1837 619 1872 et
644 1831 863 1871 Teutonas
893 1830 1071 1871 Germa-

184 1904 278 1944 nos,
322 1893 546 1946 Tigurinos
604 1905 709 1934 vero
742 1898 789 1933 et
825 1892 1068 1933 Ambronas

183 1959 352 2012 Gallos,
369 1965 601 2012 utrumque
623 1971 767 2000 verum
789 1966 943 2000 contra
961 1959 1067 2001 Gal-

185 2023 250 2063 los
291 2029 338 2064 et
365 2024 607 2065 Germanos
638 2023 763 2064 simul
806 2024 919 2064 male
962 2036 1066 2076 pug-

181 2092 347 2127 natum.
403 2087 518 2130 Quin
548 2094 594 2128 et
627 2087 776 2128 Gallos
818 2101 916 2129 cum
953 2089 1066 2130 Ger-

180 2150 317 2191 manis
349 2161 432 2192 non
467 2152 600 2192 semel
631 2151 830 2193 confudit
863 2152 1065 2207 Antiqui-

183 2218 264 2255 188.

234 2276 534 2329 Sacrosanctus]
568 2277 823 2331 Inviolatus,
856 2292 953 2320 cum
988 2281 1062 2321 tri-

179 2341 318 2382 bunus
337 2341 475 2394 plebis
493 2347 625 2382 esset.

234 2408 258 2459 ξ
276 2409 303 2446 4
329 2405 530 2457 Licentia]
554 2406 780 2448 Facultate
800 2407 1008 2460 fugiendi.

234 2470 403 2510 Consilii
419 2470 604 2523 crimine]
634 2471 738 2511 Dati
758 2473 955 2513 Lucullo.

234 2535 439 2588 Theseum]
478 2534 633 2575 Filium
651 2535 773 2587 AEgei
794 2535 908 2588 regis
928 2536 1062 2578 Athe-

175 2609 341 2640 narum.

230 2660 425 2713 Pirithoi]
463 2659 606 2701 Amici
624 2660 708 2712 sui,
726 2661 800 2714 qui
830 2662 1060 2715 Proserpi-

174 2737 272 2766 nam
299 2724 472 2767 Cereris
489 2723 638 2773 filiam,
657 2730 700 2765 et
730 2725 838 2767 Orci
856 2739 935 2767 sen
953 2727 1059 2768 Plu-

172 2789 300 2842 tonis,
330 2789 374 2829 id
393 2793 477 2840 est,
495 2789 611 2840 regis
630 2787 892 2842 Inferorum,
911 2791 982 2844 (ut
993 2791 1057 2832 fa-

172 2853 284 2895 bulae
305 2854 562 2907 praedicant,
581 2858 626 2895 at
655 2855 727 2908 qui
761 2856 814 2896 ad
835 2857 1057 2899 historiam

174 2917 338 2959 referre
359 2919 522 2970 volunt,
540 2918 811 2960 contendunt
831 2922 945 2974 regis
964 2923 1059 2963 Mo·

167 2981 412 3035 lusson-nmo
422 2982 648 3035 conjugem
658 2982 902 3036 deperibat.
930 2986 1058 3027 Unde

169 3058 266 3087 cum
300 3057 354 3086 eo
380 3046 573 3086 Theseus
601 3047 654 3086 ad
688 3059 784 3087 eam
805 3051 1054 3101 rapiendam

169 3109 427 3161 descendit3
454 3110 528 3150 sed
559 3109 685 3151 ambo
703 3113 822 3164 capti
840 3114 1058 3169 dicuntur,

171 3177 217 3214 et
232 3172 428 3214 Theseus
450 3173 624 3214 tandem
654 3174 708 3215 ab
736 3175 930 3218 Hercule
947 3179 1055 3221 libe-

168 3242 302 3278 ratus.
329 3236 502 3278 Badius.
794 3246 797 3249 ·

227 3302 460 3343 Vulneribus
477 3302 622 3342 innexa
638 3303 822 3356 vulnera]
850 3306 961 3349 Quia
978 3320 1053 3361 ap.

170 3366 335 3419 plicata
365 3373 464 3408 sunt
496 3368 674 3408 vulnera
702 3372 915 3421 posterius
949 3375 1050 3414 caesi

169 3429 224 3470 ad
240 3430 414 3471 vulnera
445 3432 563 3484 prius
581 3433 697 3473 caesi.

225 3493 290 3546 §5
319 3493 464 3534 Lucius
480 3507 642 3548 quoque,
660 3498 747 3550 ξω]
787 3498 884 3540 Hoc
915 3502 1051 3543 conti·

170 3553 234 3609 git
253 3556 368 3598 civili
396 3556 527 3610 bello,
545 3559 657 3611 quod
689 3573 714 3600 a
733 3562 872 3603 Cinna
891 3569 937 3605 et
956 3566 1049 3606 Ma·

1889 291 2034 344 1157

1148 425 1224 474 rio,
1245 430 1343 477 post
1361 437 1509 466 eorum
1538 424 1730 472 exilium,
1757 422 1919 464 factum
1950 429 2033 475 est,

1145 499 1241 527 cum
1290 490 1557 530 Placentiam
1606 488 1755 528 urbem
1795 499 2034 540 expugnas-

1143 556 1256 591 sent.
1290 552 1442 592 Oliver.

1198 615 1436 667 Placentiae]
1478 617 1639 657 Civitas
1674 615 1831 656 Galliae
1871 621 2031 666 togatae

1143 677 1196 718 ad
1214 679 1413 720 Trebiam
1439 692 1625 733 amnem,
1645 681 1689 721 in
1710 679 1880 720 Padum
1908 678 2032 719 influ-

1142 746 1301 781 entem.

1198 806 1266 844 Ita
1283 804 1449 845 alterius
1464 806 1558 855 fato
1589 805 1913 857 magnanimitas,
1932 807 2032 846 alte-

1139 867 1226 907 rius
1240 869 1371 920 pietas
1382 882 1538 909 causam
1552 870 1740 922 praebm't]
1764 870 1843 911 'Ita
1855 871 1898 910 in
1914 871 2033 910 Win-

1139 932 1351 974 cheliano.
1408 934 1578 985 Vulgo:
1608 934 1786 975 Alterius
1806 934 1899 983 fato
1927 946 2035 974 vere-

1138 995 1295 1035 cundia.
1352 996 1481 1036 Prius
1499 997 1638 1036 multo
1660 998 1822 1038 melius.
1878 997 2031 1037 Voluit

1140 1059 1252 1099 enim
1282 1060 1391 1100 mori
1411 1060 1587 1112 Caelius,
1607 1073 1660 1101 ne
1688 1061 1729 1101 in
1749 1061 1936 1101 hostium
1958 1073 2011 1101 ve

1139 1124 1254 1164 niret
1275 1130 1538 1176 potestatem
1557 1138 1568 1165 ι
1601 1126 1926 1178 magnanimitas
1948 1126 2029 1177 igi-

1139 1194 1225 1237 tur,
1243 1202 1338 1242 quae
1357 1189 1513 1230 victori
1531 1192 1688 1231 victum
1706 1190 1925 1230 substerni
1944 1202 2029 1230 non

1138 1264 1265 1303 passa
1302 1259 1382 1305 est,
1418 1256 1568 1296 mortis
1617 1267 1788 1296 causam
1825 1254 2028 1307 praebuit.

1137 1317 1263 1368 Pigh.

1195 1383 1353 1435 Pietas]
1400 1385 1470 1425 Ne
1500 1383 1638 1424 amico
1672 1383 1940 1437 interempto
1959 1396 2027 1424 su-

1137 1448 1404 1498 pei-viveret.

1191 1515 1260 1566 §6
1289 1514 1471 1566 Mutina]
1513 1514 1668 1555 Galliae
1702 1512 1882 1565 'rogatae
1903 1513 2026 1565 oppi-

1137 1576 1253 1626 dum,
1274 1578 1403 1630 vulgo
1421 1590 1534 1618 nunc
1556 1577 1751 1617 Modona
1766 1582 1811 1616 et
1832 1576 2026 1616 Modena

1137 1641 1337 1682 vocitata.
1393 1643 1662 1682 Memoratur
1680 1640 1883 1693 Polybio,
1902 1640 2026 1680 Cice-

1135 1705 1243 1755 roni,
1264 1706 1401 1757 Livio,
1423 1706 1673 1756 Paterculo,
1691 1705 1910 1757 Straboni,
1929 1706 2024 1745 Me-

1133 1767 1203 1818 lae,
1224 1767 1384 1819 Plinio,
1404 1769 1664 1820 Ptolemaeo‚
1683 1768 1881 1820 aliisque.
1940 1768 2022 1808 Co-

1131 1830 1288 1872 loniam
1308 1830 1441 1873 fuisse
1471 1822 1758 1873 Romanorum
1779 1831 2023 1884 complures

1133 1899 1348 1936 testantur
1385 1901 1571 1937 autores.
1639 1897 1795 1938 Cicero
1827 1896 2021 1949 Philipp.

1130 1969 1174 1998 v.
1207 1958 1421 1999 Mutinam
1453 1959 1740 2001 firmissimam
1769 1967 1815 2001 et
1833 1961 2020 2012 splendi-

1128 2020 1348 2062 dissimam
1381 2023 1540 2076 Populi
1575 2024 1763 2065 Romani
1796 2024 2018 2065 Coloniam

1129 2085 1383 2136 appellavit.

1179 2150 1312 2190 Justae
1335 2149 1481 2203 poenoe]
1522 2150 1594 2192 Ob
1619 2149 1901 2192 interfectum
1923 2152 2017 2193 Cae-

1128 2225 1282 2254 sarem.

1181 2278 1333 2318 Fur-ari
1363 2277 1594 2329 conabatur]
1641 2278 1679 2318 A
1712 2283 1851 2319 morte
1884 2278 2014 2318 surri—

1128 2353 1250 2393 pere.
1303 2343 1435 2382 Justae
1467 2355 1590 2394 poenoe
1620 2342 1793 2382 debitum
1826 2342 2015 2394 spiritum

1127 2405 1300 2445 tenebris
1308 2406 1448 2455 furari
1479 2406 1715 2458 conabatur]
1759 2407 1868 2449 Quis
1888 2407 2013 2458 spiri-

1126 2475 1218 2512 tum
1231 2470 1431 2511 furatur?
1461 2483 1528 2511 me
1544 2472 1726 2524 arbitro,
1741 2484 1890 2524 parum
1909 2477 2013 2523 apte

1126 2535 1289 2576 dictum
1309 2542 1384 2576 aut
1413 2537 1635 2589 scriptum.
1693 2537 1746 2576 In
1769 2537 1922 2587 veteri,
1943 2536 2015 2585 fu-

1122 2601 1270 2641 nerari.
1300 2601 1366 2641 Ex
1387 2613 1472 2654 quo
1494 2601 1610 2641 bella
1627 2602 1882 2654 metaphora
1901 2601 2014 2640 erui·

1122 2677 1234 2716 mus,
1261 2664 1477 2716 foenerari,
1523 2666 1679 2705 lucrari
1719 2665 1928 2705 videlicet
1966 2669 2013 2706 et

1121 2729 1363 2781 producere
1382 2730 1436 2770 ad
1453 2736 1622 2782 tempus
1639 2729 1905 2770 latibuloillo
1925 2729 2012 2780 spi·

1121 2793 1251 2834 ritum
1271 2794 1434 2834 Brutus
1453 2794 1644 2835 volebat.
1674 2794 1845 2846 Lipsius.

1175 2857 1371 2908 Brutum]
1425 2858 1643 2908 Decium;
1690 2870 1789 2898 nam
1830 2858 2006 2897 Marcus

1120 2926 1277 2973 postea
1295 2922 1339 2960 in
1360 2922 1583 2962 Pharsalia
1601 2922 1748 2974 periit.

1174 2986 1197 3037 ξ
1217 2989 1241 3025 7
1271 2985 1336 3026 Ab
1360 2985 1432 3025 hoc
1449 2985 1628 3036 horrido]
1669 2985 1721 3025 In
1755 2985 1834 3025 hoc
1854 2984 2007 3025 ultimo

1118 3048 1452 3090 domesticorum
1499 3050 1699 3102 exemplo
1751 3050 2007 3090 charitatem

1118 3119 1164 3153 et
1195 3114 1572 3157 amicitiamLaelii
1600 3126 1697 3154 cum
1726 3113 1930 3165 Scipione
1959 3118 2005 3151 et

1116 3177 1326 3230 Agrippae
1348 3190 1445 3218 cum
1474 3178 1673 3230 Augusto
1700 3183 1850 3217 sancte
1866 3174 2004 3214 fideli·-

1116 3247 1272 3295 terque
1291 3242 1451 3282 cultam
1481 3242 1628 3282 multis
1646 3239 1843 3280 laudibus
1865 3239 2002 3278 extol·

1114 3308 1180 3348 lit.
1236 3307 1362 3348 Dicit
1381 3315 1523 3348 autem
1553 3319 1637 3346 non
1670 3317 1764 3345 esse
1783 3304 1837 3344 de
1857 3302 2002 3343 amici-

1115 3371 1193 3422 tia,
1225 3383 1321 3424 quae
1364 3370 1407 3410 in
1441 3370 1636 3411 tristibus
1669 3368 1795 3408 rebus
1825 3367 2000 3418 cognita

1111 3433 1262 3486 fuerit,
1280 3434 1459 3474 ulterius
1479 3432 1724 3482 dicendum,
1742 3430 1816 3469 sed
1845 3430 1898 3469 ad
1924 3430 1998 3482 ju-

1112 3498 1362 3538 cundiorem
1408 3497 1555 3536 stilum
1600 3494 1907 3545 revocandum,
1950 3499 2000 3534 ut

1112 3573 1206 3602 eam
1240 3571 1409 3615 quoque
1435 3557 1666 3599 amicitiam
1698 3569 2001 3602 commemore-
