2346 3996
553 300 819 344 VALERII
863 296 1105 338 MAX1MI
1150 296 1270 334 mn.
1300 295 1435 333 vm.
1474 292 1605 333 car.
1632 277 1720 331 11.

230 425 427 469 laudibus
447 421 544 464 olim
562 419 826 462 celebratam
855 425 1108 457 commemo-

231 494 302 531 rat
332 487 523 530 Plinius:
554 496 637 538 quo
671 481 839 531 alludit,
866 479 949 519 nisi
983 476 1112 518 vehe-

178 596 186 605 ,
228 557 398 592 menter
415 549 579 590 frustra
610 558 717 597 sum,
743 542 964 586 Ciceronis
991 542 1109 581 locus

230 616 277 656 in
306 620 490 655 oratore.
547 612 655 652 Eum
684 606 928 650 illustrandi
946 604 1111 646 Valerii

230 689 361 720 causa
390 676 501 717 haud
533 674 735 728 pigrabor
763 672 1003 724 subjicere:
1034 670 1045 690 ‘
1065 668 1111 708 Si

230 741 415 794 denique
431 740 572 792 pictor
591 738 662 778 ille
696 736 819 786 vidit,
847 747 943 775 cum
963 733 1110 773 immo-

229 803 358 844 landa
377 803 619 856 Iphigenia,
633 800 768 842 tristis
783 799 962 839 Calchas
980 800 1110 847 esset,

228 866 423 907 moestior
446 866 640 918 Ulysses,
655 867 857 904 moereret
873 859 1112 909 Menelaus,

229 929 546 971 obvolvendum
595 932 728 979 caput
779 922 1112 976 Agamemnonis

228 1004 340 1043 esse,
365 991 564 1045 quoniam
584 1000 792 1031 summum
810 988 928 1027 illum
948 987 1111 1026 luctum

227 1055 430 1108 penicillo
466 1066 550 1094 non
587 1057 732 1105 posset
770 1048 959 1091 imitari!
1024 1047 1110 1089 Sed

227 1118 331 1172 quid
362 1118 435 1158 illa
468 1115 764 1158 Ciceronianae
793 1113 1019 1166 elegantiae
1038 1113 1111 1153 ha-

229 1183 358 1223 beut:
408 1182 422 1204 ‘
454 1180 646 1221 moestior
683 1180 881 1232 Ulysses,
908 1182 1111 1218 moereret

227 1243 498 1286 Menelaus?
567 1243 697 1284 Dicat
747 1247 923 1295 oportet
958 1241 1110 1282 Cicero

226 1307 486 1349 moestiorem
507 1307 664 1358 Ulysse
697 1305 829 1346 fuisse
848 1305 1110 1346 Menelaum.

227 1372 330 1413 Siue
367 1371 482 1411 omni
519 1369 796 1411 cunctatione
832 1369 1111 1422 incongruam

227 1434 456 1488 purissimo
493 1433 695 1486 scriptori
732 1433 941 1473 maculam
979 1433 1110 1473 tollo:

228 1500 240 1522 ‘
257 1497 454 1539 Moestior
468 1497 623 1549 Ulysse
638 1502 840 1536 moereret
853 1495 1110 1536 Menelaus.'

228 1562 387 1602 Nonne
421 1566 468 1602 et
499 1560 699 1600 Valerius
751 1559 861 1600 dicit
911 1559 1110 1611 Ulyssem

227 1629 442 1676 moestum,
483 1624 731 1664 Menelaum
773 1624 1109 1663 lamentantem?

223 1686 352 1728 Adde
371 1693 418 1728 et
445 1687 657 1727 calculum
678 1685 921 1726 Plinianum
938 1699 950 1726 z
979 1686 993 1708 ‘
1012 1698 1108 1727 cum

223 1748 431 1801 moestos,'
457 1749 610 1802 inquit,
648 1750 662 1771 ‘
697 1748 909 1801 pinxisset
947 1761 1110 1802 omnes,

223 1813 444 1867 praecipue
463 1812 694 1866 patruum!
726 1815 854 1854 Celer.

276 1877 497 1918 Immolatoe
523 1875 765 1929 Iphigeniae]
793 1877 910 1918 Nota
943 1881 1011 1917 est
1044 1876 1109 1917 fa-

220 1940 339 1984 bula.
397 1941 505 1982 Cum
538 1941 685 1982 Graecl
718 1940 773 1980 ad
803 1939 1004 1987 Aulidem
1034 1953 1106 1981 ve·

222 2004 406 2057 nissent,
432 2003 729 2057 Agamemnon
756 2004 908 2045 Dianae
935 2015 1108 2045 cervam

221 2066 397 2120 ignarus
435 2068 613 2110 occidit.
676 2067 806 2108 Unde
843 2067 955 2108 irata
989 2069 1108 2120 Dea,

221 2129 352 2172 flatus
398 2136 628 2172 ventorum
682 2130 871 2172 sustulit.
947 2131 1109 2183 Quare,

221 2205 320 2234 cum
337 2194 544 2247 navigare
577 2206 659 2234 non
680 2200 868 2247 possent,
897 2199 943 2235 et
975 2195 1107 2247 pesti-

221 2256 400 2297 lentiam
432 2257 711 2308 sustinerent,
743 2257 939 2297 consulta
960 2270 1108 2298 oracu-

220 2320 265 2360 la
283 2319 501 2371 dixerunt,
534 2319 874 2372 Agamemnonio
903 2322 1107 2372 sanguine

220 2385 477 2437 placandam
498 2397 595 2426 esse
616 2385 815 2426 Dianam.
872 2386 990 2437 Ergo
1010 2397 1107 2426 cum

219 2448 276 2488 ab
295 2450 468 2503 Ulysse,
502 2462 578 2502 per
598 2449 842 2502 nuptiarum
877 2449 1106 2491 simulatio-

218 2523 336 2563 nem,
362 2512 810 2565 adducta-Iphigenia,
844 2513 947 2553 etin
968 2525 1019 2553 eo
1041 2525 1105 2553 es-

218 2579 303 2626 set,
331 2580 380 2626 ut
394 2575 701 2626 immolaretur,
728 2575 911 2615 numinis
931 2576 1105 2617 misera·

218 2639 338 2679 tione
358 2638 529 2680 sublata
545 2645 626 2689 est,
654 2644 699 2679 et
719 2646 848 2680 cerva
868 2642 1107 2694 supposita,

219 2702 430 2742 translata
444 2702 499 2743 ad
515 2703 738 2758 Tauricam
760 2704 999 2757 regionem,
1013 2706 1104 2758 regi

218 2763 409 2807 Thoanti
426 2766 588 2807 tradita
608 2773 692 2820 est,
707 2768 994 2822 sacerdosque
1014 2769 1104 2810 fac-

215 2835 264 2872 -ta
282 2832 462 2883 Dianae3
491 2832 561 2874 cui
582 2846 678 2874 cum
697 2834 881 2875 humano
897 2835 1104 2887 sanguine

215 2894 496 2946 sacrificaret,
525 2900 573 2938 et
607 2908 662 2936 ex
700 2898 838 2937 veteri
872 2905 1103 2939 consuetu-

215 2955 316 2997 dine
333 2959 712 3011 numenplacaret,
728 2961 905 3012 agnovit
921 2961 1102 3003 fratrem

217 3020 435 3072 Orestem,
465 3022 554 3074 qui,
583 3028 685 3074 post
713 3025 900 3065 occisam
921 3031 1102 3075 matrem

214 3089 262 3125 et
279 3083 523 3137 AEgisthum
552 3085 595 3125 in
616 3087 823 3128 ultionem
843 3089 996 3140 patris,
1014 3089 1101 3131 fac-

216 3150 287 3187 tus
307 3149 423 3200 exul,
442 3160 575 3201 regno
600 3151 760 3202 pulsus,
788 3156 1000 3204 raptaque
1021 3154 1100 3194 sibi

215 3209 455 3251 Hermione
485 3211 667 3264 conjuge
698 3224 723 3251 a
752 3213 939 3265 Pyrrho,
970 3213 1100 3255 furio·

214 3283 285 3311 sus
320 3271 473 3326 factus,
515 3285 699 3326 accepto
736 3277 927 3328 oraculo,
967 3278 1098 3330 depo-

215 3333 347 3377 nendi
379 3333 535 3376 furoris
561 3348 705 3388 causa,
737 3351 833 3378 cum
854 3340 991 3381 amico
1011 3342 1098 3393 Py-

206 3395 310 3435 -lade
348 3396 527 3438 Colchos
563 3400 763 3451 petierat,
803 3409 849 3443 et
887 3415 983 3444 cum
1019 3405 1099 3457 his,

215 3458 358 3498 occiso
386 3459 592 3512 Thoante,
620 3463 921 3507 simulachrum
955 3474 1097 3509 sustu-

205 3518 266 3561 lit
285 3519 581 3565 absconditum
602 3524 644 3565 iu
663 3524 778 3568 fasce
798 3528 1022 3583 lignorum,
1052 3539 1097 3572 et

1912 275 2053 329 1307

1175 425 1271 452 cum
1291 411 1428 453 fratre
1449 410 1614 451 Oreste
1634 407 1814 461 aufugit.
1845 407 1992 448 Oliver.

1229 475 1413 514 Moestum
1450 473 1649 527 Ulyssem]
1692 471 1778 516 Qui
1815 482 1894 523 per
1929 469 2058 510 falsas

1175 536 1354 577 Achillis
1386 540 1557 590 nuptias
1586 537 1856 589 impetratam
1877 546 1902 574 a
1920 538 2058 574 matre

1174 600 1445 653 Iphigeniam
1473 600 1527 641 ad
1562 606 1651 641 tam
1683 598 1857 640 crudele
1897 595 2059 637 sacrifi-

1174 667 1288 708 cium
1309 665 1448 706 duxit.
1472 666 1625 706 Oliver.

1231 729 1478 769 clamantem
1507 727 1690 780 Ajacem]
1717 726 1844 771 Quod
1876 727 2057 767 humano

1174 792 1383 843 sanguine
1402 792 1576 832 numina
1593 792 1884 844 placarentur.
1913 791 2039 830 Idem.

1228 855 1532 895 Lamentantem
1553 854 1793 905 Menelaum]
1825 852 1949 896 Quod
1987 866 2057 892 su-

1175 931 1244 959 um
1265 918 1431 958 videret
1450 930 1583 970 genus
1598 918 1826 958 immolari.
1853 918 1980 958 Idem.

1230 983 1360 1034 Caput
1371 981 1677 1034 Agamemnonis
1689 980 1931 1032 involvendo]
1945 981 2058 1023 Quia

1170 1046 1308 1098 patris
1329 1045 1521 1087 dolorem
1540 1045 1644 1086 satis
1662 1045 1790 1097 digne
1811 1046 2055 1096 exprimere

1172 1124 1259 1153 non
1274 1116 1440 1165 posset,
1455 1115 1576 1152 veste
1592 1111 1686 1164 ejus
1706 1116 1839 1162 caput
1858 1110 2056 1160 obduxit,

1173 1180 1226 1215 ut
1261 1174 1411 1215 animis
1442 1173 1658 1215 hominum
1690 1173 1827 1226 patris
1866 1173 2059 1213 dolorem

1174 1238 1504 1280 existimandum
1526 1239 1807 1291 relinqueret.
1837 1237 1962 1278 Idem.

1229 1304 1369 1355 Itaque
1383 1303 1542 1355 pictura
1560 1302 1644 1352 ejus
1654 1300 1864 1352 aruspicis,
1876 1305 1915 1340 et
1927 1301 2061 1352 antici,

1174 1371 1212 1408 et
1232 1367 1384 1416 ,fratris
1403 1366 1615 1419 lachrymis
1631 1364 1781 1417 madet]
1814 1363 1886 1405 Ita
1916 1366 2059 1417 vulgo.

1174 1430 1227 1470 In
1269 1429 1516 1471 Cauchiano
1547 1429 1718 1480 melius,
1750 1432 1789 1468 et
1833 1427 2058 1468 amicorum.

1173 1493 1371 1546 Ulyssem
1384 1504 1566 1546 namque
1583 1497 1630 1532 et
1643 1491 1822 1544 Ajacem
1839 1490 2058 1543 intelligit.

1173 1556 1361 1608 Pighius.

1224 1619 1452 1672 Aruspicis]
1481 1619 1744 1661 Calchantis.

1226 1684 1407 1736 Fran-is]
1447 1681 1653 1736 Menelai,
1690 1683 1764 1737 qui
1798 1681 1933 1723 frater
1967 1687 2060 1723 erat

1171 1746 1524 1800 Agamemnonis.

1225 1813 1248 1863 ς
1278 1814 1304 1850 7
1331 1812 1478 1863 Aeque,
1507 1811 1594 1863 ξω]
1637 1811 1750 1852 Sunt
1789 1810 1861 1865 qui
1899 1814 2058 1862 putant

1169 1874 1284 1914 hunc
1317 1872 1451 1914 fuisse
1489 1873 1705 1926 Apellem,
1742 1873 1798 1914 de
1835 1886 1918 1926 quo
1954 1874 2060 1915 satis

1171 1936 1335 1978 dictum
1372 1941 1453 1978 est.
1524 1937 1629 1989 Sed,
1665 1943 1779 1978 teste
1830 1938 1946 1978 Plin.
1982 1938 2059 1979 lib.

1172 2012 1322 2041 xxxv.
1342 2013 1380 2042 c.
1397 2004 1463 2042 10.
1491 1999 1574 2042 fuit
1594 2002 1799 2054 Nealces,
1827 2007 1872 2042 et
1890 2003 1932 2042 in
1951 2015 2059 2044 cane

1170 2065 1387 2118 pingendo
1404 2066 1694 2118 Protogenes,
1710 2068 1765 2108 de
1784 2082 1867 2122 quo
1886 2069 1948 2110 sic
1967 2070 2055 2110 ait:

1167 2128 1179 2150 ‘
1202 2129 1472 2181 Protogenes
1505 2135 1596 2170 turn
1630 2129 1788 2175 floruit.
1843 2133 1997 2174 Patria
2016 2135 2058 2174 ei

1169 2193 1357 2244 Caunus,
1403 2193 1544 2244 gentis
1583 2195 1764 2236 Rhodiis
1819 2196 2060 2249 subjectae:

1168 2255 1306 2296 Paulo
1344 2255 1472 2308 infra,
1514 2257 1587 2298 ubi
1638 2259 1828 2312 loquitur
1867 2261 1923 2301 de
1961 2260 2058 2312 ejus

1168 2321 1368 2373 picturas
1398 2322 1514 2362 ‘Est
1544 2322 1586 2362 in
1615 2335 1667 2364 ea
1692 2325 1809 2365 canis
1828 2325 1934 2365 mire
1964 2324 2056 2366 sac-

1169 2389 1254 2434 tus,
1288 2390 1339 2424 ut
1375 2396 1502 2437 quem
1542 2386 1708 2437 pariter
1741 2400 1865 2428 casus
1903 2394 1950 2429 et
1984 2401 2055 2430 ars

1165 2446 1358 2490 finxerit.
1389 2449 1430 2489 N
1436 2461 1490 2489 on
1502 2449 1735 2508 judicabat
1748 2464 1794 2491 se
1809 2453 2054 2505 exprimere

1166 2511 1210 2550 in
1233 2523 1285 2551 eo
1304 2523 1497 2563 spumam
1516 2514 1757 2556 anhelantis
1784 2529 1928 2568 posse,
1955 2530 2054 2559 curn

1167 2573 1212 2614 in
1234 2575 1398 2627 reliqua
1418 2577 1532 2616 omni
1552 2584 1692 2630 parte,
1720 2579 1834 2632 quod
1854 2579 2054 2621 difficilli-

1165 2650 1280 2678 mum
1326 2644 1437 2690 erat,
1479 2640 1562 2680 sibi
1608 2641 1704 2694 -ipse
1754 2642 2052 2685 satisfecisset.

1164 2701 1438 2754 Displicebat
1458 2710 1603 2744 autem
1637 2717 1705 2746 ars
1735 2706 1848 2759 ipsa,
1875 2719 1956 2748 nec
1974 2708 2053 2748 mi-

1164 2765 1238 2806 nui
1275 2770 1462 2818 poterat,
1491 2772 1538 2808 et
1569 2767 1802 2810 videbatur
1833 2770 1965 2811 nimia
1999 2784 2051 2813 ac

1164 2829 1327 2880 longius
1350 2841 1378 2869 a
1397 2829 1583 2871 veritate
1608 2830 1852 2886 discedere,
1879 2846 2052 2887 spuma-

1163 2905 1245 2945 que
1282 2893 1358 2933 illa
1399 2893 1542 2946 pingi,
1571 2906 1656 2935 non
1685 2897 1823 2937 *nasci
1855 2909 1911 2938 ex
1949 2910 2052 2949 ore;

1164 2955 1289 2995 anxio
1310 2956 1440 2996 animi
1459 2957 1670 3010 cruciatu,
1697 2970 1792 3000 cum
1820 2960 1864 3000 in
1882 2961 2050 3013 pictura

1163 3031 1311 3059 verum
1350 3031 1445 3060 esse
1494 3032 1580 3060 non
1629 3023 1865 3063 verisimile
1901 3025 2050 3076 vellet,

1161 3082 1426 3124 absterserat
1438 3083 1610 3137 saepius,
1629 3091 1955 3139 mutaveratque
1972 3100 2048 3139 pe-

1160 3145 1368 3198 nicillum,
1388 3148 1505 3189 nullo
1525 3149 1652 3189 modo
1672 3149 1755 3189 sibi
1776 3150 2046 3201 approbaus;

1153 3216 1381 3263 ,postremo
1401 3211 1537 3252 iratus
1565 3212 1662 3263 arti,
1691 3212 1805 3264 quod
1833 3213 2047 3265 intellige-

1160 3279 1296 3324 retur,
1325 3274 1548 3326 spongiam
1578 3273 1760 3325 impegit
1786 3274 1923 3314 inviso
1950 3277 2045 3315 loco

1159 3337 1337 3388 tabulae,
1365 3350 1421 3377 ex
1458 3337 1619 3389 illaque
1651 3337 1845 3387 reposuit
1878 3337 2042 3379 ablatos

1159 3400 1338 3451 colores,
1366 3399 1552 3452 qualiter
1571 3409 1678 3438 cura
1707 3404 1950 3451 optaverat,
1975 3395 2043 3441 'se-

1162 3463 1308 3516 citque
1341 3462 1385 3502 in
1417 3461 1586 3513 pictura
1619 3459 1792 3499 fortuna
1829 3467 2042 3504 naturam.

1159 3526 1256 3567 Hoc
1276 3526 1475 3578 exemplo
1496 3522 1645 3565 similis
1662 3528 1706 3563 et
1723 3523 1763 3565 N
1768 3526 1931 3567 ealcem
1948 3539 2042 3572 suc·
