2320 4004
554 312 816 355 vALERu
857 311 1097 350 MAX1M1
1143 313 1264 351 ma.
1302 311 1385 350 lv.
1426 311 1564 351 CAP.
1590 296 1642 350 1.

183 448 244 484 se,
272 447 394 490 quam
413 434 766 485 moderationem,
778 441 862 471 non
875 430 1061 483 puniisse

179 500 529 552 delinquentem3
564 510 662 537 nam
706 508 760 536 ex
806 494 1064 547 impunitate

189 564 329 615 maj0r
355 563 548 602 nascitur
565 560 775 614 peccandi
797 559 992 609 licentia,
1020 561 1067 598 et

182 630 418 678 propterea
444 625 573 665 Plato
609 625 755 664 dicere
785 622 932 663 solitus
961 626 1068 672 erat,

180 688 396 728 nemiuem
444 688 701 740 prudentem
746 686 918 739 punire,
969 685 1068 738 qnia

180 755 410 803 peccatum
448 750 520 802 sit,
565 751 640 791 sed
680 763 734 791 ne
772 755 978 803 peccetur
1024 749 1069 788 in

181 818 418 866 posterum.
486 815 586 855 Non
626 827 730 866 ergo
773 819 952 866 propter
992 813 1069 853 irae

183 877 523 929 magnitudinem
556 878 609 918 ab
642 877 838 930 Archyta
873 875 1072 917 donanda

185 947 279 981 erat
297 941 442 981 villico
461 954 600 994 poena,
629 942 703 982 sed
735 940 999 991 differenda3
1027 945 1072 981 et

187 1009 291 1045 tunc
310 1011 431 1045 recte
462 1006 698 1046 moderatio
733 1005 817 1046 dici
849 1004 1073 1056 potuisset,

191 1070 336 1111 sicum
355 1068 508 1110 fuisset
521 1069 671 1121 iratus,
688 1069 880 1109 dedisset
894 1069 969 1108 irae
986 1080 1072 1108 suae

189 1132 392 1185 spatium,
403 1138 453 1173 ut
471 1132 688 1173 residente
703 1145 782 1186 per
800 1132 1074 1173 intervallum

189 1196 395 1249 temporis
414 1197 543 1237 animi
563 1201 749 1248 tumore,
776 1196 956 1236 haberet
986 1208 1074 1236 mo·

191 1261 292 1302 dum
333 1260 576 1313 castigatio.
632 1261 780 1302 Quare
816 1260 986 1311 melius,
1027 1265 1074 1300 ut

187 1324 331 1377 inquit
375 1324 593 1372 Valerius,
647 1322 802 1364 fecisse
853 1322 1076 1362 videretur

191 1388 338 1437 Plato,
375 1388 450 1441 qui
488 1400 573 1428 non
609 1387 914 1427 remittendum
949 1398 1076 1426 servo

191 1451 466 1504 supplicium,
511 1451 587 1492 sed
634 1451 690 1490 ab
731 1452 868 1490 altero
904 1450 1077 1490 minime

197 1516 453 1568 perturbato
467 1515 737 1556 inferendum
751 1527 844 1555 esse
849 1514 1077 1567 judicavit.

200 1579 353 1620 Oliver.

246 1642 483 1695 Speusippo]
523 1643 652 1683 Plato
687 1641 896 1683 Aristone
939 1646 1079 1695 patre,

196 1711 336 1746 matre
354 1705 604 1746 Perictiona
631 1705 721 1746 sive
743 1705 929 1756 Potona,
951 1705 1081 1746 Athe-

194 1770 261 1809 nis
283 1773 408 1809 natus
427 1775 510 1809 est.
565 1769 710 1809 Mater
731 1768 930 1810 asmone
949 1779 1082 1819 genus

119 1884 121 1886 .
196 1832 338 1875 duxit.
394 1833 643 1874 Aristonem
693 1845 796 1875 vero
841 1838 1010 1886 patrem
1056 1846 1082 1873 a

197 1897 340 1939 Codro
358 1897 575 1937 Melantbi
589 1896 677 1937 filio
696 1897 903 1949 originem
923 1896 1080 1937 ducere

202 1960 397 2012 tradunt,
425 1961 499 2013 qui
518 1972 543 2000 a
563 1961 769 2012 Neptuno
801 1960 952 2000 itidem
986 1973 1082 2002 san·

198 2023 369 2076 guinem
395 2024 581 2071 trahere,
599 2024 824 2077 Thrasyllo
846 2030 974 2076 teste,
993 2036 1081 2065 me-

196 2094 406 2141 moratur,
453 2089 523 2137 cui
554 2089 822 2143 Speusippus
857 2090 1084 2142 successit,

199 2153 534 2206 Eurymedontis
589 2153 719 2203 filius,
790 2154 1083 2206 Atheniensis,

200 2229 314 2270 pago
330 2218 657 2271 Myrrhinusius,
669 2227 715 2258 et
728 2218 923 2259 Platonis
938 2230 1083 2258 sorore

199 2286 346 2332 natus,
375 2281 447 2334 qui
465 2280 625 2321 fratres
643 2280 792 2321 habuit
808 2280 1083 2320 Adimantum

203 2349 250 2384 et
268 2343 551 2395 Glauconem,
578 2344 854 2395 sororemque
873 2343 1087 2383 Potonam

203 2408 353 2449 matris
373 2407 638 2460 cognomine,
651 2407 705 2447 de
721 2419 804 2460 qua
823 2407 1087 2459 Speusippus

204 2473 292 2525 hic,
338 2473 462 2526 cujus
503 2485 616 2512 nunc
652 2473 848 2512 Valerius
882 2472 1090 2512 meminit.

204 2534 357 2576 Tradit
403 2536 660 2576 Heraclides
708 2537 932 2576 Platonem
980 2535 1089 2575 adeo

207 2597 632 2648 verecundum,adeo
648 2604 792 2638 mente
806 2597 1091 2648 compositum

205 2664 351 2716 fuisse,
382 2670 431 2705 ut
466 2676 678 2717 nunquam
713 2664 869 2715 ridere,
896 2664 978 2703 nisi
1004 2675 1092 2702 mo·

206 2727 320 2779 dice,
348 2726 639 2780 deprehensus
659 2727 731 2768 sit.
789 2728 986 2778 Ingresso
1017 2726 1094 2767 ali-

207 2790 379 2846 quando
390 2792 644 2842 Xenocrati,
657 2791 803 2841 Caede,
815 2792 973 2844 inquit,
982 2792 1094 2832 hunc

209 2866 404 2907 puerum,
422 2866 520 2894 nam
553 2854 665 2906 ipse,
697 2854 809 2906 quod
834 2853 968 2894 iratus
989 2867 1096 2906 sum,

210 2919 369 2960 nescim
425 2917 605 2959 Cuidam
644 2918 748 2959 item
782 2930 996 2959 servorum
1018 2919 1094 2959 de-

210 2980 440 3034 linquenti,
461 2981 575 3032 Jam,
604 2981 757 3032 inquit,
779 2987 823 3022 te
845 2982 1095 3023 verberibus

213 3043 511 3094 concidissem,
543 3044 624 3084 nisi
651 3045 784 3084 iratus
803 3057 955 3087 essem.
1009 3047 1097 3087 Hic

213 3107 415 3148 dissentit
451 3118 477 3147 a
505 3107 685 3147 Valerio
720 3108 937 3160 Diogenes
968 3109 1096 3149 Laer-

216 3171 317 3223 tius,
344 3183 397 3212 eo
427 3171 554 3211 etiam
588 3171 702 3224 quod
738 3183 822 3211 non
856 3173 1097 3225 Speusippo

214 3245 382 3275 servum
431 3235 707 3286 puniendum,
745 3235 820 3275 sed
859 3236 1098 3276 Xenocrati

215 3298 422 3338 traditum
441 3297 566 3348 dixit,
593 3298 706 3351 quod
727 3298 993 3339 verisimilius
1020 3306 1101 3340 est.

220 3359 334 3400 Nam
363 3361 648 3413 Speusippus,
683 3367 732 3401 ut
764 3362 826 3401 ait
864 3362 1101 3415 Diogenes,

223 3423 415 3474 perstitit
446 3424 616 3477 quidem
648 3425 764 3466 intra
785 3426 977 3466 Platonis
997 3427 1100 3480 dog-

223 3491 354 3534 mata,
373 3487 455 3526 etsi
485 3488 673 3528 moribus
701 3489 864 3529 eisdem
894 3501 978 3530 non
1005 3490 1103 3544 fuit,

223 3559 404 3602 namque
423 3555 468 3592 et
482 3550 724 3606 iracundus,
739 3559 786 3595 et
811 3554 1101 3607 voluptatibus

1855 294 1995 351 11:31.

1122 430 1300 470 dederat
1318 442 1482 470 manus.
1516 430 1668 469 Oliver.

1177 494 1418 545 Xenocrate]
1464 493 1651 534 Auditor
1684 491 1752 531 hic
1790 489 2001 540 Platonis,

1125 557 1196 608 qui
1229 557 1468 608 Speusippo
1501 555 1724 605 successit,
1766 559 1813 593 et
1850 553 2006 605 viginti

1125 619 1314 671 quinque
1352 631 1483 658 annos
1525 618 1687 658 docuit.
1743 616 1831 657 Hic
1870 616 2008 668 primo

1127 682 1301 734 ingenio
1321 680 1404 721 fuit
1420 682 1628 733 obtusior,
1662 681 1770 721 adeo
1801 686 1850 720 ut
1888 680 2009 719 illum

1129 744 1383 794 calcaribus,
1413 745 1691 785 Aristotelem
1726 745 1863 784 fraeno
1898 743 2011 783 indi·

1131 820 1232 861 gere
1251 807 1413 848 dixerit
1432 808 1578 848 Plato.
1632 809 1917 860 Voluptatum
1945 817 2012 846 se-

1131 871 1375 912 verissimus
1410 869 1495 910 fuit
1511 871 1660 910 hostis.
1716 872 1858 910 Etiam
1881 869 2015 910 Alex·

1131 935 1254 976 andri
1273 947 1491 975 munerum
1512 940 1802 986 contemptor.
1856 935 2016 974 Testes

1131 1001 1351 1053 Diogenes
1372 1000 1572 1040 Laertius
1592 1006 1636 1040 et
1656 1000 1824 1039 Suidas.

1186 1066 1292 1107 Arce
1309 1065 1472 1116 caelesti]
1513 1063 1682 1104 Alludit
1727 1064 1779 1103 ad
1816 1062 2014 1103 haeresim

1133 1131 1347 1183 Platonis,
1377 1130 1596 1172 afferentis
1628 1124 1788 1169 animas
1830 1130 1876 1169 in
1905 1128 2018 1168 coelo

1133 1194 1354 1248 formatas,
1369 1202 1600 1249 antequam
1617 1195 1660 1235 in
1675 1205 1856 1247 corpora
1870 1191 2022 1233 demit-

1135 1266 1296 1302 tantur.
1325 1261 1496 1301 Badius.

1189 1324 1392 1377 Incursus]
1420 1323 1615 1376 Impetus
1643 1321 1845 1363 vitiorum
1876 1321 2023 1361 buma-

1137 1398 1305 1430 norum.

1190 1451 1291 1495 Sina
1310 1448 1480 1503 clausos]
1509 1449 1747 1502 Complexu
1768 1460 1854 1490 suae
1876 1444 2023 1488 altitu·

1138 1514 1266 1558 dinis.

1200 1580 1265 1631 §3
1288 1579 1546 1631 Nequaquam
1579 1576 1759 1628 Platoni]
1800 1576 1886 1617 Hic
1910 1575 2025 1617 Dion

1138 1642 1371 1695 Hipparini
1398 1642 1523 1694 filius,
1541 1641 1677 1682 nobili
1704 1653 1863 1693 genere
1882 1646 2027 1691 natus,

1138 1713 1323 1760 utraque
1344 1705 1582 1757 implicitus
1610 1705 1840 1757 tyrannide
1859 1704 2026 1755 Diony-

1140 1770 1297 1810 siorum
1317 1782 1330 1821 ;
1350 1781 1537 1822 namque
1553 1769 1624 1808 ille
1644 1768 1839 1821 superior
1854 1767 2027 1809 Aristo-

1140 1834 1336 1875 machem
1357 1845 1546 1874 sororem
1565 1832 1721 1873 Dionis
1752 1832 1907 1873 habuit
1924 1845 2029 1872 uxo-

1142 1910 1251 1949 rem,
1270 1910 1326 1938 ex
1343 1909 1430 1951 qua
1462 1896 1568 1937 duos
1594 1897 1703 1937 filios
1736 1897 2030 1950 Hipparinum

1143 1968 1190 2004 et
1225 1963 1426 2003 Nisseum
1467 1962 1731 2015 procreavit,
1766 1961 2032 2015 totidemque

1142 2026 1271 2079 filias,
1302 2027 1474 2067 nomine
1499 2026 1816 2079 Sophrosynem
1847 2030 1891 2066 et
1919 2024 2035 2066 Are-2

1145 2096 1249 2143 tem,
1267 2103 1447 2144 quarum
1468 2101 1593 2130 unam
1611 2090 1820 2142 Dionysio
1850 2089 1955 2141 filio,
1972 2090 2033 2129 ei-

1146 2155 1245 2196 dem
1283 2155 1353 2196 cui
1393 2166 1571 2206 regnum
1608 2154 1798 2207 reliquit,
1853 2158 2034 2205 nuptum

1147 2220 1288 2267 dedit,
1313 2220 1495 2259 alteram
1517 2219 1693 2259 Aretem
1711 2218 1860 2270 Dioni,
1879 2217 1951 2271 qui
1971 2218 2036 2257 in-

1149 2283 1277 2324 timus
1308 2283 1523 2335 Dionysio
1559 2281 1659 2322 fuit.
1719 2281 1805 2322 Hic
1826 2283 1961 2322 multa
1989 2287 2036 2321 et

1150 2347 1235 2387 alia
1259 2346 1410 2386 habuit
1442 2358 1467 2385 a
1499 2351 1656 2386 natura
1685 2345 1813 2397 bona,
1843 2345 1886 2385 in
1905 2345 1970 2384 his
1992 2351 2038 2385 et

1150 2411 1366 2463 ingenium
1387 2409 1539 2450 docile.
1598 2410 1706 2450 Cum
1733 2410 1866 2461 igitur
1887 2410 2036 2451 Plato-

1151 2487 1248 2515 nem
1266 2476 1497 2515 Tarentum
1523 2475 1707 2525 venisse,
1726 2474 1842 2514 fama
1861 2480 1977 2515 esset
1993 2475 2036 2514 in

1154 2539 1342 2579 Siciliam
1376 2539 1558 2590 perlata,
1588 2538 1851 2579 adolescenti
1877 2551 2038 2591 negare

1155 2615 1240 2643 non
1274 2604 1421 2654 potuit
1445 2602 1693 2654 Dionysius,
1726 2603 1826 2655 quin
1847 2615 1942 2643 eum
1972 2617 2042 2643 ac-

1156 2674 1378 2717 cerseret3
1419 2666 1487 2707 cui
1520 2678 1565 2706 se
1601 2667 1713 2706 Dion
1743 2667 1938 2718 tradidit,
1958 2680 2039 2708 nec

1159 2743 1260 2771 vero
1281 2731 1417 2770 minus
1453 2731 1578 2771 Plato
1598 2730 1841 2771 delectatus
1875 2737 1943 2771 est
1961 2732 2042 2772 Di·

1157 2806 1253 2836 one.
1297 2795 1450 2848 Itaque
1466 2807 1562 2835 cum
1581 2807 1606 2834 a
1627 2795 1837 2847 Dionysio
1857 2800 2042 2847 tyranno

1160 2858 1398 2899 crudeliter
1455 2859 1638 2898 violatus
1695 2864 1827 2910 esset,
1881 2858 2042 2912 quippe

1161 2934 1285 2975 quem
1306 2922 1542 2961 venundari
1557 2921 1706 2974 jussit,
1726 2927 1870 2962 tamen
1890 2921 2043 2962 eodem

1161 2985 1306 3037 rediit,
1339 2984 1534 3037 ejusdem
1566 2985 1718 3025 Dionis
1748 2985 1950 3037 precibus
1969 2985 2044 3025 ad-

1161 3049 1330 3090 ductus,
1386 3049 1567 3089 Interim
1598 3050 1642 3089 in
1670 3049 1865 3089 morbum
1892 3048 2046 3089 incidit

1161 3113 1413 3165 Dionysius,
1428 3125 1512 3165 quo
1527 3125 1622 3152 cum
1637 3113 1809 3165 gravius
1823 3111 2044 3152 conflicta-

1161 3182 1296 3227 retur,
1308 3176 1508 3228 quaesivit
1522 3188 1547 3216 a
1561 3175 1739 3216 medicis
1754 3176 1887 3225 Dion,
1899 3187 2046 3227 quem-

1163 3240 1388 3280 admodum
1422 3252 1468 3280 se
1501 3239 1713 3289 liaberet3
1739 3239 1951 3290 simulque
1971 3249 2045 3293 pe-

1165 3303 1234 3344 tiit
1257 3303 1311 3343 ab
1331 3304 1411 3354 bis,
1427 3303 1462 3343 si
1482 3302 1595 3344 forte
1615 3302 1761 3355 majori
1776 3307 1891 3340 esset
1911 3301 1952 3340 in
1970 3313 2045 3353 pe·

1163 3366 1313 3418 riculo,
1333 3372 1380 3407 ut
1401 3366 1480 3407 sibi
1513 3365 1782 3412 faterentur3
1815 3376 1913 3403 nam
1932 3365 2046 3404 velle

1163 3443 1210 3471 se
1229 3443 1325 3471 cum
1356 3443 1406 3471 eo
1424 3431 1610 3483 colloqui
1630 3430 1683 3469 de
1703 3428 1929 3481 partiendo
1948 3441 2047 3481 reg·

1164 3507 1236 3545 no,
1257 3494 1370 3547 quod
1392 3494 1549 3534 sororis
1579 3505 1665 3533 suae
1683 3492 1790 3532 filios
1807 3505 1862 3532 ex
1882 3492 1954 3533 illo
1971 3505 2045 3533 na-

1167 3565 1232 3600 tos
1252 3565 1418 3612 partem
1449 3558 1571 3611 regni
1600 3549 1780 3611 putabat
1795 3557 1953 3598 habere
1973 3557 2045 3598 de-
