2346 3996
379 285 522 338 1324

376 417 444 457 cia
463 417 788 469 incompositum
817 431 1055 470 aggressus,
1084 431 1136 459 ne
1155 432 1259 460 nun-

377 482 482 522 tium
503 482 675 535 quidem
705 483 837 522 cladis
867 484 1070 537 reliquit3
1100 485 1262 525 brevis-

374 545 480 584 simo
501 550 695 596 tempore
715 546 842 586 militi
862 547 916 586 ad
938 548 1127 600 requiem
1143 549 1259 600 dato,

374 608 522 648 eadem
543 614 672 648 nocte
691 610 849 661 raptim
868 609 1023 650 famam
1046 612 1106 651 rei
1127 618 1258 663 gestae

372 685 649 725 praegressus,
680 674 818 713 altera
843 686 989 714 eorum
1022 681 1164 716 castra
1194 677 1256 716 in-

371 737 498 787 vasit,
519 737 578 775 ita
596 737 660 776 bis
680 737 805 776 simili
823 749 922 776 usus
943 744 1118 786 eventu,
1139 739 1255 779 dele-

372 799 426 838 tis
464 799 690 851 utrobique
722 799 883 850 Poenis,
920 812 1046 851 poene
1080 802 1254 842 amissas

371 863 531 914 populo
586 864 710 904 Rom.
763 864 994 915 Hispanias
1048 866 1252 907 restituit.

376 925 482 965 Oliv.

423 990 578 1029 Ducem
594 989 788 1040 legemmt]
819 990 1055 1042 Elegerunt
1083 992 1108 1031 d
1117 1005 1250 1034 ucem.

368 1053 554 1093 Senatus
590 1058 732 1093 tamen
773 1066 858 1092 non
896 1055 1171 1106 approbavit,
1197 1069 1248 1095 eo

368 1117 482 1170 quod
512 1129 601 1160 non
645 1117 749 1157 satis
790 1117 984 1158 modeste
1024 1119 1248 1159 victoriam

366 1193 485 1220 suam
505 1180 559 1220 ad
581 1193 676 1220 eum
693 1182 938 1233 scripserat.
967 1183 1074 1222 Bau.

420 1246 443 1296 ς
477 1248 526 1284 12
568 1245 732 1291 Merito,
766 1245 854 1296 ξω]
902 1245 1099 1296 Contigit
1134 1258 1246 1286 anno

367 1308 484 1348 urbis
505 1319 734 1348 Dcxxxffi.

417 1372 553 1411 Libris
581 1371 807 1425 Sibyllinis]
837 1372 952 1413 Quid
988 1372 1042 1412 de
1075 1373 1246 1425 Sibyllis

360 1441 494 1489 atque
531 1436 764 1476 earundem
812 1436 932 1475 libris
975 1437 1244 1476 sentiendum

363 1501 435 1553 sit,
465 1500 561 1541 vide
591 1501 729 1541 Notas
755 1501 807 1541 ad
839 1502 1085 1541 Sallustium
1108 1514 1148 1554 p.
1175 1506 1243 1542 25.

363 1570 408 1604 et
430 1568 496 1604 26.

415 1629 499 1668 Per
517 1630 768 1682 decemviros]
807 1629 894 1673 Qui
914 1629 1162 1671 Decemviri
1180 1631 1243 1671 Si-

361 1692 510 1745 byllini
532 1693 814 1734 vocabantur.

420 1756 694 1808 Verticordiae]
709 1758 816 1799 Qnae
832 1757 1140 1809 impudicarum
1152 1770 1241 1798 mu-

356 1820 511 1860 lierum
544 1821 674 1861 corda
705 1821 759 1861 ab
788 1821 967 1862 libidine
1001 1822 1052 1861 ad
1074 1823 1240 1874 pudici-

359 1883 463 1923 tiam
483 1889 648 1925 vertere
669 1885 930 1926 credebatur
948 1899 958 1935 ;
987 1899 1084 1926 nam
1103 1899 1126 1928 a
1147 1900 1241 1927 ver-

359 1948 489 1988 tendo
528 1949 658 1989 corde
694 1950 968 1990 Verticordia
1009 1951 1127 1991 dicta
1171 1957 1240 1992 est

358 2013 517 2053 Venus.
568 2013 673 2054 Oliv.
753 2014 917 2055 Veneris
965 2015 1238 2068 Verticordioe]

356 2077 428 2116 De
458 2077 536 2116 hac
567 2077 697 2117 Ovid.
728 2078 844 2118 Fast.
872 2091 939 2119 1v.
966 2079 1163 2120 Lutatius
1183 2081 1238 2120 ad

354 2140 457 2180 illud
479 2140 603 2181 Statii
619 2142 694 2181 lib.
716 2153 758 2181 v.
781 2144 794 2164 ‘
813 2143 870 2182 Et
898 2142 1058 2184 Idalias
1087 2145 1239 2196 procul

356 2205 575 2257 ablegasse
595 2205 819 2246 volucres.'
865 2207 1021 2247 Similis
1048 2209 1237 2260 appella·

356 2269 484 2309 tionis
505 2270 650 2310 Venus
686 2269 799 2321 apud
830 2270 1008 2311 Graecos
1038 2270 1138 2324 fuit,
1159 2271 1236 2312 sed

356 2345 439 2373 non
459 2333 605 2373 similis
625 2333 877 2385 potestatis:
910 2346 1007 2374 nam
1025 2335 1238 2388 Ἀποστρο-

354 2396 444 2448 φίαν
488 2397 706 2449 dixerunt,
753 2397 807 2437 de
851 2409 935 2450 qua
980 2399 1236 2440 Pausanias.

361 2462 490 2501 coler.

408 2526 523 2565 Ex'r.
551 2526 617 2578 §1
649 2525 912 2580 Pythagorae,
942 2527 1031 2580 ξω]
1070 2528 1137 2568 De
1156 2528 1235 2570 hac

354 2589 618 2642 Pythagorae
643 2593 921 2634 veneratione
941 2594 1095 2634 Cicero
1113 2594 1186 2634 lib.
1204 2606 1238 2634 1.

355 2653 410 2694 de
428 2655 596 2695 Natura
612 2656 747 2696 Deor.
795 2662 807 2679 ‘
825 2657 923 2698 Non
944 2659 1070 2709 sunt,'
1084 2659 1237 2712 inquit,

352 2717 366 2738 ‘
390 2723 474 2757 tam
495 2725 693 2759 auctores
727 2720 770 2759 in
806 2720 1081 2772 disputando,
1110 2734 1236 2775 quam

356 2781 534 2822 rationis
567 2789 783 2823 momenta
802 2783 1062 2836 quaerenda3
1093 2786 1238 2838 quine-

354 2847 458 2886 tiam
480 2845 599 2886 obest
619 2847 869 2900 plerumque
881 2847 962 2898 his,
976 2849 1049 2900 qui
1070 2848 1237 2890 discere

351 2913 515 2963 volunt,
548 2913 780 2953 auctoritas
809 2925 955 2952 eorum
988 2914 1062 2967 qui
1094 2927 1139 2954 se
1160 2915 1236 2955 do·

351 2988 453 3017 cere
468 2975 740 3028 profitentur.
762 2977 978 3017 Desinunt
990 2978 1101 3017 enim
1114 2991 1236 3019 suum

352 3040 555 3080 adhibere
569 3039 798 3092 judicium,
819 3052 916 3080 cum
932 3040 973 3080 id
997 3040 1157 3083 habent
1175 3055 1236 3082 ra-

353 3110 461 3154 tum,
482 3102 597 3156 quod
615 3103 668 3142 ab
682 3115 749 3155 eo,
769 3115 895 3156 quem
913 3104 1108 3156 probant,
1118 3105 1234 3157 judi-

353 3173 498 3208 catum
521 3166 681 3207 vident.
726 3167 820 3207 Nec
840 3179 945 3207 vero
968 3168 1148 3220 probare
1169 3181 1234 3209 so-

351 3234 419 3273 leo
440 3231 483 3272 id
512 3229 627 3285 quod
647 3230 701 3271 de
734 3229 1030 3283 Pythagoricis
1067 3234 1234 3284 accepi·

353 3308 462 3346 mus,
482 3295 555 3348 qui
582 3293 747 3345 ferunt,
778 3294 814 3334 si
846 3294 949 3347 quid
978 3292 1234 3336 affirmarent

354 3360 398 3398 in
418 3357 696 3411 disputando,
725 3369 822 3398 cum
852 3369 907 3398 ex
936 3357 1001 3397 his
1021 3370 1232 3411 quaerere-

354 3429 439 3474 tur,
467 3434 600 3476 quare
633 3423 696 3462 ita
716 3426 847 3472 esset,
873 3421 1136 3474 respondere
1165 3434 1231 3462 so-

351 3488 465 3538 litos,
501 3486 600 3539 Ipse
637 3486 762 3527 dixit.
815 3486 920 3538 Ipse
958 3489 1100 3525 autem
1138 3492 1233 3527 erat

354 3551 637 3603 Pythagoras.
652 3550 839 3592 Tantum
854 3549 1135 3603 praejudicata
1147 3549 1236 3602 opi-

953 303 1130 342 NOTAE
1171 304 1502 346 VARIORUM
1549 310 1613 348 IN

1326 426 1396 465 nio
1418 433 1603 478 poterat,
1618 435 1666 468 ut
1687 430 1815 470 etiam
1837 432 1927 471 sine
1948 432 2108 472 ratione
2129 445 2198 474 va-

1324 488 1434 528 leret
1454 491 1718 532 auctoritas.'
1752 495 1857 533 Oliv.

1376 552 1466 592 Hoc
1493 556 1614 594 solum
1634 559 1927 609 respondebant,
1955 558 2070 600 αὐτὸς
2101 559 2198 611 ἔφη]

1320 614 1392 654 Ita
1420 617 1561 666 vulgo.
1617 619 1902 673 Manuscripti
1921 622 2019 662 libri
2038 622 2199 667 Graeca

1319 677 1452 717 verba
1466 691 1547 718 uon
1562 680 1734 732 liabent,
1746 683 1821 722 sed
1839 685 1994 725 Latine
2010 685 2198 737 produnt

1318 738 1394 790 ita,
1439 741 1529 780 Hoc
1574 745 1692 783 solum
1729 748 2020 799 respondebant,
2058 749 2195 800 Ipsum

1315 804 1475 843 dixisse.
1532 807 1596 845 Ea
1629 809 1757 848 verba
1789 809 2056 851 Graecissans
2087 812 2197 852 scio·

1316 867 1380 906 lus
1403 867 1622 908 immutare
1645 871 1793 911 voluit.
1822 872 1946 923 Pigh.

1368 931 1518 981 Enixo,
1536 932 1624 983 Qu]
1647 934 1967 984 Discipulorum
1981 935 2195 987 judicium

1314 993 1498 1033 scholam
1545 1007 1634 1034 nou
1667 997 1924 1050 excedebat,
1964 999 2039 1039 sed
2079 1001 2195 1054 quod

1313 1058 1521 1109 sequitur,
1566 1059 1610 1099 in
1656 1060 1760 1100 urbe
1806 1062 2071 1103 celebratum
2111 1070 2194 1104 est.

1312 1121 1418 1160 Cum
1439 1121 1550 1160 enim
1566 1123 1671 1162 sein
1701 1125 1943 1166 Calabriam
1973 1128 2194 1181 Pythago·

1309 1195 1380 1223 ras
1427 1186 1695 1234 contulisset,
1750 1201 1845 1240 quae
1893 1195 1995 1230 tunc
2039 1203 2194 1244 magna

1309 1246 1483 1286 Graecia
1521 1248 1777 1301 dicebatur:
1806 1253 2008 1294 Crotonae
2044 1255 2191 1295 ludum

1310 1310 1492 1360 aperuit.
1546 1312 1821 1365 Crotoniatae,
1838 1316 2012 1367 cognita
2029 1318 2194 1370 Pytha-

1309 1387 1424 1426 gorae
1461 1376 1675 1428 sapientia
1711 1384 1757 1419 et
1789 1379 2059 1434 integritate,
2091 1395 2191 1423 cen-

1309 1446 1486 1480 suerunt
1528 1453 1696 1493 semper
1726 1443 1817 1495 ejus
1847 1445 2036 1486 consiliis
2068 1453 2189 1488 uten-

1309 1502 1408 1542 dum
1425 1516 1517 1543 esse
1537 1504 1580 1545 in
1594 1505 1773 1557 Senatu,
1795 1508 1908 1560 quod
1923 1507 2064 1550 abillo
2079 1518 2192 1550 sum-

1307 1579 1377 1607 mo
1409 1567 1550 1608 studio
1571 1570 1903 1623 contenderunt,
1931 1577 1980 1612 ut
1997 1572 2076 1613 sibi
2095 1572 2190 1614 fieri

1307 1630 1476 1670 liceret.
1533 1632 1737 1674 Quamvis
1769 1634 1880 1673 enim
1907 1633 2089 1676 Senatus
2119 1649 2188 1677 eo-

1307 1705 1399 1732 rum
1432 1706 1676 1735 numerosus
1705 1703 1838 1748 esset,
1872 1699 2032 1751 quippe
2066 1699 2185 1741 mille

1305 1757 1536 1807 bominum,
1566 1765 1708 1800 tamen
1736 1762 1809 1801 uni
1839 1767 2004 1816 tautum
2031 1763 2189 1816 Pytha-

1306 1833 1423 1873 gorae
1461 1822 1722 1874 tribuerunt,
1769 1830 1816 1863 ut
1862 1826 1951 1877 ejus
1997 1827 2186 1868 consiliis

1304 1897 1449 1925 eorum
1468 1885 1670 1926 Senatum
1691 1887 1920 1939 plurimum
1953 1889 2185 1930 sustentari

1303 1961 1430 2001 posse
1451 1949 1663 2003 viderent,
1690 1952 1792 2004 quia
1819 1952 1933 1992 inter
1958 1957 2024 1993 tot
2053 1953 2185 1993 sena-

1304 2019 1417 2053 tores
1450 2027 1574 2054 nemo
1602 2015 1882 2067 inveniretur,
1901 2017 1975 2069 qui
1994 2029 2090 2057 cum
2112 2017 2185 2057 illo

1301 2075 1345 2115 in
1367 2077 1587 2128 Sapientia
1606 2083 1651 2119 et
1663 2078 1832 2118 Virtute
1851 2078 2037 2119 conferri
2061 2090 2187 2131 posse

1303 2144 1537 2185 videretur.
1592 2145 1739 2186 Quare
1759 2148 1857 2196 post
1875 2145 1970 2196 ejus
2000 2149 2194 2184 mortem

1303 2210 1474 2251 domum
1498 2210 1646 2251 Cereri
1661 2213 1979 2261 consecrarunt,
1999 2215 2048 2250 ut
2066 2215 2184 2249 esset

1302 2275 1345 2314 in
1381 2286 1464 2327 quo
1490 2275 1585 2313 Dea
1604 2273 1682 2314 sub
1698 2273 1877 2314 hominis
1894 2273 2009 2313 illius
2028 2285 2184 2313 memo-

1302 2339 1381 2389 ria,
1411 2343 1456 2378 et
1487 2338 1611 2378 homo
1631 2337 1707 2378 sub
1725 2337 1830 2377 Deae
1847 2336 2052 2390 religione
2070 2338 2184 2378 cole-

1302 2409 1439 2443 retur.
1497 2402 1594 2442 Hoc
1624 2407 1767 2443 autem
1801 2401 1999 2443 fecerunt
2031 2403 2184 2443 Croto-

1302 2468 1450 2518 niatae,
1490 2466 1589 2520 quia
1638 2466 1908 2518 Pythagoras
1945 2465 2184 2518 praedicare

1302 2535 1607 2581 consueverat,
1638 2530 1809 2570 domum
1836 2529 2185 2582 Philosophantis

1301 2607 1396 2635 esse
1418 2594 1655 2635 sacrarium
1689 2593 1911 2646 sapie'ntiae
1941 2599 1987 2635 et
2017 2593 2185 2635 verissi-

1298 2669 1412 2698 mum
1434 2658 1519 2697 Dei
1539 2658 1762 2709 templum.
1794 2659 1944 2699 Oliver.

1353 2723 1421 2774 §2
1450 2721 1638 2773 Delphici
1675 2721 1891 2774 Apollinis]
1925 2723 2022 2765 Qua
2051 2722 2105 2763 de
2133 2734 2182 2762 re

1301 2787 1405 2828 alibi
1424 2791 1568 2827 actum
1589 2791 1668 2828 est.
1730 2831 1732 2833 ,

1356 2853 1379 2904 ς
1400 2855 1424 2891 3
1445 2852 1595 2891 Eadem
1607 2852 1725 2904 gens]
1744 2851 1843 2891 Non
1862 2851 1999 2892 minus
2021 2849 2183 2891 studio-

1302 2928 1351 2956 sa
1386 2913 1520 2955 fuisse
1558 2912 1734 2953 videtur
1771 2913 1944 2954 Graecia
1976 2913 2020 2953 in
2054 2913 2184 2954 deco·

1301 2978 1438 3019 rando
1476 2976 1752 3029 Amphiarao,
1788 2989 1914 3029 quam
1951 2975 2097 3018 fuerat
2139 2977 2184 3017 in

1303 3042 1465 3094 Gorgia
1480 3040 1708 3082 Leontino.
1764 3042 1877 3082 Nam
1897 3053 1952 3082 ex
1971 3042 2182 3082 universae

1302 3106 1486 3147 Graeciae
1524 3105 1701 3145 decreto
1734 3105 1940 3157 templum
1986 3105 2047 3145 ibi
2087 3115 2186 3145 con-

1302 3169 1503 3210 stitutum
1534 3172 1618 3219 est,
1647 3167 1719 3207 ubi
1752 3167 2038 3220 Amphiaraus
2067 3165 2182 3207 bello

1299 3231 1502 3272 Thebano
1533 3229 1674 3270 subito
1707 3233 1837 3269 terrae
1873 3229 1994 3269 hiatu
2039 3227 2183 3270 fuerat

1299 3295 1527 3346 absorptus
1547 3305 1643 3333 cum
1663 3292 1790 3332 armis
1809 3296 1854 3332 et
1872 3304 1980 3345 equo
1997 3305 2008 3342 ;
2039 3297 2084 3333 et
2103 3292 2183 3333 ibi-

1298 3358 1396 3398 dem
1434 3369 1517 3396 non
1556 3356 1696 3406 aliter,
1726 3368 1853 3408 quam
1885 3367 1939 3396 ex
1977 3353 2183 3415 Delphici

1297 3420 1511 3472 Apollinis
1532 3426 1577 3460 et
1591 3419 1713 3461 Jovis
1729 3418 1979 3460 Hammonis
1995 3418 2181 3471 templis,

1298 3483 1471 3525 oracula
1491 3482 1762 3534 petebantur.
1791 3482 2070 3535 Magnificum
2085 3495 2182 3535 pro-

1296 3546 1412 3588 fecto
1432 3545 1544 3600 quod
1566 3545 1721 3599 obtigit
1740 3543 2020 3598 Amphiarao,
2054 3551 2102 3587 ut
2132 3545 2177 3586 in
