2320 4004
535 303 788 347 rAumm
831 302 1071 344 ΜΑΧιΜῐ
1117 306 1233 348 mn.
1273 307 1356 346 tv.
1396 308 1530 347 cAr.
1557 296 1606 346 5.

206 435 350 480 Arida:
370 435 507 489 terroe]
535 435 702 487 utpote
722 434 764 474 in
786 433 988 486 Pupinia.

212 500 439 551 Indigentia
483 497 713 549 domestica]
765 498 826 537 Ut
872 495 1038 535 Valerii

158 563 410 612 Publicolae,
429 563 492 603 M.
515 562 708 602 Menenii
726 560 956 613 Agrippae.

212 625 374 666 Publice
389 623 583 676 impensa]
611 624 721 665 Haec
742 623 874 663 lectio
893 635 918 662 a
935 621 1038 674 Pig-

150 687 224 728 bio
241 692 324 728 est.
380 688 488 727 Mihi
507 687 642 739 magis
661 688 830 727 sincera
844 691 927 737 est,
942 697 1037 738 quae

155 750 200 791 in
219 750 331 791 libro
349 751 548 792 Danielis
567 751 671 792 etin
693 751 856 791 duabus
894 749 1039 801 Pighi-

157 823 289 855 auus:
333 812 560 864 indigentia
593 814 819 855 domestica»
854 812 1040 864 impensa:

142 876 306 924 funera.
331 877 528 918 Colerus.

209 940 350 991 Inopes
364 941 497 981 dotum
504 940 636 994 filias]
681 941 744 981 Ut
780 939 923 980 Marci
960 937 1038 979 At-

155 995 234 1046 filii
254 1005 456 1059 Fabricii,
471 1007 661 1058 Luscini,
679 1005 911 1059 Scipionis.

206 1067 366 1120 Hisque
397 1069 514 1121 paria
547 1069 705 1120 robora]
764 1068 973 1108 Horatius
1006 1079 1039 1108 ι.

152 1129 246 1172 od.
277 1135 343 1172 12.
399 1137 412 1156 ‘
430 1133 767 1186 Fabritiumque,
813 1133 947 1173 Hunc
993 1137 1039 1173 et

156 1193 386 1246 incomptis
434 1196 609 1236 Curium
656 1196 826 1248 capillis
873 1196 1037 1236 Utilem

129 1257 270 1313 &bello
287 1258 405 1310 tulit,
440 1265 487 1300 et
520 1259 746 1300 Camillum
774 1260 900 1300 Saeva
930 1272 1036 1313 pau·

154 1326 320 1372 pertas,
338 1327 382 1362 et
404 1323 543 1364 avitus
571 1329 676 1376 apto
697 1324 803 1365 Cum
822 1325 914 1364 lare
942 1323 1039 1365 fun-

150 1384 264 1427 dus.’
295 1387 470 1428 Cotem.

198 1450 385 1491 ‘Pristim
401 1453 590 1503 temporis
602 1452 807 1504 memoria]
834 1452 902 1492 De
919 1457 1038 1493 vete-

153 1524 247 1553 rum
287 1513 577 1555 Romanorum
618 1519 878 1568 paupertate
907 1515 1042 1569 multa

153 1575 338 1628 Plinius,
355 1589 409 1617 ex
428 1579 636 1629 Varrone,
659 1579 703 1617 ni
738 1576 884 1629 fallor,
917 1578 1038 1630 cujus

155 1646 200 1680 et
217 1640 292 1680 illa
308 1641 376 1680 De
394 1641 499 1682 Vita
518 1642 677 1694 Populi
697 1642 877 1682 Romani
912 1643 987 1683 lib.
1004 1655 1035 1684 1.

153 1703 376 1744 ‘Pecunia
421 1715 515 1756 quae
563 1710 659 1746 erat
705 1717 842 1757 parva
886 1705 942 1746 ab
986 1718 1038 1746 ea

153 1772 390 1817 paupertas
426 1766 558 1820 dicta,
603 1767 726 1819 cujus
765 1769 1037 1820 paupertatis

153 1830 441 1875 testimonium
486 1830 587 1883 est‚’
630 1834 710 1872 ὅτε.
793 1831 916 1871 Idem
964 1844 1036 1872 eo-

151 1893 250 1934 dem
271 1893 395 1943 libro,
425 1892 610 1934 fortasse
642 1907 724 1935 non
750 1896 879 1947 longe
911 1902 1035 1948 post:

154 1957 167 1978 ‘
183 1955 300 1999 Quid
317 1956 432 1997 inter
463 1957 537 1998 hos
555 1958 685 2000 Joves
704 1959 879 2000 intersit
897 1965 942 2000 et
962 1973 1035 2001 eos

153 2019 224 2072 qui
261 2031 315 2060 ex
347 2032 574 2072 marmore,
604 2022 754 2073 ebore,
787 2035 892 2062 auro
922 2036 1034 2064 nunc

149 2081 275 2134 fiunt,
294 2088 417 2134 potes
450 2083 592 2134 animo
620 2083 866 2136 advertere,
895 2092 939 2126 et
959 2087 1033 2127 ho-

151 2157 244 2185 rum
287 2149 528 2198 temporum
563 2147 738 2188 divitias
779 2154 823 2188 ct
863 2148 1033 2190 illorum

152 2208 466 2260 paupertates?
499 2210 626 2251 Coler.

211 2270 384 2322 Veteris]
413 2272 520 2312 Cum
539 2273 726 2313 nondum
755 2274 1035 2327 magnificen-

151 2333 216 2373 tia
249 2338 295 2373 et
326 2335 495 2375 luxuria
524 2335 722 2377 Romana
750 2349 795 2376 se
814 2337 1033 2390 proderet.

151 2395 343 2448 Alioqui,
388 2402 438 2436 ut
479 2397 633 2438 Justus
677 2398 850 2450 Lipsius
898 2405 1035 2448 notat,

150 2457 238 2498 fuit
276 2458 393 2499 aliud
431 2464 555 2499 vetus
596 2464 641 2500 et
683 2473 852 2502 novum.
917 2461 1034 2502 Illud

149 2522 194 2561 in
231 2522 409 2575 regione
451 2528 575 2564 sexta
612 2524 726 2564 Circi
769 2526 968 2566 Flaminii
1008 2539 1034 2566 a

150 2587 295 2626 Numa
311 2591 624 2628 constructum.
653 2588 775 2628 Istud
793 2589 836 2628 in
853 2590 1031 2642 regione

147 2653 305 2690 octava
347 2648 431 2690 fori
477 2651 676 2705 Romani,
720 2667 745 2693 a
799 2654 1031 2707 Tarquinio

150 2711 316 2755 Prisco.

210 2775 342 2816 Vesta.»
362 2776 494 2829 socos]
534 2778 646 2821 Quis
677 2778 785 2832 ignis
808 2780 1030 2822 colebatur

146 2839 454 2891 sempiternus.

203 2903 313 2943 CAP-
334 2915 380 2944 v.
411 2905 471 2956 §1
503 2905 710 2946 Acondiea
722 2907 836 2959 urbe]
864 2906 1031 2960 Aprin-

145 2963 268 3016 cipio
288 2965 406 3006 urbis
427 2966 482 3006 ad
508 2969 581 3008 lios
601 2971 796 3010 consules
823 2971 1029 3024 quingen-

151 3031 216 3068 tos
235 3033 280 3068 et
298 3034 399 3069 octo
417 3027 590 3071 fluxisse
610 3043 745 3072 annos
763 3031 922 3074 ferunt.

204 3091 478 3143 Proxumus]
519 3092 732 3134 Confusus
766 3095 858 3135 sine
891 3095 1029 3148 digni-

151 3154 252 3194 tatis
271 3153 532 3208 discrimine,
551 3156 710 3207 plebeii
722 3158 919 3210 patribus
933 3171 1029 3211 per-

128 3211 273 3257 ’mixti
315 3218 584 3269 spectabant.
654 3220 826 3259 Primus
871 3227 1030 3270 autem,

145 3277 220 3330 qui
241 3277 284 3320 in
302 3280 548 3331 spectandis
566 3281 678 3322 ludis
707 3283 890 3334 plebem
911 3296 935 3324 a
956 3297 1028 3335 pa-

150 3338 287 3379 tribus
307 3343 539 3395 separavit,
573 3344 657 3384 fuit
688 3345 834 3397 Scipio
862 3345 1030 3387 Africa-

150 3411 249 3451 nus,
277 3403 351 3454 qui
378 3411 475 3456 post
501 3406 546 3447 id
577 3406 742 3449 factum
779 3410 1029 3462 popularem

154 3475 300 3535 auram
327 3467 498 3518 penitus
525 3471 683 3523 amisit,
712 3478 759 3512 ut
789 3484 919 3525 supra
937 3474 1029 3513 dix-

150 3537 279 3566 imus.

206 3588 255 3631 1..
269 3589 506 3645 Flaminius]
534 3595 620 3637 Hic
647 3595 782 3638 frater
800 3597 883 3639 fuit
900 3600 949 3641 T.
971 3599 1026 3642 Q.

1841 295 1981 348 1151

1099 423 1309 474 Flaminii,
1335 426 1407 479 qui
1438 425 1609 466 devicto
1642 424 1843 478 Philippo
1878 438 1981 478 rege

1099 486 1385 540 Macedoniae,
1402 501 1546 530 omnes
1573 489 1773 530 civitates
1795 489 1980 529 Graeciae

1099 549 1303 590 libertate
1323 552 1515 594 donavit.
1561 553 1648 594 Sed
1677 553 1779 606 quia
1805 553 1874 592 hic
1900 553 1984 592 Lu-

1100 612 1191 653 cius
1223 613 1267 652 in
1299 617 1493 656 exercitu
1530 617 1583 657 ad
1630 616 1813 669 gratiam
1849 615 1982 656 scorti

1091 678 1284 729 jusserat
1339 681 1551 731 quendam
1611 682 1750 722 securi
1799 680 1984 732 percuti,

1100 741 1280 782 Porcius
1295 741 1406 782 Cato
1421 755 1572 784 censor
1583 755 1678 783 eum
1691 744 1854 784 Senatu
1871 755 1985 783 amo-

1099 810 1239 857 verat,
1273 806 1385 846 sicut
1419 819 1548 858 supra
1579 807 1654 848 lib.
1691 807 1746 847 de
1780 807 1984 848 Censoria

1096 873 1199 908 nota
1217 868 1419 909 diximus.
1457 871 1608 911 Oliver.
1752 874 1755 876 ’

1157 932 1263 978 Quia
1283 946 1323 983 a,
1339 933 1428 985 δμη]
1458 933 1630 986 Contig.
1653 935 1775 975 A.U.
1794 945 1981 976 ncmnx.

1155 996 1177 1047 ς
1208 999 1233 1035 2
1265 995 1474 1047 Confregit
1509 998 1804 1050 Rempublicam
1841 1000 1982 1039 Teren-

1100 1058 1200 1112 tius]
1231 1060 1405 1101 Dictum
1425 1067 1491 1101 est
1511 1061 1552 1101 in
1572 1075 1668 1113 cap.
1685 1063 1738 1102 de
1767 1063 1983 1114 Neglecta

1101 1123 1324 1175 religione,
1343 1124 1589 1165 Terentium
1610 1126 1847 1166 Varronem
1881 1126 1984 1165 lanii

1100 1186 1324 1239 cujusdam
1353 1186 1486 1228 fuisse
1504 1188 1655 1241 filium,
1674 1191 1747 1242 qui
1768 1190 1820 1230 ad
1834 1202 1986 1230 consu-

1099 1250 1234 1290 latum
1265 1252 1461 1303 populari
1498 1265 1602 1293 aura
1642 1254 1879 1306 perductus
1912 1255 1984 1294 illo

1098 1313 1348 1355 calamitoso
1380 1315 1606 1357 Annibalis
1639 1323 1853 1370 tempore,
1886 1329 1984 1358 cum

1099 1377 1190 1428 ipso
1211 1376 1426 1419 Annibale
1444 1380 1559 1431 apud
1583 1381 1751 1421 Cannas
1779 1381 1984 1421 infelicis-

1100 1441 1205 1480 sime
1245 1440 1482 1494 dimicavit,
1519 1445 1654 1485 Paulo
1682 1445 1854 1486 AEmilio
1888 1446 1984 1497 ejus

1101 1503 1268 1556 collega
1286 1505 1583 1559 dissuadente,
1603 1515 1735 1560 atque
1769 1509 1899 1549 etiam
1921 1509 1984 1548 in-

1098 1568 1205 1619 vito,
1237 1569 1308 1621 qui
1335 1570 1468 1622 magis
1501 1583 1584 1611 non
1622 1572 1822 1624 probare,
1856 1583 1984 1624 qnam

1098 1642 1185 1671 non
1202 1631 1410 1684 adjuvare
1431 1633 1525 1685 ejus
1552 1634 1775 1674 consilium
1796 1638 1984 1685 poterat.

1098 1693 1186 1734 Hic
1227 1707 1328 1736 vero
1366 1698 1438 1748 qui
1474 1702 1610 1737 tantae
1655 1697 1791 1736 cladis
1831 1697 1984 1736 author

1099 1758 1321 1810 extiterat,
1336 1771 1432 1799 cum
1453 1761 1599 1812 paucis
1614 1760 1841 1799 admodum
1860 1760 1987 1812 fugit,

1098 1821 1166 1861 cui
1211 1821 1398 1863 Senatus
1451 1823 1720 1875 populusque
1769 1824 1984 1863 Romanus

1099 1885 1268 1926 obviam
1317 1887 1545 1939 processit,
1590 1893 1634 1927 et
1678 1887 1837 1939 gratias
1884 1887 1984 1939 egit,

1099 1950 1213 2003 quod
1235 1949 1288 1989 de
1317 1951 1542 2003 republica
1575 1963 1658 1991 non
1691 1951 1982 2004 desperasset,

1097 2014 1234 2055 eidem
1257 2015 1513 2055 dictaturam
1535 2015 1707 2066 obtulit,
1739 2027 1882 2068 quam,
1910 2026 1986 2055 ve-

1096 2080 1303 2119 recundia
1333 2085 1489 2131 motus,
1521 2080 1718 2131 recipere
1751 2091 1834 2119 non
1855 2079 1984 2119 susti-

1096 2144 1204 2187 nuit.
1260 2146 1490 2186 Frontinus
1519 2146 1593 2187 lib.
1610 2158 1677 2187 1v.
1697 2145 1750 2185 de
1771 2146 1981 2186 Constan-

1096 2208 1183 2250 tia:
1205 2209 1422 2262 ‘Paulus,’
1435 2210 1589 2262 iuquit,
1607 2209 1785 2250 ‘amisso
1802 2209 1855 2249 ad
1874 2209 1984 2250 Can-

1094 2283 1171 2312 nas
1185 2273 1398 2325 exercitu,
1410 2271 1617 2312 offerente
1634 2284 1788 2325 equum
1803 2273 1981 2312 Lentulo

1099 2347 1183 2386 quo
1213 2334 1402 2386 fugeret,
1432 2347 1656 2387 superesse
1677 2335 1805 2388 cladi,
1836 2348 1983 2388 quam-

1098 2410 1225 2449 quam
1252 2410 1336 2437 non
1362 2411 1438 2451 per
1462 2399 1599 2450 ipsum
1628 2404 1884 2450 contractae,
1907 2411 1983 2438 no-

1096 2459 1202 2500 luit:
1217 2460 1291 2500 sed
1306 2461 1413 2501 ineo
1429 2473 1549 2511 saxo,
1564 2461 1631 2500 cui
1648 2461 1896 2501 vulneratus
1911 2474 1981 2502 ac-

1094 2524 1711 2578 clinaverat,persedit,douec
1723 2525 1980 2567 ablrostibus

1097 2599 1326 2639 oppressus
1342 2588 1681 2630 confoderetur!
1703 2590 1839 2629 Varro
1851 2588 1983 2629 colla-

1096 2663 1151 2703 ga
1163 2651 1253 2703 ejus
1263 2653 1331 2692 vel
1345 2653 1503 2705 majore
1518 2653 1760 2694 constantia
1773 2657 1871 2705 post
1885 2665 1981 2692 ean-

1094 2713 1193 2754 dem
1232 2714 1398 2755 cladem
1431 2715 1555 2767 vixit,
1596 2716 1837 2769 gratiaeque
1874 2715 1914 2756 ei
1955 2729 1980 2754 a

1093 2777 1259 2819 Senatu
1279 2783 1324 2818 et
1346 2779 1505 2831 populo
1525 2784 1633 2820 actae
1654 2778 1878 2832 sunt,quia
1893 2792 1979 2819 nou

1092 2840 1369 2893 desperasset
1387 2843 1441 2882 de
1460 2843 1710 2896 republica:
1733 2855 1817 2884 non
1836 2848 1980 2883 autem

1093 2904 1195 2944 vitae
1216 2906 1477 2959 cupiditate,
1506 2907 1582 2947 sed
1615 2906 1801 2959 reipubl.
1834 2918 1978 2946 amore

1093 2980 1140 3009 se
1184 2968 1452 3022 superfuisse
1495 2971 1660 3023 reliquo
1699 2970 1840 3011 aetatis
1886 2981 1975 3009 suae

1094 3037 1290 3084 tempore
1318 3034 1587 3086 approbavit,
1619 3038 1663 3074 et
1695 3033 1872 3075 barbam
1907 3045 1977 3073 ca-

1093 3097 1330 3149 pillumque
1363 3097 1576 3148 submisit,
1610 3102 1655 3137 et
1690 3102 1841 3149 postea
1870 3108 1977 3135 uuu-

1095 3170 1221 3210 quam
1241 3157 1447 3201 recubans
1470 3161 1614 3201 cibum
1643 3161 1777 3213 cepit,
1808 3160 1974 3200 honori-

1092 3220 1274 3274 busque,
1307 3235 1404 3263 cum
1435 3225 1475 3264 ei
1511 3223 1789 3264 deferrentur
1817 3235 1842 3262 a
1869 3234 1973 3273 pop.

1091 3285 1372 3336 renuntiavit,
1404 3286 1570 3336 dicens,
1602 3286 1865 3326 felicioribus
1884 3297 1973 3324 ma-

1093 3346 1343 3399 gistratibus
1363 3348 1613 3401 reipublicae
1628 3360 1735 3399 opus
1751 3359 1856 3387 esse.
1887 3346 1973 3385 Oli·

1091 3422 1173 3451 ver.

1149 3473 1278 3514 vitulo
1313 3474 1517 3526 imaginis]
1562 3471 1825 3524 Imaginibus
1857 3471 1970 3511 enim

1092 3548 1159 3577 res
1179 3543 1314 3588 gestae
1335 3536 1668 3576 adnotabantur.

1148 3602 1170 3652 ἕ
1191 3604 1215 3640 3
1245 3601 1399 3650 Magna
1418 3611 1503 3638 cum
1517 3597 1686 3650 invidia]
1713 3596 1809 3637 Hoc
1831 3607 1970 3637 exem-
