2358 4036
537 311 796 352 vALnRu
842 307 1085 348 MAxmss
1131 307 1249 345 mn.
1291 307 1330 345 1.
1373 294 1585 346 CARI.

156 449 259 478 vero
299 445 430 476 sensu
463 431 506 472 in
542 431 683 472 lucem
720 429 951 483 producto,
984 441 1037 467 ex

158 502 312 549 altero,
346 501 551 549 quantum
586 493 683 535 fieri
716 493 896 546 poterit,
930 492 1043 532 alter

159 562 416 614 corrigatur.
469 558 671 600 Valerius
696 556 870 610 quidem
891 556 952 595 sic
971 556 1042 595 ha-

157 625 256 666 bet:
286 623 464 676 Majores
495 623 623 662 nostri
641 625 768 662 statas
785 621 1044 671 solemnesque

155 688 395 730 ceremonias
409 685 638 740 pontificum
655 683 821 725 scientia
836 697 852 731 ,·
873 682 966 722 bene
973 694 1045 732 ge-

153 754 366 794 rendarum
394 762 526 790 rerum
555 750 824 796 auctoritates,
851 758 1046 797 augurum

156 816 444 857 observatione:
472 814 643 866 supple,
664 819 712 853 ut
732 818 950 865 postremo
971 811 1045 850 ad-

152 881 271 933 jicit,
287 881 477 932 explicari
488 881 710 919 voluerunt.
765 877 1044 918 Sebastianus

157 944 375 986 Corradus
400 943 677 984 auctoritatem
702 942 825 994 legit,
859 941 934 981 sed
956 941 1047 992 pla-

160 1012 233 1048 cet
253 1007 433 1059 pluralis
451 1006 525 1046 ille
545 1017 744 1045 numerus
765 1005 808 1044 in
830 1004 922 1043 aliis
941 1004 1047 1044 item

158 1071 366 1112 clausulis
385 1071 440 1111 ab
460 1076 642 1123 utroque
655 1075 830 1110 auctore
848 1069 1048 1109 observa·

159 1139 247 1178 tus.
301 1135 464 1178 Eodem
499 1133 591 1174 fere
618 1133 745 1174 modo
777 1134 853 1173 has
887 1133 1047 1184 primas

159 1198 365 1250 exprimit
412 1197 581 1246 Cicero,
635 1197 711 1238 ubi
771 1209 823 1237 se
865 1196 1049 1249 primum

160 1261 321 1302 habere
353 1261 463 1302 dicit
494 1266 695 1302 auctores
733 1273 784 1301 ac
823 1259 1049 1312 magistros

161 1325 416 1378 religionum
434 1325 710 1366 colendarum
724 1325 906 1376 majores
922 1338 1045 1364 suos:

160 1388 174 1411 ‘
192 1389 281 1432 Qui
319 1388 485 1440 statas,'
523 1388 681 1442 inquit,
726 1391 738 1411 ‘
752 1389 1050 1440 solemnesque

162 1453 445 1493 caeremonias
462 1451 718 1505 pontificatu
737 1465 748 1492 :
778 1463 918 1492 rerum
940 1453 1051 1494 bene

161 1514 447 1567 gerendarum
496 1516 795 1565 auctoritates,
842 1514 1052 1566 auguri0,’

161 1578 333 1630 supple,
363 1583 413 1618 ut
446 1583 601 1630 postea
639 1578 776 1625 addit,
806 1577 819 1600 ‘
841 1578 1052 1618 contineri

162 1640 404 1693 putarunt!
466 1641 552 1681 Sed
596 1642 689 1682 haec
734 1642 789 1682 de
837 1642 1051 1694 prioribus

136 1715 139 1723 ‘
162 1705 368 1746 clausulis
386 1720 396 1745 ε
417 1705 508 1758 jam
528 1712 761 1757 sequentes
781 1705 889 1746 duas
906 1705 1053 1746 confe-

161 1779 320 1810 ramus.
377 1769 596 1809 Ciceronis
616 1770 751 1809 verba
778 1770 839 1809 sic
858 1770 1051 1810 continu-

161 1839 291 1873 antur
307 1845 318 1873 ε
334 1834 347 1856 ‘
358 1834 554 1874 Fatorum
569 1839 735 1874 veteres
748 1834 1052 1886 praedictiones

159 1895 397 1949 Apollinis,
417 1903 562 1938 vatum
578 1898 697 1938 libris
713 1911 724 1949 ;
755 1903 1051 1951 portentorum

162 1955 512 2011 explanationes,
522 1961 806 2002 Etruscorum
822 1961 1053 2015 disciplina

161 2023 376 2064 contineri
391 2024 634 2076 putarunt!
661 2026 767 2066 Quae
786 2027 935 2067 eadem
954 2027 1051 2067 bre-

162 2086 258 2127 vius
271 2086 353 2128 hoc
365 2087 494 2128 modo
509 2087 647 2129 refert
668 2089 893 2130 Valerius:
927 2090 1052 2143 Apol-

161 2150 256 2191 linis
269 2151 562 2203 praedictiones,
580 2157 716 2192 vntum
734 2153 848 2193 libris
863 2168 879 2202 ;
895 2159 1053 2205 porten-

167 2218 296 2255 torum
310 2217 487 2267 depulsa,
505 2217 680 2257 Etrusca
692 2218 900 2268 disciplina
928 2219 1053 2270 expli-

159 2278 248 2318 cari
286 2279 499 2320 voluerunt.
555 2281 813 2333 Depulsam,
851 2294 1054 2334 procura-

163 2341 305 2382 tiones
322 2344 517 2394 appellat
534 2356 547 2392 ;
577 2346 689 2384 mala
705 2346 818 2385 enim
840 2359 935 2398 quae
955 2359 1054 2398 por-

164 2407 297 2447 tentis
317 2407 662 2462 designabantur,
690 2412 929 2463 sacrificiis,
958 2425 1054 2465 pre-

162 2469 300 2521 cibus,
333 2483 384 2512 ac
405 2473 627 2524 suppliciis
650 2485 727 2526 per
747 2475 1054 2527 aruspicinam,

163 2545 260 2585 quae
282 2534 563 2575 Etruscorum
583 2537 814 2589 disciplina
830 2545 912 2589 est,
943 2541 1055 2580 ordi-

160 2597 277 2637 natis
317 2598 673 2651 procurabantur,
702 2600 1054 2653 depellebantur-

161 2672 263 2713 que.
316 2662 449 2704 Quod
470 2662 722 2703 vocabulum
743 2676 810 2704 me
829 2666 1054 2718 sollicitat,

163 2724 228 2765 nti
264 2725 461 2777 sentiam,
489 2725 531 2765 in
547 2726 762 2767 Cicerone
784 2729 929 2780 potius
956 2730 1053 2771 ‘ex-

158 2787 410 2844 .piationes„'
438 2801 566 2841 quam
595 2791 607 2812 ‘
622 2791 950 2842 explanationes
966 2793 977 2811 '
995 2794 1054 2834 le-

163 2852 350 2904 gendum
381 2864 508 2893 esse:
538 2854 644 2894 licet
677 2854 732 2893 de
770 2856 1054 2897 Divinatione

164 2916 243 2957 lib.
262 2917 400 2969 primo
420 2923 651 2970 utrumque
666 2919 912 2970 aruspicum
927 2921 1053 2961 disci-

161 2981 285 3032 plina
297 2981 444 3021 doceri
477 2982 599 3032 velit,
618 2989 903 3024 monstrorum
930 2986 1053 3038 quip-

164 3057 222 3096 pe
243 3045 631 3097 interpretationes
651 3052 697 3086 et
715 3048 1053 3098 procurationes.

163 3107 353 3159 Pighius.

219 3170 623 3225 Status-ceremonias]
636 3173 772 3215 Statae
781 3187 921 3216 cerem
927 3176 1052 3225 oniae,

167 3238 218 3274 ut
234 3234 326 3273 vult
345 3235 497 3274 Festus
518 3234 771 3289 Pompeius,
799 3237 1054 3280 dicebantur

166 3295 396 3348 sacrificia,
424 3309 520 3349 quoe
541 3298 674 3338 certis
695 3300 948 3352 quibusdam
965 3302 1054 3342 die-

166 3359 248 3399 bus
269 3365 314 3399 et
333 3361 508 3400 statutis
520 3361 872 3404 celebrabantur.
928 3365 1054 3405 Unde

169 3424 280 3464 Cato
297 3436 308 3462 ε
329 3424 343 3447 ‘
356 3425 489 3465 Sacra
504 3432 617 3467 stata
629 3434 676 3468 et
697 3430 889 3470 solennia
905 3437 1055 3471 sancta

169 3486 428 3528 deseruisti?
461 3489 612 3529 Oliver.

224 3549 427 3601 solennes]
474 3553 784 3594 Anniversaria
827 3555 1055 3602 sacrificia,

280 3615 426 3668 Delph.
438 3622 480 3657 et
497 3619 594 3660 Vur.
615 3620 722 3660 Clas.

974 3623 1060 3662 Val.
1085 3623 1203 3664 Mox.

1885 296 1992 350 913

1107 441 1203 480 quae
1218 428 1396 480 singulis
1411 428 1650 481 quibusque
1665 428 1785 468 annis
1800 427 1965 469 fiebant
1984 444 1994 470 :

1106 502 1202 530 nam
1220 491 1389 531 solennis
1407 503 1433 532 a
1451 492 1540 531 solo
1560 497 1607 531 et
1634 502 1746 531 anno
1779 493 1997 544 componi-

1109 560 1194 594 tur.
1229 555 1353 595 Idem.

1165 618 1438 659 Gerendarum
1450 631 1600 668 rerum,
1614 619 1703 672 tm]
1731 619 1846 662 Quia
1866 621 1998 661 sacri-

1108 680 1221 733 ficia,
1250 695 1346 735 quae
1378 694 1458 734 pro
1485 683 1616 725 rebus
1638 684 1838 736 gerendis
1856 696 1997 726 susce-

1104 744 1292 797 pissent,
1321 758 1530 797 augurum
1552 747 1813 788 authoritate
1846 748 2000 788 confir-

1111 813 1225 850 mata
1277 810 1470 851 solennia
1524 811 1822 852 habebantur:
1872 818 1918 853 et
1964 814 1999 854 si

1111 874 1364 927 imperator,
1385 887 1474 915 rem
1489 888 1591 916 cum
1612 875 1734 916 hoste
1750 877 2001 918 commissu-

1108 949 1201 988 rus,
1253 945 1420 979 taurum
1458 940 1595 980 Marti
1637 941 1914 994 immolasset,
1958 948 2003 982 et

1110 1007 1265 1054 postea
1283 1002 1507 1043 victoriam
1526 1011 1931 1058 consecutus'esset,
1959 1007 2002 1047 id

1113 1064 1372 1106 sacrificium
1394 1079 1448 1106 ex
1468 1079 1515 1107 re
1535 1067 1644 1108 bene
1666 1074 1789 1120 gesta
1808 1082 2004 1123 compro-

1112 1127 1262 1168 batum
1283 1129 1458 1170 solenne
1475 1130 1740 1182 habebatur3
1771 1145 1867 1172 nam
1882 1145 1935 1173 ex
1952 1145 2004 1172 eo

1113 1192 1227 1244 quod
1249 1204 1338 1233 rem
1370 1193 1479 1234 bene
1512 1195 1764 1247 gessissent,
1795 1196 2006 1249 intellige-

1114 1254 1217 1295 bant
1236 1268 1289 1296 ea
1303 1256 1514 1297 sacrificia
1527 1259 1621 1299 Diis
1639 1266 1822 1311 accepta
1841 1258 1975 1302 fuisse
1993 1274 2005 1310 ;

1115 1325 1157 1359 et
1179 1319 1239 1359 ita
1253 1320 1504 1361 confirmata
1517 1322 1781 1363 authoritate
1811 1325 2005 1366 solennia

1113 1382 1260 1423 haberi
1282 1384 1567 1436 incipiebant.
1599 1387 1747 1426 Oliver.
1807 1388 2006 1428 Gerendu-

1114 1459 1201 1486 rum
1220 1448 1369 1499 rerum]
1398 1449 1583 1490 Tantum
1603 1462 1689 1491 non
1715 1450 1859 1491 verbis
1882 1451 2005 1492 Cice-

1116 1510 1248 1562 ronis,
1279 1514 1340 1551 uti
1371 1514 1498 1564 solet,
1528 1513 1657 1556 Orat.
1680 1515 1736 1556 de
1768 1516 2004 1569 Haruspic-

1119 1576 1249 1627 Resp.
1304 1583 1350 1616 et
1382 1577 1437 1617 de
1467 1579 1570 1620 Nat.
1605 1582 1740 1623 Deor.
1771 1582 1844 1624 lib.
1863 1595 1897 1623 1.
1934 1585 2006 1624 De

1117 1636 1340 1691 Augurum
1351 1641 1580 1694 disciplina
1589 1647 1864 1688 exactissime
1872 1649 2006 1700 scrip-

1117 1708 1237 1743 serat
1263 1704 1403 1745 Varro
1439 1705 1482 1745 in
1512 1706 1632 1748 libris
1668 1707 2006 1762 Antiquitatum,

1117 1772 1166 1805 ut
1188 1773 1377 1808 testatur
1395 1768 1580 1822 August.
1620 1773 1794 1814 citatur
1826 1782 1869 1814 et
1899 1775 2004 1819 illud

1116 1830 1325 1875 Varronis
1358 1842 1511 1877 contra
1564 1837 1815 1890 Extispices
1836 1852 1847 1878 :
1905 1839 2007 1880 Non

1111 1897 1444 1952 solnmotiosos,
1458 1901 1534 1941 sed
1552 1902 2009 1945 sordidissimosfuisse

1117 1962 1307 2013 Deos,si
1324 1964 1367 2003 in
1380 1965 1580 2016 jecorum
1603 1971 1648 2006 et
1664 1966 1876 2007 viscerum
1896 1974 2007 2007 ster-

1117 2026 1294 2077 quilinio
1340 2040 1416 2068 sua
1471 2029 1758 2072 occuluerunt
1812 2031 2008 2081 consilia,

1115 2087 1359 2131 hominibus
1406 2091 1462 2133 ab
1509 2093 1669 2134 insanis
1706 2094 2010 2136 sacerdotibus

1117 2153 1449 2196 manifestanda.
1494 2159 1673 2203 ‚Multus
1692 2159 1836 2200 Varro
1863 2159 1908 2199 in
1942 2172 2007 2200 re-

1117 2219 1400 2268 prehensione
1438 2222 1780 2263 ceremoniarum
1810 2228 1856 2263 et
1890 2225 2008 2263 Deo-

1117 2293 1245 2331 rum3
1292 2283 1391 2323 inde
1438 2285 1450 2307 ‘
1471 2286 1711 2327 Romanum
1769 2287 2011 2340 Cynicum’

1118 2350 1246 2384 vocat
1281 2347 1589 2390 Tertullianus.
1646 2349 1777 2402 Apud
1817 2351 2006 2391 Nonium

1119 2409 1345 2461 aliquoties
1379 2412 1542 2453 citatur
1585 2414 1598 2436 ‘
1619 2414 1839 2455 Pseudolo
1872 2413 2007 2466 Apol·

1117 2471 1233 2522 line,'
1252 2473 1323 2512 ubi
1343 2475 1645 2525 nondubitem
1676 2479 1823 2530 legere
1850 2479 2009 2518 ,Pseud-

1115 2537 1357 2589 apouine,.in
1397 2552 1478 2591 quo
1516 2541 1644 2592 libro,
1683 2547 1806 2594 puto,
1839 2543 2009 2595 Menip-

1119 2606 1215 2652 piaea
1233 2603 1477 2644 acerbitate
1505 2611 1712 2656 arguerat
1743 2604 2007 2647 falsimonias

1117 2666 1401 2707 oraculorum.
1458 2667 1598 2709 Porro
1628 2670 1860 2710 Ethruscas
1878 2670 2007 2711 disci-

1118 2728 1256 2778 plinas
1274 2730 1454 2781 Tagetis
1469 2736 1514 2771 et
1534 2732 1811 2775 Bacchetidis
1828 2734 2006 2787 quinde-

1118 2791 1201 2831 cim
1234 2794 1520 2835 voluminibus
1547 2796 1849 2848 explicaverat
1870 2797 2004 2837 etiam

1117 2855 1282 2908 Labeo,
1303 2863 1412 2897 teste
1433 2860 1679 2911 Fulgentio.
1712 2861 1842 2901 Coter.

1170 2920 1380 2970 Augurum
1388 2922 1674 2976 observatione]
1688 2926 1750 2965 Ut
1759 2938 1856 2978 quae
1868 2926 2007 2976 captis

1118 2986 1320 3036 auspiciis
1339 2998 1522 3037 augures
1553 2987 1651 3027 Diis
1681 2996 1806 3041 grata
1840 2995 1887 3029 et
1907 3001 2003 3040 pro-

1119 3050 1221 3090 bata
1266 3049 1401 3090 fuisse
1443 3051 1672 3103 dixissent,
1716 3063 1769 3092 ea
1813 3052 2006 3093 solennia

1116 3113 1398 3154 haberentur.
1425 3114 1585 3154 Oliver.

1170 3178 1368 3229 Apollinis
1393 3178 1686 3231 pra-dictiones]
1720 3178 1786 3218 -Ut
1821 3190 1917 3230 quae
1939 3189 2003 3216 sa·

1117 3241 1282 3281 crificia
1313 3241 1557 3287 Phoebades
1595 3244 1770 3283 oraculo
1790 3241 2003 3292 Apollini-s

1112 3304 1211 3345 ,fieri
1232 3304 1394 3344 debere
1409 3305 1623 3345 dixissent
1636 3317 1687 3345 ac
1696 3305 1792 3344 Diis
1812 3305 2003 3356 placere,

1118 3367 1380 3407 haberentur
1398 3368 1612 3407 solennia:
1643 3367 1757 3406 sicut
1769 3379 1883 3418 saepe
1903 3379 2004 3407 con-

1119 3431 1254 3470 sultus
1273 3430 1430 3482 Apollo
1449 3431 1658 3483 quomodo
1679 3430 1888 3470 sacrificia
1910 3430 2003 3470 fieri

1119 3493 1347 3544 deberent,
1378 3495 1443 3533 vel
1466 3494 1519 3533 ad
1555 3494 1659 3533 iram
1693 3495 1885 3534 Deorum
1916 3495 2003 3545 pla-

1122 3556 1319 3603 eandam,
1338 3557 1406 3595 vel
1426 3556 1478 3596 ad
1499 3557 1723 3599 victoriam
1741 3569 2000 3609 consequen·

1793 3627 1816 3663 3
1847 3624 1895 3663 M
