2288 3990
555 277 811 318 vALERH
854 275 1096 315 MAX1M1
1142 276 1262 316 mn.
1293 276 1332 314 1.
1371 275 1503 314 cAP.
1531 263 1584 312 5.

154 397 389 440 mulacrum
434 395 558 436 Solis.
618 395 716 436 Hoc
760 399 902 436 autem
949 405 1029 446 per

154 460 383 502 ludibrium
407 459 535 511 dixit,
569 459 730 512 quippe
759 470 887 511 quem
917 457 1031 497 ferre

152 534 238 564 nou
263 527 435 576 poterat
461 535 549 575 prae
569 522 878 574 magnitudine.
935 521 1028 560 Me-

152 592 345 626 moratur
371 585 483 626 enim
505 599 530 626 a
546 586 688 626 Solino
706 597 837 626 unum
857 596 910 624 ex
933 596 1028 635 sep-

152 651 238 688 tem
256 647 599 689 memorabilibus
627 647 775 688 mundi
795 660 807 688 ε
843 650 940 687 erat
957 657 1029 686 au-

152 713 240 750 tem
250 714 422 751 centum
435 709 588 763 viginti
599 722 675 750 sex
690 709 846 762 pedum
860 721 1029 762 magna,

149 784 272 815 aenea
287 778 334 814 et
349 772 483 814 fusilis
502 773 635 826 facta,
656 785 782 827 quam
804 785 828 813 a
843 785 888 814 se
903 773 1030 813 relin-

150 836 226 888 qui
244 835 416 876 Cassius
432 837 621 878 dicebat.
664 835 814 878 Oliver.

203 899 456 940 Macedonica
483 902 638 952 pugna]
683 900 734 940 In
769 899 1030 940 Macedonia

149 961 205 1002 ad
242 973 415 1014 campos
453 962 717 1015 Philippicas
754 969 907 1004 contra
939 962 1027 1004 Au-

149 1028 321 1076 gustum
342 1029 478 1078 gesta.
505 1026 675 1067 Badius.

138 1112 141 1115 -
202 1085 333 1128 Solent
357 1099 495 1129 revera
511 1090 726 1142 relinquere
743 1089 917 1141 cogeret]
956 1089 1028 1131 Ita

149 1155 219 1192 est
243 1150 289 1190 in
319 1150 430 1193 Mss.
459 1153 806 1205 exemplaribus:
844 1154 888 1194 in
914 1154 1028 1206 aliis,

145 1213 293 1264 coegit.
346 1214 559 1256 Caeterum
586 1216 640 1256 de
671 1217 722 1257 C.
753 1216 904 1257 Cassio
924 1218 1029 1258 scri-

146 1276 214 1319 bit
253 1278 369 1319 Dion
399 1278 518 1320 Hist.
551 1279 677 1320 Rom.
704 1291 852 1322 κινεῖ.
887 1281 1026 1333 ipsum

150 1340 335 1381 Rhodios
353 1342 492 1382 navali
525 1343 676 1394 proelio
698 1347 923 1395 superatos
941 1355 1026 1383 non

149 1403 284 1444 solum
333 1405 476 1457 armis,
521 1406 717 1458 navibus,
754 1419 805 1446 ac
843 1408 1028 1459 pecunia

149 1466 373 1518 spoliasse,
393 1479 538 1508 verum
558 1469 684 1508 etiam
702 1470 857 1510 statuis
877 1471 1027 1512 sacris-

148 1539 235 1580 que
253 1522 440 1569 donariis
455 1531 667 1581 omnibus,
681 1532 872 1584 nihilque
888 1545 941 1572 ex
960 1534 1025 1574 his

147 1597 310 1642 praeter
320 1591 431 1632 Solis
446 1605 615 1633 currum
631 1595 871 1647 reliquisse.
901 1597 1026 1647 Pigh.

201 1655 225 1706 ᾖ
244 1658 275 1695 9
301 1655 353 1695 In
369 1655 558 1707 Liguria]
592 1657 771 1709 Ligures
789 1658 884 1697 imis
903 1657 1025 1710 Alpi-

147 1727 218 1757 um
236 1717 354 1770 jugis
392 1718 672 1771 adhaerentes,
714 1720 828 1759 inter
863 1722 1024 1762 Varum

147 1783 195 1819 et
239 1779 432 1820 Macram
480 1781 670 1833 Fluvios,
705 1783 1024 1836 implicitosque

148 1841 287 1882 dumis
323 1842 606 1896 silvestribus,
635 1845 775 1896 major
794 1846 1024 1898 aliquando

145 1903 268 1946 labor
305 1909 374 1946 est
408 1905 616 1959 invenire,
665 1921 790 1961 quam
839 1910 1026 1951 vincere.

149 1968 291 2009 Varus
316 1969 492 2010 Fluvius
518 1977 586 2011 est
612 1971 802 2023 grandis,
829 1984 883 2012 ex
903 1971 1026 2024 Alpi-

149 2029 229 2071 bus
259 2029 410 2084 fluens,
437 2033 621 2074 Galliam
649 2035 971 2087 Transalpinam
1001 2048 1025 2076 a

92 2148 94 2150 -
147 2093 366 2147 Cisalpina
381 2107 595 2149 separans,
607 2097 920 2138 vetustissimus
935 2098 1025 2138 Ita-

148 2156 215 2198 }ioe
234 2158 452 2209 terminus.
502 2159 662 2205 ⁴Macra
680 2161 854 2200 Fluvius
874 2166 942 2200 est
970 2173 1024 2200 ex

149 2219 273 2261 initio
301 2219 519 2273 Apennini
559 2221 710 2269 fluens,
753 2223 866 2262 inter
895 2223 1023 2274 Lign-

151 2293 245 2323 rnm
261 2290 443 2337 montes,
465 2291 510 2326 et
529 2286 699 2326 demum
716 2287 845 2338 juxta
864 2288 1024 2326 Lunam

149 2344 371 2386 civitatem
390 2346 540 2388 defluit
554 2349 596 2388 in
614 2361 730 2389 mare
744 2349 1024 2400 Tyrrhenum.

154 2406 307 2448 otim.

203 2469 321 2521 lato]
339 2470 525 2522 Liguriae
545 2483 664 2513 mons
682 2481 762 2525 est,
776 2478 822 2514 ut
835 2477 1025 2516 testatur

149 2535 196 2572 et
215 2533 372 2586 Livius,
391 2547 515 2587 quem
536 2537 732 2577 Leander
752 2538 877 2578 hodie
902 2540 1024 2591 PAlpi

149 2595 211 2635 del
227 2596 446 2648 Peregrino
465 2600 604 2640 vocari
624 2601 744 2642 dicit.

202 2658 316 2701 Ex'r.
363 2663 387 2713 ς
414 2666 437 2702 l⁴
462 2662 608 2715 Samii]
635 2664 746 2708 Cum,
766 2664 1021 2705 Prienenses

149 2721 270 2772 gravi
313 2722 429 2763 bello
464 2732 776 2778 premerentur,
817 2729 1021 2768 auxilium

148 2784 367 2834 petierunt
387 2798 412 2826 a
429 2788 608 2838 Samiis3
639 2789 785 2842 Samii,
807 2795 855 2830 ut
874 2792 945 2843 qui
967 2792 1020 2832 ab

148 2844 230 2885 iuis
263 2853 408 2888 essent
443 2849 586 2901 alieni,
619 2853 738 2903 quasi
775 2853 1020 2906 irridentes,

147 2918 195 2946 se
208 2906 430 2959 Sibyllam,
445 2911 505 2951 ita
519 2913 632 2953 enim
651 2916 838 2955 nonnulli
854 2917 1020 2968 legunt,

147 2969 346 3011 missuros
374 2976 713 3028 responderunt3
747 2990 844 3018 nam
872 2990 926 3018 ex
958 2980 1021 3019 Si·

149 3030 278 3084 byllis
314 3045 397 3074 nna
430 3035 516 3075 fuit
554 3038 708 3080 Samia.
762 3041 1020 3083 Prienenses

149 3104 268 3144 ergo,
285 3095 399 3147 quod
418 3097 644 3139 irridentes
661 3101 793 3141 Samii
819 3105 1021 3154 promise·

149 3160 259 3209 rant,
277 3157 378 3197 laeto
393 3159 534 3200 animo
549 3170 822 3214 acceperunt.
835 3167 897 3206 <Et
910 3167 1020 3208 hauc

149 3219 269 3270 qnasi
297 3219 447 3261 ducem
468 3223 569 3263 belli
586 3227 913 3279 constituentes,
934 3232 1020 3281 glo·

148 3279 298 3321 riosam
313 3283 576 3326 ‹ix-hostibus
593 3288 814 3329 victoriam
830 3299 1021 3343 reporta-

149 3348 317 3383 verunt.
347 3345 498 3386 Oliver.

201 3404 492 3461 Prienensibus]
550 3411 708 3454 Priene
757 3417 908 3457 civitas
954 3423 1021 3459 est

153 3464 297 3520 Ioniae,
312 3471 479 3514 Biantis
500 3476 651 3527 patria.
679 3477 846 3519 Author
865 3482 1020 3522 Strabo

1827 255 1830 258 ’
1869 263 1977 317 947

1097 405 1193 433 xw.
1214 393 1286 434 nbi
1305 393 1531 434 nominatis
1551 392 1775 434 duodecim
1795 393 1978 436 civitati-

1097 457 1192 507 bus,
1231 458 1273 497 in
1320 457 1474 512 quibus
1514 458 1688 503 Priene,
1728 456 1980 510 subjungit;

1095 530 1193 559 nam
1213 520 1278 560 hae
1301 526 1401 561 sunt
1423 519 1649 561 duodecim
1670 518 1804 559 Ioniae
1828 520 1977 560 civita-

1094 585 1177 622 tes.
1235 584 1293 623 Et
1310 584 1436 635 paulo
1452 581 1646 632 inferius,
1662 581 1736 622 ubi
1755 582 1810 622 de
1831 583 1977 635 singu-

1094 645 1146 685 lis
1163 646 1425 686 mentionem
1441 646 1560 697 facit,
1573 646 1585 668 ‘
1601 646 1707 686 Post
1719 646 1979 697 Menambis

1093 707 1249 762 iuquit,
1284 714 1296 732 ‘
1313 710 1426 750 ostia
1440 715 1505 750 est
1526 709 1822 749 Prienensium
1841 709 1981 762 littus,

1093 771 1208 811 ultra
1245 772 1358 825 quod
1398 773 1557 813 Priene
1598 778 1667 813 est
1710 778 1756 812 et
1802 773 1977 825 Mycale

1091 844 1212 874 mons
1229 833 1329 874 feris
1350 840 1396 876 et
1413 835 1636 876 arboribus
1656 834 1839 888 plenus!
1853 835 1976 876 Idem

1092 898 1223 948 paulo
1243 904 1364 950 post:
1398 899 1411 921 ‘
1429 899 1618 950 Priene,'
1644 899 1797 951 inquit,
1813 902 1824 922 ‘
1842 911 1867 939 a
1886 899 1978 951 qui-

1092 960 1272 1001 busdam
1293 962 1457 1003 Cadme
1481 962 1741 1014 appellatur,
1774 962 1976 1014 quoniam

1091 1022 1286 1065 Philotas
1322 1025 1415 1077 ejus
1442 1024 1640 1066 conditor
1669 1037 1692 1065 e
1714 1025 1885 1065 Boeotia
1905 1037 1976 1065 ve-

1091 1087 1189 1127 nit.'

1147 1149 1312 1202 Carras]
1342 1152 1488 1193 Carrae
1515 1150 1662 1207 populi
1682 1150 1881 1199 insulani,
1911 1151 1975 1203 pi-

1090 1215 1272 1256 raticam
1306 1222 1578 1268 exercentes,
1611 1215 1763 1256 famosi
1781 1215 1975 1267 fuerunt,

1092 1278 1196 1319 victi
1225 1291 1252 1319 a
1280 1278 1442 1330 Minoe,
1461 1285 1509 1320 ut
1528 1279 1798 1331 Thucydides
1818 1285 1864 1320 et
1880 1281 1975 1320 Sal·

1091 1341 1246 1381 lustius
1293 1342 1458 1382 dicunt.
1513 1340 1683 1382 Author
1719 1343 1892 1382 Servius
1930 1343 1972 1382 in

1091 1404 1361 1455 expositione
1393 1404 1506 1444 illius
1543 1404 1744 1444 carminis
1774 1406 1969 1457 Virgilii:

1091 1467 1104 1488 ‘
1115 1466 1200 1506 Hic
1213 1468 1409 1520 Lelegas,
1420 1468 1672 1519 Carrasque,
1687 1466 1973 1518 sagittiferos-

1089 1540 1172 1581 que
1194 1529 1417 1570 Gelonos.'
1469 1529 1532 1569 At
1547 1530 1701 1570 Strabo
1715 1529 1822 1570 dicit
1837 1543 1971 1582 popu-

1089 1592 1151 1631 los
1168 1603 1261 1632 esse
1291 1593 1431 1632 Cariae
1461 1593 1662 1644 regionis,
1683 1604 1778 1644 quae
1799 1599 1971 1633 conter-

1088 1654 1202 1694 mina
1221 1661 1289 1695 est
1308 1655 1461 1708 Ioniae,
1493 1655 1695 1695 videlicet
1723 1656 1838 1695 inter
1856 1657 1971 1696 Ioni-

1089 1729 1157 1757 am
1197 1723 1244 1758 et
1277 1718 1440 1759 Liciam
1478 1718 1646 1770 positae.
1699 1718 1793 1758 Hos
1840 1719 1970 1758 etiam

1088 1780 1318 1833 aliquando
1351 1783 1430 1822 sub
1460 1781 1607 1821 Minoe
1627 1780 1761 1821 fuisse
1782 1782 1971 1834 dicit„et

1087 1841 1248 1883 insulas
1269 1843 1499 1884 habitasse.
1553 1844 1670 1884 Hinc
1689 1845 1877 1885 arbitror
1898 1845 1970 1885 In-

1087 1905 1255 1946 sulanos
1275 1907 1376 1947 inde
1395 1907 1542 1948 dictos
1562 1906 1709 1959 fuisse,
1739 1914 1784 1948 et
1815 1909 1970 1948 Carres

1087 1968 1297 2019 Carnium,
1316 1970 1564 2010 declinavit.
1623 1971 1733 2011 Sunt
1756 1975 1801 2011 et
1821 1971 1967 2012 Carrae

1087 2030 1235 2080 primae
1268 2031 1568 2073 declinationis
1597 2033 1640 2073 in
1659 2034 1797 2085 Syria,
1817 2035 1968 2075 eodem

1088 2099 1200 2133 teste
1233 2095 1308 2135 lib.
1340 2107 1400 2136 v1.
1429 2097 1471 2135 in
1492 2096 1787 2148 descriptione
1813 2098 1969 2149 Syriae,

1086 2156 1193 2197 dicit
1224 2159 1365 2200 enim:
1407 2161 1420 2182 ‘
1441 2160 1754 2211 Tigranocerta
1791 2167 1837 2201 et
1873 2162 1969 2201 loca

1085 2233 1178 2272 quae
1215 2227 1313 2261 sunt
1343 2223 1461 2263 circa
1483 2224 1637 2264 Carras
1659 2225 1968 2278 Nicaphorium

1086 2289 1133 2323 et
1153 2286 1409 2327 Chordiraza
1427 2293 1472 2328 et
1490 2288 1690 2340 Sinnaca,
1718 2291 1762 2328 in
1788 2303 1872 2342 qua
1893 2292 1966 2329 Su·

1087 2347 1180 2386 rina
1213 2349 1468 2390 Parthorum
1501 2350 1736 2402 imperator
1767 2352 1967 2392 Crassum

1086 2409 1187 2449 dolo
1205 2416 1379 2463 captum
1399 2414 1647 2456 interemit?
1681 2415 1810 2456 Unde
1829 2418 1966 2457 Luca-

1088 2484 1166 2511 nus
1185 2486 1197 2512 :
1226 2478 1238 2496 ‘
1255 2473 1455 2527 Assyrias
1478 2478 1601 2518 Latio
1619 2474 1965 2521 maculavit'san-

1086 2537 1212 2585 guine
1228 2537 1412 2578 Carras.’
1441 2539 1590 2583 Oliver.
1952 2587 1964 2601 s

1136 2600 1384 2651 Arrogantia
1413 2602 1614 2656 instincti]
1643 2604 1870 2645 Pulmanni
1896 2619 1967 2647 co·

1085 2661 1196 2703 dex:
1223 2666 1429 2714 arroganti
1447 2666 1649 2707 instinctu.
1696 2667 1840 2721 Atque
1860 2669 1965 2709 illud

1084 2725 1212 2765 etiam
1232 2734 1366 2767 recte.
1406 2729 1476 2769 Sic
1497 2731 1607 2769 enim
1625 2731 1777 2772 Cicero
1796 2747 1805 2771 :
1825 2734 1837 2755 ‘
1854 2735 1964 2774 Quae

1084 2788 1291 2830 instinctu
1309 2791 1453 2832 divino
1469 2791 1736 2844 funduntur‚'
1768 2795 1822 2835 de
1841 2796 1965 2836 Divi-

1083 2857 1173 2892 nat.
1194 2864 1226 2893 1.
1242 2859 1288 2893 et
1305 2854 1404 2894 alibi
1424 2856 1592 2907 saepins.
1624 2857 1810 2907 Pighius.

1139 2916 1368 2968 Cymbalam
1398 2918 1456 2957 eis
1493 2919 1642 2958 derisus
1675 2921 1814 2970 gratia
1848 2922 1962 2962 mise-

1081 2978 1194 3029 runt]
1237 2979 1309 3021 Ita
1341 2981 1641 3035 Manuscripta
1673 2986 1962 3036 exemplaria3

1082 3055 1182 3093 non,
1201 3049 1250 3084 ut
1279 3044 1323 3084 in
1352 3045 1459 3097 aliis,
1487 3045 1690 3099 Sibyllam.
1746 3050 1842 3088 Nec
1864 3061 1960 3100 pro-

1081 3105 1202 3147 fecto
1246 3107 1411 3159 inepte,
1456 3110 1667 3162 nimirum,
1707 3123 1786 3162 pro
1826 3111 1961 3150 classe

1082 3169 1325 3221 cymbulam
1340 3172 1489 3212 irrisus
1510 3175 1654 3224 gratia
1670 3174 1838 3213 missam
1861 3174 1962 3213 licet

1081 3233 1336 3286 intelligere.
1382 3234 1559 3286 Ἀλογον
1577 3248 1757 3288 namque
1792 3235 1962 3275 videtur

1083 3302 1213 3348 atque
1240 3297 1485 3350 absurdum,
1517 3298 1731 3339 foeminam
1765 3310 1887 3338 unam
1915 3300 1959 3338 in

1082 3359 1286 3399 auxilium
1306 3362 1496 3401 mittere.
1567 3362 1662 3400 Duo
1684 3360 1754 3399 alii
1775 3362 1959 3412 codices,

1083 3434 1186 3473 quos
1199 3423 1381 3474 contuli,
1395 3423 1671 3462 lembunculum
1686 3434 1866 3473 posuere
1882 3435 1957 3474 pro

1079 3486 1271 3538 cymbula,
1300 3498 1395 3539 quae
1426 3498 1507 3527 vox
1536 3486 1803 3526 librariorum
1833 3490 1958 3539 culpa
