2320 4004
522 278 782 321 VALaRn
824 276 1068 315 MAx1M1
1112 275 1230 314 nm.
1271 275 1352 313 ιν.
1391 274 1526 313 cAP.
1552 260 1605 312 1.

154 400 495 455 reperiebantur.
530 396 597 438 Ac
614 395 793 450 proinde
812 395 947 447 maj0r
968 394 1030 434 vis

152 468 197 506 in
215 464 351 518 prima
368 463 520 508 classe,
536 473 629 514 quae
643 457 1031 509 caeterisclassibus

155 527 348 570 omnibus
407 537 490 565 una
544 523 736 565 centuria
795 521 1030 563 antecellit.

153 590 265 632 Vide
307 588 520 630 Nunnium
553 588 792 628 Miscellan.
831 586 941 626 libro
985 595 1032 626 Χ.

154 652 296 704 capite
315 651 480 692 ultimo.

203 713 543 766 Provocationem]
585 715 676 754 Lex
720 714 814 754 haec
860 710 1034 752 Valeria

151 778 331 821 multum
348 778 594 818 libertatem
615 778 761 830 populi
780 775 914 816 auxit.
956 774 1032 814 Fo-

151 843 211 883 ris
237 842 351 882 enim
379 841 675 894 Magistratui‚
694 840 767 893 qui
786 851 882 880 cum
900 838 1031 889 impe-

150 907 215 948 rio
233 913 343 958 erat,
361 906 616 947 verberandi
641 905 907 957 necandique
938 908 1032 943 erat

153 976 378 1022 potestas:
421 970 535 1011 domi
570 975 730 1021 autem,
765 968 848 1008 nisi
884 966 1031 1019 populi

147 1033 326 1086 iudicio,
346 1034 390 1074 in
409 1046 506 1074 eum
532 1033 605 1085 qui
636 1037 926 1084 provocasset,
945 1028 1032 1069 ani-

152 1097 359 1138 madverti
385 1109 471 1137 non
508 1096 664 1148 potuit.
717 1095 802 1135 Sed
839 1095 929 1134 haec
962 1094 1032 1134 lex

153 1159 423 1211 postmodum
459 1171 538 1212 per
572 1160 712 1211 legem
748 1156 948 1198 Porciam
986 1161 1033 1197 et

149 1224 443 1277 Semproniam
459 1229 666 1265 renovata
684 1228 765 1264 est.

206 1289 231 1340 ξ
248 1291 274 1328 2
301 1289 368 1329 Ad
383 1289 547 1330 Furium
570 1286 798 1338 Camillum]
828 1284 1031 1337 Hic,fer—

154 1355 282 1392 vente
299 1352 587 1392 Romanorum
612 1364 661 1391 ac
681 1352 885 1390 Veiorum
905 1350 1035 1401 bello,

152 1426 250 1455 cnm
278 1415 473 1455 tribunus
503 1415 686 1456 militum
713 1413 926 1454 consulari
959 1425 1034 1464 po-

152 1483 316 1519 testate
333 1484 514 1531 propter
531 1477 804 1529 discordiam,
817 1489 911 1530 quae
932 1482 1036 1518 tunc

155 1539 270 1583 domi
297 1542 547 1594 militiaeque
573 1540 672 1594 fuit,
691 1541 942 1592 prohibitus,
963 1540 1035 1592 qui

154 1604 221 1644 vir
253 1610 384 1656 esset,
413 1604 656 1655 ostendere,
691 1605 744 1644 ad
778 1610 1035 1652 extremum,

152 1668 448 1709 crescentibus
479 1668 619 1708 indies
647 1674 693 1709 et
720 1668 965 1709 domesticis
992 1673 1037 1707 et

154 1731 348 1773 externis
382 1730 519 1779 malm,
539 1738 704 1772 terrore
735 1731 908 1783 publico
937 1731 1037 1770 Dic-

155 1799 274 1835 tator
300 1793 455 1846 dictus,
469 1794 528 1841 ‚ad
549 1795 685 1834 unicae
715 1795 833 1834 urbis
852 1794 1039 1834 obsidio-

154 1869 254 1899 nem
273 1863 395 1898 tanta
414 1857 635 1911 profectus
655 1859 843 1899 omnium
866 1857 1040 1908 fiducia,

155 1928 207 1963 nt
235 1934 334 1963 cum
371 1923 634 1975 imperatore
672 1927 836 1963 mutata
869 1921 1040 1963 fortuna

156 1985 340 2038 reipubl.
360 1986 590 2026 videretur.
632 1988 876 2039 Capenates
896 1987 937 2026 in
959 1986 1040 2038 pri·

156 2050 237 2090 mis
267 2055 314 2090 et
339 2049 581 2099 Phaliscos,
612 2051 684 2103 qni
719 2063 815 2090 cum
849 2051 1039 2090 hostibus

157 2113 506 2165 conjuraverant,
538 2114 770 2166 Nepesinis
804 2114 847 2153 in
883 2113 1039 2154 finibus

160 2175 306 2216 obvios
338 2176 458 2216 vicit.
515 2177 630 2216 Hinc
663 2177 831 2229 longam
857 2178 1042 2217 obsidio-

158 2249 257 2282 nem
271 2238 475 2278 Veiorum
495 2251 547 2278 ac
559 2238 776 2279 difficilem
792 2242 1040 2291 perpetiens

159 2301 266 2342 mira
285 2303 529 2347 constantia
557 2315 607 2342 ac
629 2303 799 2350 virtute,
819 2316 928 2343 anno
950 2310 1042 2343 tan-

161 2364 261 2405 dem
299 2365 467 2405 decimo
502 2366 632 2406 Veios
668 2366 802 2417 cepit,
840 2367 914 2418 qui
950 2367 1041 2406 dies

162 2429 299 2468 multa
320 2429 506 2469 hostium
538 2430 658 2469 caede
683 2436 926 2469 transactus
959 2436 1042 2482 est,

161 2491 300 2533 donec
329 2505 355 2532 a
372 2492 600 2534 Dictatore
625 2499 741 2533 esset
770 2493 974 2545 edictum,
994 2501 1043 2535 ut

159 2555 395 2596 inermibus
408 2564 674 2608 parceretur.
704 2556 870 2599 Quibus
884 2558 1042 2610 captis,

160 2618 204 2658 in
237 2618 428 2672 praedam
461 2620 573 2660 versi
603 2632 764 2671 omnes,
788 2620 857 2661 cui
887 2622 1042 2662 nullius

159 2682 216 2724 ad
235 2694 328 2724 eam
345 2683 459 2724 diem
477 2684 608 2725 hostis
622 2683 771 2736 praeda
790 2696 870 2736 par
886 2683 1044 2726 fuerat.

162 2745 280 2788 Huic
293 2747 484 2788 victoriae
501 2749 647 2788 Romoe
662 2747 812 2800 ingens
828 2749 1044 2801 gaudium,

161 2816 209 2850 et
236 2811 454 2864 quatridui
479 2811 834 2864 supplicationes,
874 2818 1045 2865 quantae

162 2886 376 2929 nunqnam
426 2882 584 2927 antea;
626 2877 828 2917 Dictator
870 2877 1046 2918 insolito

163 2939 325 2981 honore
358 2941 654 2994 triumphavit,
679 2951 727 2982 et
754 2954 886 2994 super
902 2943 1046 2982 huma—

166 3013 268 3044 num
303 3004 497 3045 habitum
530 3005 786 3057 Capitolium
838 3005 1050 3057 ascendit,

165 3077 338 3107 currum
366 3079 542 3107 aureum
574 3068 693 3120 equis
722 3072 903 3120 quatuor
921 3068 1047 3108 niveo

164 3129 352 3171 candore
388 3130 667 3171 trahentibus.
734 3130 838 3182 Ipse
876 3131 1047 3183 quidem

165 3194 390 3251 persolutis
410 3195 521 3235 votis
542 3194 743 3247 deposuit
759 3194 1017 3234 dictaturam
1035 3208 1047 3235 ι

169 3256 249 3308 vir,
279 3263 326 3298 et
357 3258 501 3310 armis,
520 3265 565 3299 et
598 3259 725 3299 animi
753 3259 1047 3299 moderatione

170 3319 448 3371 clarissimus3
479 3322 556 3362 sed
585 3322 704 3362 nulla
723 3323 898 3363 claritas
919 3329 1048 3363 vacat

168 3380 338 3423 invidia.
391 3382 580 3424 Alienati
626 3398 652 3425 a
689 3385 866 3426 Camillo
911 3386 1049 3437 plebis

168 3443 320 3494 animi,
353 3448 629 3498 querentibus
678 3449 835 3500 passim
881 3449 1047 3489 civibus

172 3505 368 3546 hostilem
390 3509 576 3558 praedam
597 3511 639 3550 in
671 3519 772 3553 voto
793 3513 1047 3565 dispersam,

278 3574 421 3626 Delph.
436 3580 476 3616 et
491 3577 586 3618 Var.
608 3579 714 3619 Clas.

960 3579 1047 3619 Vol.
1069 3580 1186 3619 Mox.

1830 259 1970 312 1121

1094 399 1141 434 et
1160 393 1339 434 tribunis
1370 393 1541 447 plebem
1559 392 1614 434 de
1645 402 1765 432 more
1798 390 1972 431 turban-

1094 457 1224 509 tibus,
1238 458 1456 510 pendente
1476 463 1618 498 tamen
1632 454 1808 505 invidia,
1819 460 1973 507 quarto

1092 521 1303 560 Tribunus
1322 520 1504 562 militum
1522 519 1658 562 factus
1677 523 1759 564 est,
1779 516 1974 557 commis-

1095 595 1274 637 sumque
1309 584 1372 624 illi
1400 584 1558 624 bellum
1585 582 1843 633 Phaliscum,
1876 579 1976 620 hinc

1093 654 1308 698 exortum,
1327 647 1441 700 quod
1466 660 1562 687 cum
1580 645 1836 687 Veientibus
1864 644 1975 684 Pha·

1094 711 1186 751 lisci
1219 711 1530 763 conjurassent.
1583 711 1702 753 Quos
1734 721 1830 749 cum
1865 719 1976 760 prae-

1092 774 1150 814 lio
1166 775 1357 825 vicisset,
1376 781 1421 813 et
1435 774 1614 826 direptis
1635 774 1787 814 castris
1812 772 1978 813 hostili-

1093 837 1173 878 bus
1209 838 1400 890 praedam
1438 850 1604 878 omnem
1642 839 1694 878 ad
1732 843 1975 891 quaestores

1093 904 1287 956 publicos
1321 903 1557 956 reiecisset,
1591 905 1724 955 magis
1758 904 1978 956 magisque

1094 967 1298 1007 alienavit
1315 967 1396 1008 sibi
1414 968 1575 1009 animos
1595 968 1792 1017 militum,
1808 967 1881 1019 qui
1899 967 1979 1006 vir-

1095 1038 1233 1072 tutem
1252 1032 1331 1073 viri
1365 1033 1545 1084 rigidam
1572 1032 1695 1071 simul
1723 1031 1904 1071 oderant
1932 1035 1979 1070 et

1092 1096 1341 1148 stupebant.
1398 1096 1507 1136 Inde
1538 1107 1634 1136 cum
1666 1094 1832 1135 obsidio
1869 1106 1979 1146 prae-

1093 1159 1246 1199 validae
1266 1172 1317 1200 ac
1335 1159 1510 1200 munitae
1530 1158 1648 1200 urbis
1665 1159 1793 1199 nihilo
1808 1158 1981 1198 brevior

1094 1222 1246 1264 futura
1281 1224 1517 1274 videretur,
1564 1234 1691 1276 quam
1729 1222 1980 1262 Veientium

1094 1285 1265 1336 fuisset,
1305 1287 1427 1327 ducis
1460 1287 1597 1326 virtus
1632 1298 1682 1326 ac
1718 1285 1889 1326 fortuna
1923 1285 1986 1325 in·

1096 1357 1278 1402 gruente
1310 1350 1621 1391 honestissimae
1653 1349 1844 1390 victoriae
1869 1347 1981 1388 viam

1095 1413 1216 1460 fecit,
1231 1414 1433 1466 magistro
1450 1413 1634 1466 quodam
1651 1411 1871 1463 nobilium,
1883 1423 1983 1463 quo-

1097 1489 1191 1517 rum
1230 1483 1379 1529 patres
1417 1477 1544 1528 primi
1575 1481 1698 1515 erant
1730 1475 1774 1514 in
1806 1474 1982 1526 populo,

1097 1541 1171 1593 qui
1190 1553 1269 1594 per
1285 1541 1475 1592 speciem
1505 1540 1646 1580 solatii
1665 1540 1758 1579 illos
1778 1539 1821 1578 in
1841 1543 1984 1578 castra

1100 1606 1309 1656 Romana,
1329 1610 1376 1646 et
1405 1605 1458 1644 ad
1492 1603 1722 1644 tentorium
1750 1602 1872 1642 ducis
1909 1600 1984 1640 ad-

1100 1668 1298 1719 duxerat,
1313 1668 1476 1718 vincto,
1493 1667 1694 1719 nudoque
1708 1666 1793 1705 illis
1808 1663 1989 1715 tradito,

1100 1738 1147 1772 et
1194 1732 1321 1783 virgis
1360 1730 1578 1782 adhibitis,
1614 1730 1767 1782 quibus
1804 1732 1985 1780 agerent

1102 1795 1380 1849 proditorem.
1437 1795 1567 1846 Cujus
1595 1792 1880 1833 admiratione
1905 1791 1986 1830 vir-

1101 1859 1207 1900 tutis
1237 1859 1359 1899 fracti
1389 1858 1532 1908 animi,
1563 1857 1663 1897 urbs
1693 1855 1859 1907 dedita,
1892 1855 1986 1906 ipse

1101 1935 1261 1962 summa
1281 1935 1378 1962 cum
1397 1922 1545 1973 gloria,
1565 1921 1658 1960 sine
1679 1919 1896 1971 triumpho
1925 1924 1989 1958 ta-

1101 1999 1211 2038 men,
1243 1987 1342 2039 quia
1362 1998 1430 2026 res
1451 1986 1541 2026 sine
1559 1985 1687 2026 armis
1707 1990 1808 2024 acta
1832 1983 1990 2034 fuerat,

1102 2051 1280 2094 Romam
1301 2050 1442 2090 rediit.
1499 2050 1595 2090 Nec
1615 2048 1685 2088 diu
1706 2047 1879 2101 quidem
1909 2047 1990 2087 viri

1102 2114 1238 2167 gloria
1255 2118 1300 2153 et
1319 2126 1386 2154 res
1419 2119 1554 2165 gestae
1582 2111 1783 2152 invidiam
1810 2123 1989 2164 oppres-

1103 2190 1225 2218 sere:
1284 2183 1510 2217 accusatus
1558 2189 1584 2216 a
1631 2175 1804 2216 tribuno
1851 2175 1989 2227 plebis

1103 2241 1305 2292 Apuleio,
1337 2241 1653 2281 intercurrente
1687 2252 1764 2291 per
1799 2252 1869 2279 eos
1896 2239 1989 2278 dies

1105 2304 1391 2344 adolescentis
1413 2309 1549 2343 morte
1564 2301 1656 2351 filii,
1682 2302 1781 2342 hinc
1798 2302 1990 2353 publico,

1102 2368 1203 2407 hinc
1235 2370 1405 2419 privato
1435 2365 1704 2406 incommodo
1731 2364 1930 2417 affectus,
1948 2367 1990 2404 in

1105 2433 1278 2472 exilium
1296 2432 1414 2472 abiit.
1461 2430 1544 2470 Sed
1565 2422 1798 2482 parabatur
1817 2430 1991 2482 egregio

1104 2496 1198 2535 viro
1236 2497 1342 2544 laus,
1382 2507 1466 2534 non
1502 2506 1557 2533 ex
1594 2494 1809 2546 prosperis
1850 2493 1993 2543 modo,

1104 2559 1180 2599 sed
1201 2570 1255 2598 ex
1289 2557 1478 2597 adversis
1507 2557 1661 2609 patriae
1686 2557 1829 2597 rebus.
1884 2557 1993 2596 Cum

1104 2623 1248 2675 itaque
1263 2634 1342 2674 per
1359 2622 1403 2661 id
1418 2625 1584 2673 tempus
1599 2621 1821 2661 Gallorum
1838 2621 1994 2673 primo,

1106 2689 1263 2729 deinde
1291 2689 1603 2729 Germanorum
1637 2689 1802 2740 populi,
1821 2688 1997 2728 novissi-

1106 2753 1249 2805 mique
1267 2751 1453 2791 0mnium
1468 2751 1654 2790 Senones
1672 2750 1802 2801 Galli,
1822 2749 1994 2802 frugum

1107 2815 1295 2868 undique
1332 2813 1577 2865 dulcedine,
1614 2826 1710 2866 quae
1748 2813 1887 2854 adhuc
1923 2825 1995 2854 eos

1108 2879 1177 2918 bic
1204 2878 1385 2929 detinet,
1413 2877 1455 2916 in
1485 2877 1656 2917 Italiam
1686 2878 1912 2928 irruentes,
1932 2877 1994 2917 in·

1109 2942 1231 2982 finito
1270 2955 1366 2982 cum
1399 2941 1595 2982 exercitu
1628 2940 1845 2981 'fudissent
1883 2941 1996 2982 bello

1111 3007 1364 3057 Hetruscos,
1397 3018 1450 3045 ea
1487 3010 1751 3057 tempestate
1797 3015 1994 3055 magnam

1111 3069 1250 3109 Italiae
1290 3077 1457 3122 partem
1503 3069 1792 3121 possidentes,
1837 3067 1992 3107 deinde

1109 3132 1385 3185 Apenninum
1407 3132 1686 3184 transgressi,
1715 3131 1994 3181 clusiumque

1108 3196 1314 3247 aggressi,
1332 3196 1487 3237 dehinc
1517 3197 1708 3246 Romam,
1735 3193 1993 3234 exercitum-

1110 3268 1193 3310 que
1225 3259 1463 3299 Romanum
1493 3257 1794 3310 apud-Alliam
1818 3253 1994 3294 fluvium

1111 3322 1262 3373 proelio
1285 3321 1510 3374 fudissent,
1541 3331 1709 3371 unoque
1737 3319 1903 3367 impetu
1930 3316 1995 3354 in·

1111 3385 1332 3426 defensam
1352 3385 1501 3425 urbem
1530 3384 1746 3435 cepissent
1777 3385 1909 3431 atque
1928 3378 1993 3417 in-

1111 3449 1376 3498 cendissent,
1410 3448 1571 3487 Senatu
1598 3444 1726 3494 impie
1763 3441 1994 3489 trucidato,

1109 3509 1289 3552 flammis
1333 3509 1559 3551 hostilibus
1606 3508 1811 3547 intactum
1858 3505 1992 3545 solum

1791 3576 1816 3612 4
1849 3574 1884 3613 Β
