2346 3996
346 337 487 389 1270

342 465 582 507 “Punicani
602 466 703 506 lecti
726 467 845 517 parvi
874 470 918 506 et
937 466 1114 508 humiles
1135 469 1221 520 pri-

343 543 456 571 mum
493 544 515 570 a
538 531 791 581 Carthagine
823 530 1008 583 advecti,
1041 538 1086 571 et
1121 531 1221 571 inde

344 593 578 634 nominati!
618 594 745 632 Coler.

398 656 569 695 Pellibus
590 654 773 705 hoedinis]
813 654 978 697 Quibus
1010 656 1114 696 nihil
1142 656 1218 696 foe-

343 718 438 758 dius
460 723 504 758 et
525 717 747 769 abiectius.

396 778 418 834 ᾧ
439 786 463 821 2
492 783 545 822 Ρ.
566 786 695 821 autem
710 781 862 833 Scipio]
892 783 956 821 De
976 783 1057 822 hac
1078 783 1219 835 repul-

343 858 389 884 sa
405 845 558 884 Cicero
578 845 620 883 in
642 844 850 883 Oratione
873 856 949 894 pro
971 845 1147 885 Planco.

395 908 439 946 Is
457 908 522 958 qui
535 907 666 946 consul
677 907 890 957 Jugurthae
904 907 1040 947 bellum
1053 908 1217 957 indixit,

340 970 406 1021 qui
420 975 583 1009 matrem
602 969 765 1019 Idoeam,
784 968 872 1019 ξω]
905 969 999 1008 Hoc
1018 969 1111 1009 loco
1126 971 1216 1021 pla-

339 1046 404 1084 gae
426 1037 611 1072 vetustae
646 1031 929 1082 turpissimam
951 1031 1139 1071 videmus
1159 1032 1217 1071 ci-

338 1095 544 1146 catricem
575 1093 799 1135 sciolorum
829 1093 1044 1144 imperitia
1073 1094 1216 1134 induc-

339 1163 443 1207 tam,
470 1168 594 1209 quain
623 1157 694 1195 vix
715 1155 807 1206 ipse
826 1161 998 1195 sanaret
1027 1158 1215 1196 AEscula-

338 1221 434 1271 pius
470 1220 557 1258 sine
599 1218 870 1269 antiquorum
908 1219 1215 1270 exemplarium

333 1283 511 1322 auxilio.
556 1280 887 1321 Confunduntur
905 1282 1019 1321 enim
1037 1282 1105 1322 hic
1125 1287 1214 1322 tres

335 1345 528 1394 Nasicae,
577 1355 809 1395 eorumque
848 1356 915 1383 res
962 1344 1213 1396 insigniores

335 1408 444 1448 falso
475 1420 523 1447 ac
560 1418 786 1458 perperam
809 1406 879 1446 uui
899 1407 1214 1448 adscribuntur.

334 1472 514 1523 Ignarus
533 1468 721 1508 historiae
742 1468 1036 1521 ludimagister
1066 1471 1215 1524 aliquis

332 1536 446 1576 hunc
466 1536 604 1574 locum
624 1533 817 1574 fortassis
835 1534 995 1587 injuria
1011 1537 1213 1588 temporis

334 1607 435 1639 ante
448 1600 638 1639 luxatum
653 1598 865 1649 corrigere
881 1599 1071 1651 cupiens,
1083 1600 1214 1640 verba

333 1662 546 1715 quae‘dam,
583 1660 732 1713 quibus
769 1661 961 1701 historiae
999 1663 1213 1703 discerne-

331 1725 503 1775 bantur,
524 1724 641 1763 velut
656 1723 796 1764 ociosa
817 1736 868 1764 ac
889 1725 1104 1776 superflua
1123 1738 1211 1765 sus-

334 1787 485 1828 tulisse
530 1787 716 1837 videtur,
764 1787 839 1826 uni
885 1787 984 1828 huic
1023 1788 1212 1840 Scipioni

332 1851 563 1892 candidato
592 1850 732 1890 omnia
761 1849 1036 1890 attribuenda
1062 1851 1210 1891 existi·

331 1926 469 1965 mans,
506 1919 553 1954 ut
584 1911 700 1953 forte
736 1913 963 1952 mendosus
1001 1914 1118 1954 locus
1152 1914 1209 1954 'ex

332 1985 457 2031 parte
471 1978 561 2030 jam
573 1989 663 2030 prae
680 1989 725 2016 se
742 1975 925 2016 ferebat.
943 1978 1106 2017 Verum
1127 1990 1207 2018 non

330 2043 562 2093 intellexit,
592 2040 810 2080 Valerium
848 2053 932 2080 non
971 2041 1039 2080 hic
1085 2042 1208 2081 unius

330 2118 400 2146 res
435 2112 595 2158 gestas,
633 2103 706 2144 sed
751 2104 882 2144 totius
932 2105 1022 2157 ejus
1060 2105 1209 2145 domus

330 2169 606 2222 praeclariora
638 2172 865 2207 stemmata
897 2167 1128 2218 adducere,
1163 2175 1209 2208 ut

328 2237 599 2278 monstraret,
625 2244 750 2284 quam
770 2231 881 2271 bene
901 2232 1065 2271 meritae
1085 2231 1208 2271 fami-

328 2298 397 2338 11ae
422 2297 506 2337 levi
527 2297 579 2336 de
599 2307 725 2335 causa
754 2295 937 2347 repulsae
959 2295 1099 2335 labem
1133 2307 1207 2347 po-

328 2361 455 2413 pulus
491 2360 700 2400 intulerit.
748 2358 925 2409 Plagam
963 2359 1120 2408 denuo,
1146 2359 1207 2397 in-

327 2425 462 2477 quies,
505 2423 728 2476 aperuisti,
771 2421 847 2462 sed
891 2421 1044 2461 adhibe
1092 2433 1206 2461 nunc

329 2486 581 2527 remedium.
639 2483 764 2526 Quod
799 2496 893 2524 cum
929 2484 1030 2523 nihil
1053 2484 1209 2536 juvent

327 2547 615 2600 Manuscripti
629 2548 816 2598 codices,
828 2546 1024 2598 profecto
1038 2546 1207 2587 difficile

328 2624 379 2651 ac
400 2612 569 2651 minime
599 2622 787 2662 praesens
808 2622 902 2649 esse
921 2609 1086 2659 fateor;
1125 2611 1207 2650 nisi

324 2675 430 2715 illud
451 2687 504 2714 ex
525 2675 618 2726 ipsa
645 2684 857 2727 sumamus
885 2673 1075 2712 historiae
1097 2674 1205 2713 veri-

327 2743 435 2778 tate.
480 2738 618 2779 Quam
638 2736 785 2788 paucis
806 2735 944 2775 verbis
963 2735 1204 2787 interjectis

326 2801 402 2848 ita,
436 2799 469 2839 si
499 2799 760 2850 conjecturae
791 2798 909 2837 locus
939 2797 1091 2850 aliquis
1120 2805 1202 2849 est,

324 2861 635 2903 restituendam
668 2860 838 2899 Valerio
874 2859 1092 2911 suspicor:
1147 2861 1200 2906 P.

325 2930 454 2965 autem
487 2925 616 2976 Scipio
650 2923 800 2963 Nasica
835 2926 984 2972 togatae
1013 2924 1201 2974 potentioe

324 2989 584 3029 clarissimum
611 2988 755 3036 lumen,
781 2990 894 3038 pater
912 2986 1011 3037 ejus,
1029 2987 1093 3037 qui
1112 3000 1200 3027 con-

322 3053 382 3092 sul
398 3051 610 3102 Jugurthae
655 3049 792 3090 bellum
839 3050 1005 3099 indixit,
1046 3049 1199 3102 ejusque

318 3129 438 3169 nepos
454 3116 522 3168 qui
539 3120 703 3155 matrem
735 3115 883 3154 Idaeam
911 3115 1124 3167 Phrygicis
1139 3129 1197 3156 se-

322 3182 434 3221 dibus
446 3183 497 3221 ad
512 3185 662 3220 nostras
674 3180 951 3230 arasfocosque
965 3181 1198 3229 migrantem

320 3245 578 3287 sanctissimis
590 3242 763 3283 manibus
777 3243 928 3293 excepit
943 3256 959 3289 ,-
985 3242 1021 3281 is
1035 3243 1114 3293 ipse
1131 3243 1197 3294 qui

320 3311 466 3349 multas
495 3313 534 3347 et
559 3306 768 3359 pestiferas
794 3306 1003 3345 seditiones
1033 3307 1197 3345 auctori·

321 3375 417 3413 tutis
447 3385 527 3412 suoe
557 3371 693 3410 robore
719 3369 922 3420 oppressit,
950 3368 1057 3417 cnjus
1083 3373 1196 3419 patre

319 3437 494 3488 principe
511 3438 664 3474 senatus
676 3445 745 3483 per
757 3432 904 3483 aliquot
917 3444 1038 3471 annos
1049 3433 1193 3481 gloria-

322 3504 384 3538 tus
414 3504 487 3545 est,
519 3500 584 3549 ᾅτ.
640 3497 739 3536 Non
771 3495 895 3534 video
920 3506 1000 3547 qua
1021 3495 1194 3534 meliore

321 3563 389 3602 via
407 3560 602 3602 lectionis
622 3560 803 3611 vulgatae
825 3557 985 3598 falsitas
1007 3558 1195 3598 declina-

927 351 1104 391 NOTAE
1145 353 1479 395 VARIORUM
1520 357 1587 396 ΙΝ

1285 470 1317 508 ri
1340 477 1499 521 posset.
1554 472 1636 512 Sed
1661 473 1863 524 judicent
1885 473 2029 515 docti:
2067 476 2158 527 ipse

1283 534 1453 583 quidem
1489 534 1591 574 nihil
1628 541 1796 576 mutare
1834 539 1926 577 sine
1966 544 2158 580 veterum

1277 594 1481 634 librorum
1512 598 1767 638 auctoritate
1800 600 1926 639 volui.
1981 601 2068 640 Cur
2087 614 2158 640 au·

1281 664 1367 698 tem
1402 659 1640 700 existimem
1675 661 1730 700 de
1761 662 1813 702 P.
1843 663 2001 703 Nasica
2031 664 2156 704 Sera-

1279 721 1404 772 pione
1425 722 1538 774 loqui
1556 727 1774 762 auctorem
1791 735 1874 764 non
1891 738 2040 776 paucae
2058 733 2159 767 sunt

1279 783 1483 831 rationes,
1512 797 1614 836 quas
1647 785 1690 825 in
1730 785 1967 828 Annalibus
1996 791 2157 830 nostris

1278 845 1322 884 in
1342 845 1432 896 ejus
1463 846 1540 886 hac
1573 847 1783 887 aedilitate
1815 849 1945 889 latius
1965 850 2159 903 exposui.

1277 908 1374 949 dam
1394 908 1558 961 reliqua
1580 910 1772 961 quaedam
1805 912 2009 953 orationis
2030 914 2158 955 verba

1278 983 1332 1011 ex
1353 971 1574 1012 codicibus
1595 973 1767 1024 scriptis
1797 978 1847 1013 ut
1866 975 2158 1026 emendemus,

1277 1035 1506 1085 legendum
1527 1047 1581 1075 ex
1610 1035 1796 1076 omnium
1826 1035 2155 1089 suffragatione:

1277 1100 1424 1146 togatae
1465 1098 1657 1148 potentioe
1701 1099 1959 1139 clarissimum
2003 1101 2157 1141 lumen:

1276 1173 1358 1199 non
1400 1167 1446 1201 ut
1486 1162 1626 1213 vulgo,
1661 1163 1823 1202 clarum.
1881 1165 1938 1203 Et
1975 1170 2152 1216 postea:

1279 1225 1357 1269 Qui
1383 1229 1546 1264 nzatrem
1574 1226 1722 1265 Idaeam
1751 1226 1969 1278 Phrygii-is
2001 1227 2155 1268 sedibus

1275 1289 1326 1326 ad
1356 1292 1511 1327 nostras
1542 1300 1634 1327 aras
1669 1288 1854 1340 focosque
1901 1289 2151 1339 migrantem.

1278 1349 1378 1388 Non
1412 1362 1432 1389 e
1467 1350 1671 1402 Phrygiis.
1728 1350 1940 1402 Agnoscit
1971 1351 2154 1400 κτητικὸν

1276 1410 1460 1464 φρινγικὺς
1476 1413 1720 1463 Stephanus
1735 1413 1790 1454 de
1806 1413 2009 1455 Urbibus.
2038 1451 2040 1453 ,
2065 1415 2154 1455 De-

1276 1478 1404 1529 nique
1425 1477 1575 1517 Cicero
1595 1476 1683 1516 sine
1704 1469 2058 1529 praepositione‚³·‘
2074 1479 2153 1518 mi-

1276 1551 1400 1589 grare
1440 1538 1592 1589 domo‚¹
1625 1539 1808 1579 Verrina
1839 1545 1994 1592 quarta
2030 1539 2154 1582 dixit.

1275 1600 1473 1653 Denique
1493 1600 1534 1640 in
1555 1601 1739 1652 exempli
1760 1601 1947 1652 ejusdem
1981 1600 2066 1642 fine
2095 1602 2155 1641 le·

1275 1664 1486 1715 gendum:
1526 1676 1603 1703 non
1637 1663 1819 1714 patiendo
1855 1675 1918 1703 eos
1949 1676 1975 1703 a
2008 1663 2156 1704 securis

1269 1728 1378 1777 peti.-
1408 1726 1536 1779 idque
1572 1738 1626 1765 ex
1657 1726 1843 1766 omnium
1882 1731 2076 1766 veterum
2103 1724 2153 1766 li-

1274 1790 1444 1830 brorum
1465 1803 1689 1831 consensu.
1744 1790 1950 1842 Impressi
1968 1791 2154 1841 codices,

1271 1866 1294 1892 α
1323 1854 1486 1904 scurris,
1522 1855 1709 1906 produnt
1747 1866 1989 1906 perperam.
2045 1855 2151 1895 Erat

1271 1916 1380 1955 enim
1402 1916 1443 1955 in
1471 1916 1544 1956 illa
1568 1916 1784 1968 Scipionis
1803 1915 1961 1957 facetia
1980 1916 2149 1969 quidem

1270 1979 1540 2019 contumeliae
1561 1979 1768 2028 nonnihil,
1787 1978 1862 2018 sed
1891 1980 2008 2019 nulla
2036 1991 2150 2019 scur-

1270 2041 1419 2092 rititas,
1454 2055 1547 2094 quae
1583 2041 1896 2093 turpitudinem
1925 2046 2054 2094 atque
2074 2042 2148 2082 ob-

1268 2105 1535 2152 scoenitatem
1555 2110 1684 2144 amat.
1709 2104 1898 2154 Pighius.

1323 2167 1544 2217 Pestiferos
1587 2167 1811 2219 seditiones]
1865 2167 1975 2207 Nam
2021 2167 2150 2208 Tibe-

1269 2232 1378 2271 rium
1410 2231 1652 2271 Gracchum
1685 2229 2049 2270 seditiosissimum
2077 2231 2150 2272 ho-

1267 2295 1441 2344 minem,
1462 2299 1508 2333 ut
1528 2306 1658 2344 supra
1685 2292 1847 2333 dictum
1873 2298 1954 2343 est,
1974 2294 2148 2347 propria

1267 2369 1392 2399 manu
1414 2357 1649 2397 interemit.
1683 2356 1793 2396 Oliv.

1321 2421 1496 2460 Rusticoe
1522 2419 1664 2470 tribus]
1693 2419 1844 2469 Tribus
1877 2419 2042 2468 ratione
2072 2420 2146 2460 tri·

1268 2485 1369 2537 plici
1390 2483 1565 2523 fuerunt
1585 2482 1831 2530 distinctae;
1867 2482 1909 2521 in
1930 2482 2147 2534 Urbanas,

1267 2547 1546 2591 suburbanam
1586 2558 1679 2598 quae
1717 2543 1893 2585 fuerunt
1928 2544 2148 2585 libertino-

1267 2624 1390 2661 rum3
1434 2615 1480 2650 et
1516 2608 1770 2657 rusticanas,
1808 2619 1902 2660 quae
1938 2608 2144 2661 ingenuo-

1265 2686 1375 2713 rum.
2033 2696 2035 2698 ν

1320 2737 1341 2787 §
1376 2739 1399 2775 3
1444 2735 1607 2782 Nullus,
1642 2731 1730 2784 &cd
1772 2730 1964 2783 Contigit
2002 2730 2055 2773 A.
2087 2731 2142 2772 U.

1266 2810 1450 2847 anvu,
1468 2802 1514 2836 et
1532 2806 1728 2845 1>va111‚
1753 2799 1798 2834 et
1818 2804 1981 2834 unxlx.

1318 2859 1507 2910 Frustra]
1527 2860 1609 2898 Ter
1625 2857 1789 2897 scilicet
1805 2855 2038 2895 secundum
2058 2854 2146 2895 Au·

1263 2930 1399 2965 torem
1422 2924 1473 2963 de
1493 2923 1608 2961 Viris
1628 2919 1890 2969 Illustribus,
1915 2918 1986 2970 qui
2007 2918 2139 2958 dicit:

1262 2987 1436 3028 ‘Primo
1474 2985 1711 3029 consulatu,
1749 2994 1875 3035 quem
1922 2977 2021 3033 post
2057 2985 2143 3020 tres

1260 3052 1452 3103 repulsas
1480 3049 1663 3100 adeptus
1697 3053 1804 3092 crat,
1837 3044 1891 3084 de
1911 3043 2139 3096 Liguribus

1262 3111 1573 3166 triumphavit.'
1609 3111 1756 3150 Oliver.

1314 3181 1336 3231 ξ
1366 3182 1392 3218 4
1424 3177 1614 3222 Quintum
1643 3177 1790 3220 autem,
1820 3169 1910 3220 δῖα]
1951 3169 2022 3209 De*
2056 3169 2138 3210 hoc

1259 3241 1423 3282 Plinius
1443 3254 1452 3278 :
1474 3241 1486 3262 ⁶
1505 3239 1692 3280 Quintus
1709 3233 1905 3274 Caecilius
1921 3233 2139 3285 Metellus,

1258 3318 1282 3344 a
1319 3304 1478 3344 domita
1512 3297 1769 3340 Macedonia
1811 3293 2136 3346 Macedonicus,

1258 3370 1431 3409 Praetor
1459 3361 1913 3412 Pseudo-Philippum,
1934 3359 2004 3411 qui
2025 3359 2138 3398 idem

1258 3430 1492 3471 Andriscus
1513 3427 1653 3466 dictus
1685 3428 1765 3472 est,
1794 3423 1911 3462 vicit.
1971 3421 2137 3462 Invisus

1252 3493 1373 3545 plebi
1393 3491 1446 3531 ob
1472 3490 1643 3530 nimiam
1663 3485 1953 3534 severitatem,
1974 3488 2019 3523 et
2039 3483 2135 3538 ideo

1258 3561 1355 3609 post
1368 3554 1469 3595 duas
1486 3552 1675 3605 repulsas
1689 3548 1835 3590 consul
1853 3559 1966 3600 aegre
1978 3546 2136 3600 factus,
