2288 3990
558 289 1106 336 VALEmrMAxiMi
1152 289 1268 328 mn.
1310 286 1374 327 11.
1416 282 1549 327 cAP.
1576 272 1627 324 4.

175 433 307 472 mum,
347 430 444 474 quae
481 416 652 466 scribit,
688 413 848 455 debent
889 409 1055 462 accipi:

173 497 304 538 quum
346 493 430 523 non
467 480 562 520 aliis
598 478 692 519 fere
733 475 888 518 fabulis
931 484 1058 527 quam

173 547 404 600 Atellanis,
429 545 608 598 adjungi
637 543 767 585 solita
795 541 926 582 fuisse
948 541 1059 580 Exo-

173 613 261 665 dia,
279 618 327 653 et
345 610 572 663 superiora
593 607 721 647 verba
737 605 849 647 Livii
861 604 1061 653 doceant,

173 682 222 718 et
255 674 498 717 testimonia
526 679 750 714 veterum:
789 670 863 723 qui
891 666 1062 709 Exodia

173 739 350 794 propria
369 736 539 778 faciunt
566 736 610 776 id
640 747 774 789 genus
803 734 1059 775 fabularum.

173 801 404 847 Suetonius
419 801 529 841 libro
548 811 618 840 ιιι.
631 799 774 852 capite
786 801 856 839 45.
901 797 915 820 ‘
934 795 1061 837 Unde

174 877 296 908 mora
314 866 398 919 (ita
417 864 690 906 scribendum
709 874 821 914 esse,
840 873 926 901 non
943 864 1063 908 nota;

175 932 282 974 alibi
301 931 504 985 docemus
519 928 555 982 ε)
581 929 624 968 in
645 926 890 968 Atellanico
905 923 1062 964 exodio

175 997 384 1051 proximis
418 994 530 1035 ludis
563 1004 742 1034 assensu
774 989 960 1031 maximo
986 999 1061 1028 ex-

175 1067 323 1115 cepta,
341 1057 641 1113 percrebruit:
672 1055 855 1096 Hircum
873 1052 1063 1093 vetulum

176 1126 321 1177 capris
339 1129 538 1164 naturam
557 1118 790 1174 ligurrire!
840 1117 1064 1160 Juvenalis

175 1189 271 1230 Sat.
289 1199 354 1230 vr.
391 1188 404 1210 ‘
425 1185 611 1226 Urbicus
640 1183 795 1223 exodio
830 1181 958 1222 risum
979 1192 1066 1220 mo·

177 1258 253 1295 vet
297 1252 512 1293 Atellanae
560 1248 768 1290 Gestibus
815 1244 1065 1287 Autonoes:

177 1316 310 1370 Apud
330 1315 665 1365 Grammaticos,
686 1311 858 1366 quaudo
889 1312 944 1353 Q·
975 1311 1066 1350 No-

177 1381 288 1432 vius,
299 1385 373 1420 aut
388 1377 699 1428 Afranius,aut
718 1377 766 1416 L.
787 1374 1067 1426 Pomponius,

182 1451 256 1485 ant
276 1443 348 1484 alii
364 1443 408 1482 in
431 1441 597 1482 Exodio
614 1442 857 1490 laudantur,
873 1440 925 1478 de
946 1438 1067 1478 sabu-

178 1508 233 1549 lis
259 1507 489 1557 Atellanis,
510 1511 558 1546 ut
577 1504 778 1552 arbitror,
810 1515 980 1555 semper
998 1514 1066 1542 ac-

181 1571 442 1624 cipiendum.
481 1570 609 1622 Apud
629 1569 884 1609 Suetonium
900 1568 941 1606 in
963 1566 1067 1606 Gal-

181 1636 238 1676 ba
271 1635 519 1675 Atellanam
559 1632 777 1673 canticum
811 1631 866 1671 de
898 1630 1067 1670 Exodio

179 1699 470 1752 interpretor-3
499 1709 584 1738 non
614 1696 727 1738 enim
747 1694 862 1736 aliud
887 1695 929 1734 in
950 1694 1069 1734 Atel-

178 1763 278 1804 lana
305 1762 539 1811 canticum,
573 1760 651 1800 nisi
683 1759 926 1808 Exodium3
953 1758 1069 1810 quod

181 1828 244 1869 ita
262 1827 442 1878 dictum,
473 1826 543 1866 vel
575 1826 675 1878 quia
710 1824 974 1876 singulorum
1005 1824 1070 1863 di-

181 1891 427 1934 verbiorum
447 1889 521 1930 fini
537 1888 864 1942 subjiciebatur,
883 1889 951 1928 vel
972 1888 1071 1940 quia

183 1963 389 1998 extremm
437 1955 596 1996 fabulae
646 1953 809 1994 semel:
853 1952 915 1992 sic
957 1954 1072 1993 inter

183 2021 359 2062 chorica
384 2021 496 2061 mele
530 2019 782 2059 Graecorum
811 2016 1071 2067 dramatum,

185 2085 299 2139 quod
318 2085 372 2126 ab
389 2083 706 2128 introeuntibus
723 2086 763 2125 in
782 2096 954 2127 scenam
972 2094 1071 2123 can-

185 2149 377 2201 tabatur,
407 2149 569 2190 εἶσόδιον
605 2149 840 2192 dicebant:
871 2149 984 2204 quod
1017 2148 1072 2188 ab

185 2214 446 2255 exeuntibus
484 2212 639 2265 ἐξόδιον·
680 2222 879 2255 auctores
914 2214 1072 2254 Pollux

186 2288 235 2320 et
269 2279 424 2320 comici
458 2279 735 2331 interpretes.
793 2280 889 2319 Etsi
928 2285 1071 2318 autem

188 2343 379 2383 dubitari
396 2355 479 2383 non
509 2349 656 2396 potest
688 2356 742 2383 ex
775 2344 884 2383 Livii
915 2343 1074 2387 verbis,

186 2408 357 2448 Exodia
375 2405 678 2448 Atellanarum
710 2419 765 2446 ex
796 2407 972 2459 antiqua
1000 2408 1074 2446 Sa-

188 2477 287 2524 tyra
306 2469 440 2511 fuisse
459 2470 641 2522 primum
669 2476 787 2522 nata,
806 2476 906 2510 utut
924 2476 1076 2522 postea

187 2547 344 2576 nomen
358 2533 492 2575 fuerit
506 2540 742 2584 mutatum:
773 2540 989 2574 servatum
1011 2540 1075 2575 ta·

187 2612 288 2642 men
305 2600 439 2641 etiam
459 2613 483 2640 a
502 2600 685 2652 posteris
698 2599 878 2640 eandem
899 2599 1074 2653 poeseos

187 2662 368 2704 formam
387 2676 438 2704 ac
467 2662 656 2714 modum,
687 2675 830 2716 neque
862 2665 1076 2716 exemplis

188 2728 290 2768 ullis
317 2733 462 2780 potest
487 2726 677 2780 probari,
694 2739 833 2781 neque
851 2729 979 2768 ullius
1001 2741 1075 2769 an-

190 2791 409 2845 tiquorum
439 2791 695 2834 testimoniis
723 2792 878 2833 evinci.
929 2794 1076 2834 Casan·

191 2855 324 2900 bonus.

248 2919 369 2961 Tribu
387 2921 582 2974 movetur]
612 2922 888 2977 Caeteroquin
909 2923 982 2977 qui
1010 2935 1077 2964 ar-

193 2985 248 3026 tis
267 2984 464 3039 ludicrae,
481 2987 851 3038 pronunciandive
870 3000 1013 3038 causa,
1034 2988 1077 3028 in

191 3061 366 3092 scenam
396 3050 635 3103 prodirent,
665 3050 843 3092 infamia
871 3053 1077 3093 notaban-

195 3117 286 3166 tur,
300 3119 350 3154 ut
371 3114 500 3154 estin
521 3114 667 3155 edicto
695 3115 904 3156 Praetoris
928 3117 959 3157 l.
980 3129 1013 3156 1.
1033 3114 1079 3158 ff.

195 3177 251 3219 de
276 3178 358 3218 His
377 3178 449 3232 qui
479 3183 684 3219 notantur
711 3177 856 3221 infam.
906 3179 1076 3220 Livius:

194 3241 209 3264 ⁴
241 3242 304 3283 Eo
338 3241 584 3283 institutum
627 3248 790 3293 manet,
826 3249 876 3284 ut
909 3248 1081 3284 actores

195 3305 499 3348 Atellanarum
538 3319 619 3348 nec
655 3307 773 3348 tribu
809 3313 1081 3359 moveantur,

198 3374 246 3411 et
270 3371 484 3423 stipendia
506 3377 709 3426 tanquam
736 3378 940 3425 expertes
974 3374 1079 3414 artis

198 3432 377 3474 ludicrae.
402 3434 596 3477 faciant!

257 3499 322 3549 §⁵
341 3499 607 3552 Secularibus]
645 3502 712 3542 De
745 3506 985 3553 temporum
1018 3503 1078 3542 in-

205 3563 416 3616 tervallis,
433 3565 586 3618 quibus
602 3566 674 3608 isti
694 3566 784 3607 ludi
800 3565 1079 3618 reserrentur,

1864 266 2006 323 1021

1120 408 1227 449 tides
1259 408 1302 448 in
1340 407 1538 460 ambiguo
1574 410 1655 446 est.
1709 401 1933 457 Siquidem
1965 403 2008 443 in

1121 472 1310 512 carmine
1324 472 1506 513 seculari
1526 468 1701 511 Horatii
1716 467 1887 521 quidem
1908 468 1920 490 ‘
1937 480 2012 507 un·

1121 535 1254 575 denos
1287 535 1431 576 decies
1461 533 1615 575 annos'
1634 533 1802 586 legunt,
1830 531 1944 584 quod
1965 536 2012 571 et

1121 599 1415 640 commentarii
1454 597 1922 642 Quindecimvirorum,
1965 600 2013 635 et

1122 662 1211 703 divi
1244 661 1433 715 Augusti
1461 662 1623 713 edicta,
1652 667 1699 703 et
1725 661 1862 715 ipsius
1892 660 2015 700 deni-

1123 740 1208 781 que
1226 727 1422 780 Sibyllae,
1441 727 1555 781 quod
1576 727 1717 768 adhuc
1738 730 1898 777 exstat,
1917 737 2013 765 ora·

1122 792 1263 833 culum
1297 790 1662 833 confirmaverint.
1718 791 1881 832 Contra
1913 801 2014 830 vero

1124 854 1409 896 centesimum
1429 854 1574 895 redire
1603 859 1702 907 post
1732 867 1906 906 annum,
1924 858 2014 895 tam

1123 919 1325 960 Valerius
1352 918 1525 970 Antias,
1553 932 1680 972 quam
1712 921 1759 960 Τ.
1787 919 1950 970 Livius,
1970 923 2018 958 et

1126 984 1231 1024 item
1263 984 1326 1024 M.
1359 985 1501 1024 Varro
1535 983 1689 1024 testari
1724 984 2019 1035 perhibentur.

1125 1048 1281 1102 Itaque
1299 1049 1514 1089 seculares
1532 1047 1674 1088 dictos
1691 1052 1880 1095 autumo,
1901 1047 2015 1099 quod

1128 1115 1380 1167 plerumque
1411 1113 1546 1154 semel
1579 1111 1763 1152 hominis
1797 1115 1926 1151 aetate
1946 1110 2019 1150 fie-

1127 1184 1240 1230 rent,
1273 1184 1323 1219 ut
1355 1178 1491 1218 multa
1521 1175 1620 1229 alia,
1650 1189 1745 1229 quae
1775 1187 1875 1215 rara
1906 1182 2020 1225 sunt,

1128 1250 1228 1298 post
1266 1245 1461 1285 seculum
1512 1244 1704 1294 evenire,
1751 1242 2020 1295 loquentium

1129 1309 1398 1351 consuetudo
1418 1314 1617 1362 usurpat.
1655 1307 1855 1348 Instituti
1876 1313 2020 1346 autem

1130 1381 1228 1426 post
1251 1380 1426 1414 exactos
1446 1385 1571 1425 reges
1591 1385 1615 1412 a
1634 1372 1688 1412 P.
1708 1371 1881 1410 Valerio
1906 1370 2024 1410 Pub·

1130 1439 1274 1489 licola,
1293 1438 1366 1491 qui
1386 1438 1549 1489 primus
1569 1435 1717 1477 consul
1748 1433 1846 1487 fnit,
1877 1434 2023 1474 existi-

1130 1509 1317 1544 mantur.
1347 1503 1586 1542 Pontianus.

1186 1568 1311 1617 CuJ'us
1328 1567 1486 1618 generis
1505 1566 1636 1606 minus
1654 1569 1762 1606 certa
1782 1563 1927 1604 notitia
1945 1561 2023 1615 est]

1130 1632 1226 1672 Iino
1247 1644 1350 1672 vero
1370 1630 1627 1671 secularium
1647 1630 1846 1670 ludorum
1874 1628 1950 1683 (de
1972 1630 2024 1669 iis

1131 1694 1344 1748 loquitur)
1366 1696 1486 1748 origo
1516 1699 1650 1745 certa,
1667 1694 1908 1746 meliusque
1938 1706 2027 1733 om-

1131 1760 1232 1800 nino
1264 1760 1361 1800 libri
1397 1760 1546 1812 prisci,
1578 1760 1709 1799 minus
1741 1760 1856 1800 trita.
1911 1758 2026 1799 Satis

1131 1823 1256 1864 firma
1293 1825 1465 1878 quidem
1505 1831 1712 1879 certaque
1747 1823 1943 1875 traditio,
1980 1829 2027 1864 at

1133 1901 1217 1929 non
1239 1888 1418 1942 adaeque
1438 1889 1628 1942 vulgata.
1677 1888 1851 1940 Lipsius.

1194 1954 1299 1994 Urbs
1337 1955 1505 2007 agrique
1544 1953 1814 2005 vastarentur]
1871 1953 2027 2005 Vulgo,

1140 2019 1246 2060 Urbs
1282 2021 1461 2073 antiqua,
1493 2022 1561 2070 ᾅϊ.
1615 2020 1740 2060 Bene
1774 2019 2032 2070 Glareanus,

1141 2085 1245 2125 Urbs
1263 2090 1381 2137 atque
1411 2085 1517 2137 agri,
1537 2085 1743 2126 correxit.
1786 2085 1895 2125 Mss.
1928 2084 2029 2124 libri

1137 2161 1284 2189 omnes
1304 2149 1396 2190 fere
1418 2150 1593 2202 legunt:
1630 2149 1735 2190 Urbs
1753 2149 1917 2201 agrique
1937 2161 2023 2188 vus-

1137 2218 1331 2255 tarentur.
1363 2215 1463 2255 Non
1487 2215 1613 2254 male.
1645 2215 1767 2265 Pigh.

1197 2279 1476 2331 Vastarentur]
1502 2279 1626 2319 Vasti
1642 2284 1687 2319 et
1704 2278 1830 2319 vacui
1850 2278 2027 2319 cultori-

1136 2343 1216 2383 bus
1235 2343 1392 2384 fierent
1411 2344 1577 2395 ingenti
1598 2343 1865 2395 pestilentia.

1190 2407 1315 2447 Lares
1335 2407 1579 2459 familiares]
1608 2409 1740 2447 Lares
1771 2406 1880 2447 focis
1916 2419 2031 2458 prae·

1140 2479 1286 2513 erant:
1316 2473 1328 2495 ‘
1351 2474 1437 2512 Lar
1454 2473 1465 2490 ’
1499 2478 1642 2512 autem
1663 2472 1754 2512 sive
1772 2472 1784 2494 ‘
1801 2470 1932 2511 Lars'
1963 2477 2031 2511 est

1138 2539 1362 2578 Hetrusca
1387 2550 1487 2589 vox,
1507 2542 1551 2577 et
1567 2537 1816 2589 Principem
1838 2536 2030 2576 denotat.

1139 2601 1382 2642 Ausonius:
1406 2603 1417 2624 ‘
1433 2602 1580 2641 Tertia
1613 2602 1758 2654 opima
1779 2600 1901 2641 dedit
1927 2613 2027 2653 spo-

1140 2665 1269 2706 liatus
1286 2665 1564 2706 Aremoricus
1584 2665 1724 2705 Lars.'
1754 2665 1868 2707 Quia
1886 2670 2030 2704 autem

1141 2731 1447 2784 antiquissimis
1482 2730 1751 2783 temporibus
1781 2729 1824 2769 in
1864 2728 2030 2769 aedibus

1140 2794 1336 2836 defuncti
1375 2795 1710 2848 sepeliebantur,
1741 2794 1840 2835 hinc
1874 2799 1921 2834 et
1954 2806 2031 2845 pro

1141 2859 1237 2900 Diis
1271 2858 1550 2900 familiaribus
1571 2860 1692 2900 culti.
1749 2859 1866 2899 Hinc
1886 2863 1930 2898 et
1952 2858 2034 2897 La-

1141 2929 1304 2977 trones,
1329 2925 1542 2976 Larunes‚
1559 2924 1748 2976 Arnnes,
1769 2924 1876 2967 etin
1909 2922 2031 2976 pejo-

1142 3000 1232 3028 rem
1282 2989 1553 3041 postmodum
1605 2995 1778 3042 partem
1826 2989 2030 3030 latrones.

1142 3052 1258 3093 Vide
1281 3054 1464 3095 Gesner.
1486 3054 1733 3095 Mithridat.

1197 3117 1314 3158 Ditis
1343 3116 1506 3169 Patris]
1535 3117 1620 3159 Qui
1652 3123 1698 3158 et
1726 3116 1903 3169 Jupiter
1932 3115 2031 3165 Sty-

1144 3181 1236 3233 gius
1284 3181 1479 3234 Virgilio.
1550 3182 1670 3222 Unus
1709 3182 1872 3234 quippe
1907 3180 2031 3219 Deus

1143 3245 1380 3286 sanioribus
1427 3245 1623 3286 Ethnicis
1672 3243 1946 3292 credebatur,
1988 3247 2034 3282 et

1144 3324 1223 3364 pro
1262 3309 1709 3352 rationcaeofficiorum
1750 3307 1870 3347 varia
1907 3306 2032 3345 unius

1145 3376 1230 3415 Dei
1244 3382 1365 3415 erant
1382 3374 1652 3426 cognomina.
1687 3370 1826 3411 Autor
1843 3369 2034 3410 Servius.

1199 3438 1467 3491 Proserpinoe]
1506 3437 1618 3476 Vide
1638 3447 1767 3488 supra
1792 3434 1866 3476 lib.
1886 3445 1917 3475 1.
1938 3446 2033 3486 cap.

1148 3507 1186 3544 1.
1207 3503 1308 3542 Ext.
1333 3505 1354 3554 ξ
1378 3504 1418 3540 3.

1199 3568 1339 3608 Petita
1369 3564 1501 3616 calda]
1542 3563 1709 3615 Vulgo:
1755 3563 1883 3615 petita
1934 3575 2031 3614 aqna
