2288 3990
319 269 342 320 1
355 269 459 323 026

898 283 1073 323 NOTAE
1113 283 1441 326 VARIORUM
1485 288 1550 327 IN

317 414 387 443 ma
401 401 581 443 omnium
594 401 637 441 in
652 401 778 442 Italia
790 406 857 440 est
871 405 1184 452 statuaaurata,
1249 408 1338 443 tum
1356 404 1520 447 faceret
1544 418 1639 447 eum
1672 407 1836 448 aedilem
1864 403 1977 451 fieri.
2033 409 2112 454 Cu.

317 465 430 517 patri
459 464 677 505 Glabrioni
708 463 861 515 posuit.
916 463 959 503 Is
979 470 1088 515 erat,
1110 465 1182 517 qui

317 541 409 569 eam
445 534 634 578 voverat,
659 539 740 579 quo
769 525 839 566 die
865 539 959 567 cum
975 539 1075 579 rege
1093 527 1181 568 An-

315 592 456 632 tiocho
495 591 548 630 ad
581 590 884 641 Thermopylas
921 589 1182 642 pugnasset.²

316 655 501 704 Pighius.

367 719 486 770 Apud
540 714 825 767 Thermopylas]
887 715 1177 767 Thermopylae

314 786 414 820 sunt
427 779 630 830 angustiae
652 779 843 831 quaedam
864 779 991 830 OEtae,
1019 784 1066 818 ut
1087 779 1179 818 vult

314 843 467 882 Strabo
485 842 557 883 lib.
574 853 639 882 1x.
660 841 700 880 in
716 841 1005 892 descriptione
1024 841 1179 881 montis

314 907 441 957 OEtae,
459 918 550 958 quae
567 905 779 946 Graeciam
796 916 847 944 eo
865 910 993 956 pacto
1008 904 1179 955 dividit,

313 980 396 1020 quo
416 964 665 1020 Apenninus
683 967 867 1007 Italiam.
906 967 1177 1007 Dicitenim:

310 1033 322 1055 ‘
337 1033 396 1071 Hi
411 1043 512 1072 vero
525 1032 666 1071 OEtam
681 1035 866 1071 montem
882 1030 1177 1083 possidebant:

311 1106 431 1134 mons
451 1095 542 1146 ipse
565 1094 617 1134 ab
637 1094 798 1135 oriente
817 1106 866 1134 ac
885 1095 1178 1146 Thermopylis

306 1157 353 1195 in
389 1158 651 1198 occidentem
682 1169 818 1208 usque
849 1157 983 1197 sinum
1003 1157 1181 1197 Ambra-

310 1221 422 1260 cium
436 1234 481 1261 se
496 1222 705 1273 extendit,
718 1222 898 1274 quodam
913 1222 1039 1262 etiam
1055 1223 1179 1262 modo

310 1296 388 1335 per
407 1284 538 1324 lineas
559 1291 694 1325 rectas
708 1297 825 1324 mons
842 1286 923 1325 iste
938 1290 1179 1326 montanam

308 1347 463 1386 scindit
490 1348 720 1399 regionem,
747 1360 772 1387 a
806 1348 1022 1388 Parnasso
1049 1361 1178 1400 usque

308 1409 362 1449 ad
376 1410 573 1461 Pindum,
591 1410 892 1463 Barbarosque
910 1411 1180 1463 superjacen-

307 1477 388 1513 tes.
430 1472 562 1513 Istius
582 1485 681 1524 pars
701 1485 783 1513 una
795 1485 974 1525 vergens
989 1474 1032 1514 in
1046 1474 1178 1514 Ther·

307 1538 497 1589 mopylas
530 1537 634 1577 OEta
667 1543 862 1588 vocatur,
900 1538 1178 1590 longitudinis

308 1600 362 1640 ad
383 1600 519 1642 stadia
537 1611 603 1641 cc.
624 1601 868 1653 asperitatis
890 1606 934 1641 et
963 1602 1178 1642 celsitudi-

305 1663 369 1703 nis
388 1676 472 1704 non
491 1664 728 1705 mediocris.
777 1666 923 1717 Longe
944 1670 1088 1705 autem
1108 1679 1179 1705 ex-

306 1726 631 1767 cellentissimus
691 1727 745 1767 ad
796 1728 1180 1779 Thermopylarum

304 1793 490 1829 tractum
506 1803 518 1840 ;
534 1788 593 1829 ibi
613 1788 650 1828 ei
669 1801 873 1830 cacumen
893 1790 1120 1842 attollitur,
1135 1796 1180 1831 et

302 1851 349 1892 in
386 1864 513 1905 rupes
551 1858 712 1904 acutas,
741 1858 995 1905 praeruptas,
1027 1854 1180 1906 praeci-

302 1915 499 1968 pitesque
513 1915 658 1957 finitur
671 1931 683 1967 ;
706 1929 882 1969 parvum
899 1924 944 1958 et
957 1923 1181 1970 angustum

303 1977 535 2019 viatoribus
546 1991 570 2018 a
584 1979 730 2019 littore
745 1981 901 2020 Locros
916 1981 1179 2032 petentibus,

303 2045 349 2080 et
362 2051 416 2080 ex
429 2040 644 2081 Thessalia
658 2041 917 2095 derelinquit
930 2044 1178 2085 transitum:

301 2103 441 2156 pylas,
475 2103 519 2143 id
556 2109 638 2155 est,
673 2110 835 2156 portas,
873 2111 920 2146 et
961 2107 1178 2159 angustias

297 2165 490 2206 vocitant
534 2171 663 2218 atque
698 2167 1014 2219 Thermopylas.
1068 2169 1178 2209 Sunt

298 2227 411 2267 enim
426 2227 487 2267 ibi
507 2240 641 2280 prope
658 2230 847 2279 thermae,
865 2230 908 2269 id
928 2235 1010 2280 est,
1026 2231 1175 2271 calidae

300 2301 423 2342 aquae
443 2302 596 2342 magno
628 2292 670 2331 in
704 2291 877 2343 honore,
911 2298 959 2332 ut
995 2294 1176 2334 Herculi

301 2353 599 2393 consecratae!
654 2354 799 2395 Livius
832 2367 936 2396 vero
967 2355 1101 2396 lib.v.
1122 2357 1176 2396 de

298 2415 423 2455 Bello
442 2416 728 2458 Macedonico
748 2418 854 2458 dicit
878 2425 1065 2459 montem
1086 2431 1177 2460 esse

296 2477 608 2530 longissimum,
638 2480 709 2532 qui
741 2481 925 2521 mediam
958 2482 1021 2522 ita
1055 2482 1178 2523 Grae-

301 2540 412 2580 ciam
447 2541 615 2592 dividit,
662 2543 773 2582 sicut
810 2542 1063 2595 Apenninus
1101 2557 1178 2585 suo

302 2601 428 2642 dorso
448 2604 606 2643 scindit
623 2605 813 2646 Italiam.

353 2666 422 2716 §2
449 2666 525 2705 Jas
555 2666 687 2717 civile]
733 2666 831 2706 Hoc
862 2666 995 2707 etiam
1032 2667 1178 2707 Livius

299 2732 446 2767 narrat
459 2728 512 2767 ab
526 2728 633 2768 urbe
646 2728 821 2769 condita
833 2729 905 2769 lib.
922 2740 987 2770 tx·
1001 2729 1150 2770 dicens
1165 2743 1177 2770 :

300 2788 312 2811 ‘
328 2789 408 2829 Cn.
425 2790 597 2830 Flavius
603 2791 676 2842 jus
694 2791 819 2831 civile
835 2791 878 2830 in
894 2792 1179 2843 penetralibus

300 2852 530 2904 repositum
566 2853 774 2906 vulgavit,
804 2854 954 2894 Fastos
994 2855 1037 2895 in
1084 2856 1179 2895 albo

301 2916 461 2967 posuit,
494 2921 540 2956 ut
575 2917 746 2968 quando
784 2930 881 2958 cum
915 2919 1074 2970 populo
1111 2918 1181 2970 agi

299 2978 472 3029 liceret,
518 2978 618 3018 sciri
663 2979 839 3030 posset!
912 2981 1078 3020 Gellius
1124 2993 1179 3021 ex

301 3041 468 3081 Pisonis
491 3039 752 3081 Annalibus:
779 3042 793 3064 ‘
812 3042 890 3082 Cn.
911 3042 1063 3095 inquit,
1083 3043 1180 3083 Fla-

302 3104 411 3154 vius,
440 3109 563 3155 patre
582 3104 786 3145 libertino
811 3111 951 3156 natus,
971 3106 1179 3158 scriptum

303 3165 492 3206 faciebat
510 3178 523 3215 ;
571 3166 689 3219 isque
729 3178 780 3207 eo
827 3173 1021 3219 tempore
1063 3167 1180 3207 aedili

304 3227 440 3268 curuli
458 3229 711 3280 apparebat,
724 3241 807 3281 quo
824 3235 1016 3282 tempore
1031 3229 1178 3270 aediles

307 3291 656 3343 surrogabantur,
709 3304 891 3345 eumque
939 3305 1017 3344 pro
1062 3293 1179 3333 tribu

306 3351 473 3392 aedilem
517 3354 706 3394 curulem
751 3354 1056 3407 renunciarunt
1076 3368 1088 3396 ι
1136 3360 1181 3395 at

308 3415 457 3462 aedilis,
476 3417 547 3469 qui
562 3416 733 3456 comitia
745 3417 949 3467 habebat,
965 3423 1096 3469 negat
1114 3430 1181 3458 ac·

309 3477 468 3532 cipere,
493 3491 628 3532 neque
649 3480 729 3522 sibi
750 3481 938 3534 placere,
962 3482 1033 3534 qui
1046 3482 1179 3534 scrip-

1246 467 1415 507 Flavius
1451 468 1575 509 Annii
1613 469 1725 510 filius
1758 471 1916 512 dicitnr
1948 472 2119 513 tabulas

1245 531 1435 580 posuisse
1461 545 1473 581 ;
1521 533 1683 584 scriptu
1726 546 1817 573 sese
1862 535 2081 574 abdicasse
2102 547 2116 574 τ

1244 593 1362 647 isque
1381 596 1515 634 aedilis
1534 597 1691 636 curulis
1704 596 1840 637 factus
1859 604 1939 638 est.
1993 597 2115 638 Idem

1245 655 1322 696 Cn.
1359 657 1528 697 Flavius
1564 657 1692 698 Annii
1729 659 1839 700 filius
1874 661 2034 700 dicitur
2061 662 2115 702 ad

1242 718 1448 769 collegam
1469 720 1636 760 venisse
1657 721 1790 760 visere
1807 729 2011 771 aegrotum
2027 728 2115 773 3et,

1243 781 1283 820 in
1305 783 1503 822 conclave
1525 791 1748 835 postquam
1773 784 1981 835 introivit,
2012 785 2112 824 ado-

1242 844 1450 884 lescentes
1470 845 1528 884 ibi
1550 848 1788 898 complures
1811 847 1972 887 nobiles
1990 848 2112 888 sede-

1244 905 1363 957 bant,
1383 913 1703 948 contemnentes
1740 921 1834 948 enm
1856 922 1867 949 ε
1892 921 2116 960 assurgere

1243 970 1284 1009 ei
1320 982 1444 1010 nemo
1483 971 1628 1010 voluit.
1685 971 1763 1011 Cn.
1783 972 1953 1011 Flavius
1983 971 2114 1011 Annii

1243 1032 1350 1072 filins
1383 1033 1426 1073 id
1461 1034 1647 1074 arrisisse
1679 1034 1853 1083 dicitur,
1879 1035 2116 1087 sellamque

1245 1097 1434 1135 curulem
1473 1097 1600 1147 jussit
1634 1097 1712 1135 sibi
1750 1095 1907 1147 afferri,
1939 1109 2030 1144 eam
2071 1096 2115 1135 in

1244 1158 1384 1197 limine
1400 1159 1610 1209 apposuit,
1631 1170 1684 1198 ne
1704 1158 1796 1210 quis
1814 1159 1978 1198 illorum
1995 1159 2115 1199 exire

1241 1226 1398 1272 posset,
1432 1222 1576 1273 utique
1609 1221 1637 1260 ii
1669 1234 1814 1261 omnes
1841 1222 1964 1262 inviti
1996 1221 2116 1262 vide-

1243 1289 1339 1322 rent
1371 1295 1463 1322 sese
1495 1283 1538 1322 in
1570 1284 1675 1324 sella
1706 1284 1842 1324 curuli
1862 1283 2115 1326 sedentem?

1244 1345 1392 1385 Oliver.

1298 1409 1371 1450 Cn.
1395 1410 1564 1455 Flavius,
1593 1408 1680 1462 εμπ]
1714 1410 1783 1450 Ita
1799 1411 1880 1452 JC.
1903 1411 1951 1451 L.
1978 1421 2028 1450 11.
2057 1410 2114 1450 de

1243 1470 1365 1523 Orig.
1383 1472 1411 1513 J
1416 1484 1478 1513 ur.
1499 1474 1521 1524 ᾧ
1537 1476 1575 1512 6.
1593 1472 1793 1513 Omnium
1806 1478 1949 1513 tamen
1964 1474 2118 1524 harum,

1242 1540 1288 1574 et
1315 1535 1627 1587 interpretandi
1646 1536 1825 1576 scientia
1844 1541 1889 1575 et
1908 1535 2117 1576 Actiones

1243 1597 1357 1649 apud
1393 1598 1629 1650 Collegium
1665 1598 1922 1639 Pontificum
1959 1604 2111 1639 erant:

1243 1672 1296 1699 ex
1317 1660 1468 1712 quibus
1488 1662 1872 1713 constituebantur,
1892 1661 1986 1714 quis
2009 1674 2112 1714 quo-

1244 1734 1325 1774 qne
1341 1735 1450 1763 anno
1467 1730 1671 1776 praeesset
1687 1725 1903 1776 privatus:
1922 1729 1967 1764 et
1979 1736 2114 1777 popu-

1243 1785 1307 1824 lus
1323 1797 1454 1837 prope
1470 1793 1641 1826 eentum
1658 1786 1777 1826 annis
1794 1787 1871 1826 hac
1887 1793 2115 1826 consuetu·-

1243 1847 1342 1887 dine
1377 1861 1474 1888 usus
1511 1855 1589 1890 est.
1642 1850 1804 1889 Postea
1833 1861 1927 1889 cum
1947 1848 2114 1900 Appius

1242 1909 1445 1950 Claudius
1477 1911 1782 1962 proposuisset,
1798 1915 1843 1950 et
1861 1910 1913 1950 ad
1934 1909 2114 1951 formam

1241 1973 1467 2024 redigisset
1497 1974 1573 2013 has
1598 1973 1819 2024 Actiones,
1848 1973 1925 2013 Cn.
1946 1973 2115 2013 Flavius

1242 2036 1384 2076 scriba
1402 2036 1506 2088 ejus,
1522 2036 1710 2076 libertini
1727 2035 1852 2087 filius,
1865 2035 2114 2086 subreptum

1239 2100 1392 2139 librum
1412 2101 1569 2152 populo
1589 2099 1767 2140 tradidit
1784 2113 1796 2148 ;
1826 2104 1870 2139 et
1895 2099 2003 2139 adeo
2023 2111 2117 2150 gra·

1242 2168 1332 2203 tum
1349 2162 1433 2202 fuit
1450 2163 1495 2202 id
1513 2174 1662 2202 munus
1683 2162 1856 2214 populo,
1887 2165 1936 2213 ut
1968 2160 2116 2201 Tribu-

1235 2237 1315 2263 nus
1334 2225 1471 2276 plebis
1490 2224 1631 2278 fieret,
1659 2230 1703 2265 et
1719 2225 1917 2276 Senator,
1936 2229 1982 2264 et
1999 2223 2114 2264 AEdi·

1235 2286 1288 2325 lis
1304 2287 1475 2327 curulis.

1292 2350 1347 2388 Et
1362 2349 1508 2401 scriba]
1538 2349 1606 2390 An
1625 2349 1869 2390 AEdilitius?
1897 2347 2116 2399 fortassis3

1239 2423 1335 2451 nam
1356 2419 1401 2453 et
1419 2413 1583 2453 AEdiles
1603 2425 1699 2453 suos
1718 2412 1881 2452 scribas
1914 2423 2035 2464 aeque
2065 2423 2116 2452 ac

1239 2476 1455 2517 Praetores
1475 2483 1519 2518 et
1536 2478 1741 2517 Consules
1752 2476 1980 2516 habebant.
2012 2475 2117 2516 Piso

1240 2538 1282 2577 in
1320 2537 1557 2579 Annalibus
1577 2540 1656 2579 Cn.
1677 2539 1870 2578 Flavium
1890 2537 2018 2578 Annii
2034 2538 2116 2578 fili-

1240 2612 1325 2651 um,
1360 2614 1540 2654 eumque
1585 2602 1663 2654 ait,
1707 2602 1917 2654 scriptum
1963 2600 2117 2642 fecisse

1240 2662 1384 2714 phrasi
1405 2663 1662 2716 antiquaria.
1697 2663 1888 2704 Scribam
1909 2663 2116 2704 Lucillius

1238 2724 1251 2747 ‘
1268 2724 1602 2776 Scriptuarium’
1630 2727 1822 2778 appellat
1840 2726 1955 2778 apud
1982 2726 2117 2767 Noni-

1240 2798 1328 2837 um,
1345 2787 1378 2826 si
1398 2787 1506 2827 bene
1526 2788 1711 2828 memini.
1743 2789 1870 2829 Celer.

1295 2850 1454 2901 Fusios]
1483 2850 1600 2890 Fasti
1617 2851 1714 2891 libri
1736 2856 1873 2902 erant,
1891 2851 1933 2891 in
1964 2851 2118 2905 quibus

1242 2912 1575 2954 continebantur
1606 2914 1700 2954 dies
1728 2914 1882 2967 quibus
1912 2926 2007 2955 cum
2043 2927 2118 2967 po-

1241 2977 1342 3028 pulo
1364 2976 1432 3028 agi
1452 2977 1621 3028 liceret,
1640 2983 1684 3018 et
1716 2978 1868 3031 quibus
1899 2990 1984 3018 non
2015 2979 2117 3019 lice-

1241 3044 1340 3079 ret:
1373 3039 1448 3079 sed
1470 3052 1495 3079 a
1519 3040 1677 3091 potiori
1710 3040 1972 3080 denominati
2003 3045 2117 3091 sunt,

1241 3101 1405 3142 scilicet
1440 3114 1464 3142 a
1501 3101 1662 3152 fand03
1702 3115 1799 3143 nam
1838 3102 1929 3142 dies
1963 3102 2118 3155 quibus

1240 3177 1335 3205 cum
1357 3166 1517 3217 populo
1536 3164 1617 3205 fari
1633 3166 1805 3216 licebat,
1821 3162 1944 3214 fasti3
1965 3165 2118 3218 quibus

1240 3239 1343 3268 vero
1372 3240 1474 3278 non,
1502 3227 1670 3268 nefasti.
1725 3228 1875 3269 Cicero
1907 3239 1985 3280 pro
2019 3229 2118 3269 Mu-

1241 3301 1383 3330 raena:
1413 3290 1629 3342 ‘Fastos,''
1647 3291 1801 3343 inquit,
1828 3290 2005 3341 ‘vulgus
2030 3303 2119 3332 non

1239 3353 1455 3394 habebat:
1488 3359 1611 3394 erant
1642 3353 1686 3394 in
1717 3365 1871 3405 magna
1908 3354 2119 3405 potentia,

1242 3417 1315 3469 qui
1353 3416 1703 3467 consulebantur,
1737 3428 1762 3456 a
1797 3415 1950 3468 quibus
1984 3416 2116 3456 etiam

1241 3479 1333 3520 dies
1346 3484 1544 3532 tanquam
1566 3491 1591 3520 a
1606 3479 1813 3521 Chaldaeis
1829 3478 2111 3532 petebantur:
