2288 3990
432 256 541 310 950

432 383 553 425 Rom.
598 387 856 438 prohibitam
902 388 1047 430 ferunt
1086 392 1297 434 servitio:

431 453 600 498 partum
640 450 790 490 Romae
836 451 1038 503 edidisse,
1088 453 1131 493 in
1160 454 1299 496 Prisci

428 513 648 565 Tarquinii
677 514 816 554 domo.
873 515 981 555 Inde
1018 521 1138 557 tanto
1171 518 1298 559 bene·

427 574 543 628 ficio,
563 582 608 616 et
626 576 739 616 inter
751 578 947 618 mulieres
964 577 1298 623 familiaritatem

428 644 612 686 auctam,
642 646 689 680 et
725 653 920 693 puerum,
954 647 1004 682 ut
1034 643 1076 682 in
1113 644 1238 684 domo
1274 657 1299 685 a

427 713 561 751 parvo
590 702 817 742 educatum
853 704 893 743 in
925 704 1137 746 charitate
1169 712 1298 759 atque

347 805 354 811 ,
425 764 584 804 honore
603 764 759 805 fuisse:
780 764 990 806 fortunam
1002 768 1166 820 matr-is,
1182 769 1296 822 quod

423 834 553 878 capta
573 829 714 878 patria
730 829 772 867 in
800 828 984 870 hostium
1003 843 1150 871 manus
1171 845 1297 872 vene-

423 888 495 938 rit,
531 895 580 928 ut
611 902 735 930 serva
772 895 896 930 natus
941 894 1206 945 crederetur,
1234 894 1296 936 fe·

421 952 558 993 cisse!
612 953 723 992 Nam
740 954 871 994 omnis
890 955 1063 1007 captiva
1091 968 1216 996 serva
1234 958 1296 997 di-

420 1014 548 1054 citur.
581 1015 732 1054 Oliver.

474 1077 496 1127 ξ
534 1080 560 1116 2
587 1079 715 1128 AEque
749 1078 904 1132 felicis]
949 1081 1056 1120 Cum
1095 1082 1216 1121 caesis
1250 1083 1293 1121 in

422 1139 630 1190 Hispania
658 1140 821 1181 duobus
844 1142 1131 1193 Scipionibus,
1161 1144 1295 1184 deleti

420 1202 544 1243 Rom.
557 1204 790 1256 exercitus,
802 1206 1048 1258 amissaeque
1069 1206 1293 1259 Hispaniae

418 1267 685 1318 viderentur,
721 1269 784 1308 vir
816 1281 924 1308 unus
973 1270 1168 1319 retinuit,
1199 1284 1291 1310 eas-

417 1329 598 1382 demque
627 1331 830 1370 restituit.
887 1332 991 1370 Erat
1020 1331 1061 1369 in
1097 1333 1291 1372 exercitu

417 1391 609 1432 Romano
628 1392 680 1432 L.
711 1392 918 1443 Marcius,
950 1393 1147 1443 Septimii
1168 1393 1293 1446 filius,

415 1464 546 1504 eques
594 1455 825 1504 Romanus,
870 1455 1052 1506 impiger
1099 1456 1288 1508 juvenis,

414 1517 543 1556 animi
577 1522 623 1557 et
659 1519 819 1570 ingenii
846 1519 1060 1571 aliquanto
1098 1520 1288 1571 majoris,

412 1592 539 1631 quam
555 1592 633 1632 pro
662 1580 837 1621 fortuna
856 1582 898 1621 in
918 1594 1003 1634 qua
1021 1587 1114 1622 erat
1130 1588 1254 1622 natus
1272 1597 1284 1633 ;

414 1641 468 1681 ad
499 1655 704 1683 summam
733 1644 920 1684 indolem
947 1650 1188 1684 accesserat
1204 1645 1284 1684 Cn.

407 1705 623 1757 Scipionis
642 1706 881 1759 disciplina,
901 1706 978 1746 sub
1006 1719 1086 1758 qua
1115 1719 1192 1758 per
1223 1712 1286 1748 tot

409 1780 539 1823 annos
572 1770 706 1809 omnis
731 1769 896 1809 militiae
935 1775 1072 1809 artem
1107 1770 1286 1811 edoctus

408 1831 583 1872 fuerat:
613 1832 668 1884 is,
695 1844 750 1872 ex
777 1831 876 1883 fuga
913 1832 1108 1872 collectis
1143 1833 1286 1873 militi-

409 1894 503 1940 bus,
532 1899 578 1934 et
604 1894 856 1947 quibusdam
890 1894 943 1934 de
971 1894 1182 1945 praesidiis
1211 1895 1283 1936 de-

408 1955 565 2007 ductis,
591 1956 700 1996 haud
732 1956 1086 1996 contemnendum
1117 1955 1286 1997 fecerat

406 2010 659 2068 exercitum,
671 2020 1038 2071 conjunxeratqne
1057 2031 1101 2059 se
1110 2020 1165 2060 Τ.
1178 2021 1285 2060 Fon-

404 2083 492 2123 teio
521 2083 574 2123 P.
594 2084 805 2135 Scipionis
833 2085 1004 2135 legat03
1033 2084 1108 2124 sed
1138 2089 1281 2126 tamen

403 2147 610 2197 praestitit
636 2158 764 2198 eques
786 2146 1002 2186 Romanus
1020 2147 1280 2188 authoritate

402 2208 517 2248 inter
550 2209 709 2249 milites
747 2213 793 2249 et
831 2209 1008 2259 honore,
1042 2213 1090 2249 ut
1127 2211 1279 2251 castris

402 2271 518 2311 circa
536 2270 759 2310 hibernum
779 2270 1068 2321 communitis,
1088 2283 1183 2311 eum
1204 2272 1278 2312 du·

402 2323 497 2372 cem
518 2333 793 2373 exercituum
822 2332 1007 2373 comitiis
1023 2334 1278 2375 militaribus

402 2394 667 2435 creaverint.
733 2394 820 2435 Hic
857 2395 990 2446 igitur
1035 2395 1079 2435 in
1124 2409 1278 2448 magna

398 2469 544 2497 rerum
566 2456 823 2498 difficultate
849 2469 947 2497 cum
979 2457 1032 2508 ad
1054 2459 1275 2499 consilium

396 2520 535 2570 prima
553 2519 700 2571 specie
713 2520 983 2560 temerarium
999 2521 1134 2571 magis
1148 2533 1275 2572 quam

398 2581 604 2621 audacem
625 2581 857 2633 adjecisset
873 2581 1075 2631 animum,
1095 2587 1144 2621 ut
1161 2583 1274 2622 ultro

396 2649 542 2684 castra
562 2644 747 2684 hostium
781 2648 1068 2695 oppugnaret,
1097 2655 1150 2682 ne
1179 2644 1273 2684 sub-

394 2708 459 2747 ita
491 2719 558 2747 res
588 2713 633 2747 et
653 2711 885 2747 nocturnus
914 2714 1079 2747 terror:
1110 2719 1206 2746 nam
1228 2707 1273 2748 id

394 2769 590 2820 proxima
629 2773 760 2809 nocte
795 2768 987 2809 facturus
1031 2769 1272 2822 videbatur,

395 2844 482 2872 suae
502 2830 686 2872 fortunae
725 2831 949 2872 consilium
982 2832 1272 2884 perturbaret,

390 2893 668 2946 alloquendos
717 2893 834 2945 prius
881 2898 926 2934 et
980 2894 1268 2934 adhortandos

391 2958 550 2998 milites
566 2963 701 3009 ratus,
717 2958 931 2998 advocata
950 2958 1155 2998 concione
1175 2970 1266 2998 ora-

391 3020 550 3060 tionem
569 3019 749 3069 habuit;
779 3021 845 3060 cui
865 3020 1134 3060 concionanti
1151 3019 1267 3060 flam·

390 3095 504 3123 mam
523 3081 660 3122 fusam
681 3094 704 3122 e
734 3083 879 3134 capite
894 3083 1044 3123 dicunt
1064 3083 1154 3122 sine
1174 3084 1264 3135 ejus

390 3158 534 3198 sensu,
555 3157 708 3197 magno
723 3158 883 3198 pavore
901 3147 1263 3188 circumstantium

387 3209 601 3249 militum:
632 3221 716 3260 quo
750 3209 944 3261 prodigio
972 3210 1092 3260 moti,
1113 3210 1262 3250 alacri-

391 3273 455 3312 ori
486 3273 626 3312 auimo
653 3285 748 3312 eum
779 3273 930 3313 ducem
951 3274 1104 3324 secuti,
1129 3274 1261 3325 majo-

388 3346 477 3374 rem
490 3334 683 3375 hostibus
696 3335 859 3376 cladem
871 3336 1122 3387 intulerunt,
1134 3349 1258 3388 quam

385 3404 673 3449 acceperant3
719 3410 813 3438 nam
850 3403 977 3438 nocte
1014 3404 1143 3451 atque
1188 3399 1259 3438 die

387 3458 491 3499 bina
517 3460 704 3501 hostium
726 3466 868 3502 castra
883 3467 1113 3514 ceperunt,
1138 3466 1184 3502 et
1204 3461 1258 3501 ad

1003 276 1181 316 NO'I'AE
1225 278 1551 320 VARIORUM
1596 283 1660 321 ΙΝ

1361 396 1700 438 internecionem
1728 399 1872 440 hostes
1901 413 2040 455 prope
2066 402 2238 446 cecide-

1362 466 1476 500 runt.
1531 461 1619 501 Hic
1641 473 1745 513 ergo
1765 462 1928 504 virtute
1947 477 2022 505 sua
2039 467 2152 506 ultus
2170 471 2241 507 est

1362 523 1442 562 Cn.
1478 528 1525 564 et
1570 524 1623 565 P.
1657 524 1903 576 Scipionum
1951 538 2050 567 cum
2081 528 2238 579 majori

1361 591 1485 636 parte
1501 586 1736 638 exercitus,
1765 588 1944 639 caedem,
1971 602 2078 641 quos
2098 591 2232 630 celti-

1361 647 1452 687 beri
1481 647 1814 699 transfugientes
1844 651 2122 701 prodiderant
2148 652 2228 692 du-

1360 710 1479 750 cibus
1515 711 1957 763 Carthaginiensibus,
1971 713 2149 765 Magoni
2182 720 2231 754 et

1361 771 1539 822 Gisgoni
1553 785 1566 811 z
1595 785 1722 825 quam
1739 774 1958 813 victoriam
1976 780 2235 815 consecutus

1359 846 1384 874 e
1420 835 1537 874 nulla
1572 846 1619 874 re
1656 835 1789 886 magis
1827 847 1954 888 qnam
1991 837 2234 878 celeritate.

1360 897 1431 936 De
1458 909 1540 948 quo
1572 897 1803 937 Frontinus
1841 898 1914 937 lib.
1947 910 2002 939 11.
2039 911 2136 950 cap.
2166 903 2235 940 lo.

1360 959 1442 1000 ‘L.
1481 961 1674 1000 Marcius
1710 960 2000 1012 equesnom.
2031 961 2103 1013 qui
2131 961 2233 1000 reli-

1357 1023 1466 1074 quiis
1491 1023 1706 1062 exercitus
1743 1021 1934 1074 praefuit,
1964 1036 2060 1064 cum
2080 1036 2106 1062 a
2124 1034 2226 1075 pro·

1358 1084 1518 1135 pinquo
1549 1084 1648 1124 bina
1668 1090 1808 1124 castra
1830 1086 2059 1138 Ppenorum
2080 1086 2232 1136 paucis

1356 1147 1527 1186 milibus
1558 1159 1758 1198 passuum
1786 1147 2015 1197 distarent,
2030 1147 2230 1188 cohorta-

1357 1215 1426 1248 tus
1441 1210 1617 1260 milites,
1629 1210 1819 1260 proxima
1837 1214 1982 1250 castra
1998 1210 2231 1261 intempes-

1356 1276 1404 1310 ta
1428 1284 1534 1312 noce
1552 1273 1726 1312 adortus
1745 1277 1828 1324 est,
1859 1278 1906 1312 et
1934 1266 2229 1312 eum‘hostem

1354 1334 1544 1373 victoriae
1581 1333 1740 1373 fiducia
1784 1334 2111 1385 incompositum
2157 1347 2228 1385 ag-

1354 1407 1542 1446 gressus,
1585 1407 1638 1435 ne
1677 1396 1856 1435 nuncios
1889 1395 2061 1448 quidem
2093 1396 2231 1436 cladis

1351 1456 1613 1509 reliquisset,
1642 1456 1896 1497 brevissimo
1923 1463 2119 1509 tempore
2151 1458 2228 1498 mi-

1348 1519 1416 1559 liti
1453 1520 1508 1559 ad
1536 1519 1726 1570 requiem
1752 1519 1874 1569 dato,
1907 1519 2060 1559 eadem
2097 1524 2227 1559 nocte

1348 1583 1504 1634 raptim
1520 1581 1678 1621 famam
1698 1581 1759 1620 rei
1778 1587 1912 1632 gestae
1942 1593 2225 1633 praegressus,

1348 1646 1481 1686 altera
1509 1656 1654 1685 eorum
1685 1650 1829 1684 castra
1865 1644 2029 1683 evasit:
2058 1644 2121 1683 ita
2154 1644 2222 1684 bis

1346 1707 1472 1748 simili
1492 1719 1590 1747 usus
1616 1710 1791 1757 eventu,
1808 1705 1962 1745 deletis
1988 1705 2216 1758 utrobique

1346 1770 1509 1820 Poenis,
1527 1769 1701 1809 amissas
1730 1780 1831 1820 pop.
1859 1768 1988 1809 Rom.
2017 1768 2224 1820 Hispani·

1347 1845 1392 1872 as
1413 1831 1632 1872 restituit!

1401 1898 1423 1948 ς
1456 1900 1480 1936 3
1510 1897 1614 1936 Item
1631 1907 1719 1934 cum
1737 1893 1850 1944 bello,
1875 1892 1965 1944 δμκ]
2009 1893 2067 1932 Et
2087 1892 2221 1944 hujus

1345 1959 1552 1999 Historiae
1587 1965 1713 1998 autor
1746 1962 1811 1996 est
1846 1956 1990 1996 Livius
2017 1954 2072 1994 ab
2101 1955 2223 1997 Urbe

1345 2024 1470 2064 cond.
1509 2023 1586 2063 lib.
1623 2034 1671 2062 v.
1743 2021 1897 2067 Cicero
1942 2029 2113 2072 quoque
2147 2019 2223 2059 lib.

1344 2086 1398 2126 de
1419 2086 1615 2126 Divinat.
1645 2085 1658 2108 ‘
1676 2083 1791 2126 Quid
1824 2082 1937 2135 quod
1972 2083 2016 2121 in
2043 2080 2220 2122 Annali-

1343 2148 1451 2198 bus:
1469 2148 1626 2200 inquit,
1645 2147 1658 2170 ‘
1676 2147 1896 2196 habemus,
1912 2144 2084 2184 Veienti
2106 2145 2222 2185 bello

1341 2223 1438 2251 cum
1460 2212 1600 2250 Lacus
1627 2210 1820 2249 Albanus
1854 2211 2016 2260 praeter
2047 2206 2219 2247 modum

1341 2272 1855 2323 excrevisset‚Veientem
1876 2269 2083 2322 quendam
2099 2268 2221 2308 nobi-

1341 2336 1424 2375 lem
1447 2335 1501 2374 ad
1532 2347 1608 2373 nos
1630 2331 1887 2385 profugisse,
1915 2341 2095 2382 eumque
2126 2330 2217 2370 dix-

1340 2398 1445 2448 isse,
1459 2403 1505 2437 et
1523 2397 1614 2437 fatu
1631 2409 1727 2449 quae
1741 2395 1948 2436 Veientes
1966 2394 2128 2444 scripta
2144 2393 2218 2432 ha·

1340 2461 1509 2512 berem,
1534 2460 1664 2499 Veios
1701 2459 1799 2510 capi
1835 2468 1918 2496 non
1954 2466 2095 2507 posse,
2112 2454 2214 2495 dum

1338 2524 1459 2563 lacus
1483 2524 1518 2562 is
1538 2521 1827 2562 redundaret:
1847 2525 1893 2559 et
1910 2519 1946 2558 si
1960 2518 2078 2558 lacus
2094 2517 2217 2557 emis-

1339 2596 1409 2623 sus
1426 2584 1551 2635 lapsu
1571 2588 1617 2623 et
1648 2594 1775 2622 cursu
1808 2592 1884 2620 suo
1905 2580 1960 2620 ad
1980 2590 2096 2618 mare
2115 2591 2215 2630 per·

1336 2644 1547 2695 fluxisset,
1577 2644 1861 2697 perniciosum
1879 2653 1979 2694 pop.
2009 2642 2218 2691 Romano,

1335 2709 1398 2748 sin
1434 2712 1577 2748 autem
1606 2708 1671 2747 ita
1708 2711 1822 2746 esset
1853 2705 2055 2756 eductus,
2079 2709 2129 2744 ut
2157 2705 2212 2744 ad

1336 2783 1455 2811 mare
1473 2770 1699 2823 pervenire
1714 2781 1798 2809 non
1818 2772 1981 2820 posset,
1997 2773 2087 2807 tum
2099 2767 2212 2808 salu-

1333 2839 1428 2874 tare
1450 2833 1608 2872 nostris
1628 2831 1719 2887 for-e
1740 2845 1753 2882 ;
1781 2844 1836 2872 ex
1872 2843 1956 2884 qno
1984 2831 2060 2871 illa
2084 2830 2209 2871 mira-

1331 2895 1431 2937 bilis
1454 2908 1479 2934 a
1498 2894 1731 2947 majoribus
1754 2893 1911 2934 nostris
1941 2905 2062 2945 aquoe
2081 2891 2213 2933 Alba·

1329 2971 1396 2999 nae
1416 2958 1536 2999 facta
1554 2958 1758 2999 deductio
1789 2962 1869 2998 est.
1926 2957 2033 2997 Cum
2062 2960 2206 2996 autem

1328 3021 1539 3061 Veientes
1567 3021 1679 3061 bello
1697 3020 1803 3060 fessi
1818 3020 1985 3072 legatos
2001 3019 2055 3060 ad
2073 3019 2206 3060 Sena-

1327 3090 1416 3124 tum
1453 3084 1685 3134 misissent,
1712 3088 1800 3123 tum
1831 3095 1884 3122 ex
1933 3082 1998 3123 his
2033 3080 2204 3134 quidam

1326 3146 1487 3186 dixisse
1543 3146 1719 3196 dicitur,
1767 3157 1852 3186 non
1899 3144 2043 3187 omnia
2083 3143 2202 3184 inum

1325 3209 1590 3261 transfugam
1628 3219 1777 3248 ausum
1816 3219 1910 3247 esse
1943 3205 2124 3247 Senatui
2141 3205 2205 3245 di-

1324 3284 1450 3322 cere;
1480 3272 1524 3311 in
1546 3270 1708 3311 eisdem
1727 3269 1839 3309 enim
1868 3268 1966 3309 fatis
1994 3268 2201 3319 scriptum

1321 3334 1526 3374 Veientes
1544 3333 1717 3381 habere,
1732 3330 1841 3381 fore,
1858 3335 1906 3370 ut
1923 3329 2043 3370 brevi
2062 3329 2201 3370 aGal-

1321 3395 1373 3435 lis
1392 3395 1526 3434 Roma
1541 3390 1907 3444 caperetur,quod
1923 3390 2096 3443 quidem
2107 3401 2201 3430 sex·

1320 3457 1447 3500 ennio
1469 3463 1566 3508 post
1596 3456 1725 3496 Veios
1744 3459 1893 3507 captos
1921 3452 2086 3494 factum
2102 3463 2198 3495 esse
