2320 4004
600 342 861 385 vALan
908 343 1148 381 MAlel
1197 345 1310 382 mn.
1354 346 1406 382 v.
1447 333 1658 384 GAP.2.

222 478 319 517 ana,
336 465 408 506 lib.
429 476 557 506 tvm.
612 463 810 506 Justinus
832 462 910 503 lib.
931 473 1105 502 xxxvr.

218 530 371 570 Strabo
386 530 494 569 libro
511 539 618 569 xm.
676 528 828 568 Florus
846 526 918 566 lib.
934 538 986 566 11.
1003 538 1104 578 cap·

221 599 291 635 2⁰.
321 594 391 646 qui
429 594 535 634 hanc
566 591 838 632 haereditatis
872 590 1103 630 aditionem

219 658 465 698 inusitatam
503 661 548 697 et
597 656 856 708 incognitam
893 655 1104 707 quandam

219 720 476 762 felicitatem
516 733 602 761 non
657 720 826 760 dubitat
867 719 1102 772 appellare.

225 787 355 826 coler.

274 849 336 900 §4
361 849 557 889 Caeterum
580 847 724 900 nescio,
743 846 832 900 &eq
860 846 981 887 Satis
1005 858 1105 887 con-

222 917 310 953 stat
336 913 620 953 Massanisam
655 911 938 953 Numidarum
960 923 1105 963 regem

222 976 337 1016 varia
383 974 558 1016 fortuna
601 988 731 1028 reguo
774 976 958 1027 pulsum,
992 976 1107 1015 bello

222 1040 390 1081 Punico
417 1040 620 1089 secundo,
649 1039 844 1079 Africani
875 1039 1107 1091 superioris

223 1103 435 1145 beneficio
449 1104 491 1144 in
512 1116 685 1156 regnum
699 1103 829 1143 fuisse
842 1104 1108 1154 restitutum,

223 1173 268 1208 et
300 1168 415 1208 victo
447 1168 659 1221 Syphace,
677 1167 824 1208 Cirtha
858 1167 1033 1219 oppido,
1064 1172 1111 1207 et

222 1232 396 1272 caeteris
431 1232 607 1272 urbibus
641 1237 687 1271 et
717 1231 849 1283 agris,
883 1231 954 1284 qui
988 1231 1111 1282 regni

221 1294 393 1337 fuerant
414 1296 637 1349 Syphacis,
659 1296 792 1337 totius
817 1296 1000 1349 denique
1019 1296 1110 1336 Nu-

222 1359 368 1400 midiae
394 1359 574 1412 imperio
606 1358 744 1400 fuisse
773 1359 991 1411 donatum,
1012 1370 1113 1399 con·

225 1424 436 1464 sentiente
473 1435 525 1463 ac
544 1423 674 1463 etiam
697 1422 963 1475 approbante
982 1422 1114 1462 Sena·

225 1493 288 1527 tu.
345 1487 517 1527 Deinde
531 1500 627 1527 cum
649 1493 743 1539 post
761 1486 899 1526 foedus
914 1491 1115 1526 cerneret

226 1551 344 1591 illum
379 1551 610 1591 avidiorem
632 1551 674 1602 in
704 1551 885 1603 imperio
915 1563 991 1591 suo
1010 1550 1115 1590 dila-

226 1615 371 1666 tando,
391 1616 529 1668 legem
549 1614 656 1656 ferri
668 1616 815 1668 jussit,
835 1629 932 1668 quae
953 1616 1116 1655 Massa-

225 1678 330 1718 nisae
363 1678 418 1718 ab
447 1679 635 1730 imperio
659 1692 760 1731 pop.
792 1680 976 1720 Romani
1005 1680 1115 1720 solu-

226 1749 316 1784 tam
336 1743 579 1784 libertatem
606 1745 842 1786 tribueret:
874 1759 957 1798 quo
987 1745 1115 1785 bene-

227 1808 328 1848 ficio
359 1813 612 1860 provocatus
645 1809 902 1860 Massanisa,
921 1809 1117 1849 nnumin

227 1872 354 1916 terris
384 1873 587 1925 populum
625 1874 861 1913 Romanum
897 1874 1118 1925 praecipua

226 1936 328 1986 fide,
359 1937 650 1989 singularique
682 1937 986 1978 benevolentia
1024 1950 1119 1990 per-

228 2009 362 2054 petuo
395 2002 529 2042 coluit
552 2008 597 2042 et
626 2002 892 2054 observavit,
927 2004 1036 2044 adeo
1069 2008 1118 2043 ut

229 2067 424 2120 Hispano
451 2067 584 2118 bello,
606 2068 721 2121 quod
753 2069 1016 2121 imperatore
1037 2071 1118 2110 Lu-

230 2131 344 2172 cullo
389 2131 636 2183 gerebatur,
683 2132 906 2184 cumipse
949 2144 1118 2185 quoque

230 2200 321 2234 tam
354 2195 474 2247 gravi
505 2200 551 2235 et
580 2195 826 2247 periculoso
847 2195 1119 2247 Carthagini,-

233 2258 397 2298 ensium
458 2258 572 2298 bello
629 2264 914 2310 premeretur,
962 2259 1120 2299 auxilia

237 2328 382 2362 tamen
418 2321 623 2362 Romanis
656 2322 908 2374 petentibus
938 2323 1122 2375 miserit,

236 2397 374 2437 eoque
420 2386 693 2438 propensius,
726 2386 838 2438 quod
872 2386 1120 2427 AEmilianus

238 2449 384 2501 Scipio
409 2449 462 2490 ad
496 2461 549 2489 ea
580 2449 767 2501 petenda
798 2450 968 2500 legatus
987 2449 1124 2490 venis-

235 2519 317 2554 set.
373 2513 488 2553 Nam
520 2514 675 2554 maluit
693 2513 736 2553 in
766 2513 887 2565 regni
907 2519 955 2554 et
973 2514 1122 2554 salutis

238 2589 327 2616 suae
347 2576 591 2617 discrimine
610 2576 790 2627 versari,
821 2590 948 2630 quam
969 2579 1123 2618 Rorna-

237 2641 304 2679 nis
342 2646 387 2680 et
422 2639 614 2691 Scipioni
654 2640 848 2692 ingratus
890 2641 1034 2694 aliqua
1070 2655 1124 2682 ex

238 2709 366 2758 parte
393 2703 544 2743 videri.
602 2703 763 2744 Fuerat
793 2703 906 2743 enim
938 2717 1033 2744 cum
1064 2705 1125 2744 fa-

237 2767 357 2807 milia
391 2767 636 2819 Scipionum
670 2773 717 2808 et
749 2767 1055 2821 hospitalitatis
1082 2775 1127 2810 et

240 2829 442 2873 amicitiae
476 2842 637 2870 summo
660 2830 760 2882 jure
787 2832 1063 2884 conjunctus,
1081 2838 1130 2874 ut

241 2893 444 2934 diximus.
499 2893 626 2934 Unde
670 2895 826 2935 Cicero
872 2895 916 2935 in
964 2897 1129 2937 somnio

240 2957 457 3008 Scipionis
493 2958 558 3000 ita
603 2958 848 3010 loquentem
885 2959 1131 3011 Scipionem

241 3020 410 3060 inducit
429 3033 440 3060 ι
470 3026 481 3043 ·
503 3021 610 3061 Cum
630 3021 672 3060 in
695 3021 890 3063 Africam
905 3024 1132 3077 venissem,

243 3085 302 3127 A.
325 3085 486 3126 Manlio
506 3087 694 3140 consule,
711 3089 765 3128 ad
786 3096 979 3142 quartam
1000 3092 1131 3144 legio-

243 3159 340 3188 nem
359 3149 572 3199 tribunus‚
591 3156 640 3190 ut
658 3152 796 3203 scitis,
818 3154 1014 3207 militum,
1030 3155 1134 3196 nihil

245 3212 347 3252 mihi
369 3213 510 3264 potius
529 3211 629 3263 fuit,
643 3227 767 3267 quam
786 3222 833 3256 ut
849 3218 1133 3258 Massanisam

246 3278 518 3316 convenirem
568 3290 711 3329 regem
759 3278 933 3320 familiae
978 3289 1134 3323 nostrae

242 3338 373 3388 justis
418 3339 472 3379 de
515 3341 655 3381 causis
703 3343 1032 3396 amicissimum3
1082 3346 1136 3387 ad

251 3414 376 3454 quem
395 3417 489 3444 cum
511 3406 623 3457 veni,
636 3409 887 3458 complexus
902 3422 971 3451 me
990 3423 1137 3463 senex,

253 3465 617 3519 collachrymavit,
674 3470 980 3524 aliquantoque
1039 3480 1139 3524 post

255 3529 450 3578 suspexit
484 3530 526 3568 in
564 3532 733 3584 coelnm,
762 3539 823 3582 et,
859 3536 1014 3576 Grates
1040 3550 1137 3587 ago,

255 3590 411 3644 inquit,
443 3604 603 3635 summe
637 3597 725 3649 Sol,
752 3598 953 3652 vobisque
987 3602 1138 3653 reliqui

1907 315 2053 386 lias

1166 463 1345 514 coelites,
1379 464 1491 518 quod
1527 470 1756 517 antequam
1786 475 1839 503 ex
1867 464 1946 504 hac
1967 464 2057 505 vita

1167 526 1316 578 migro,
1336 529 1553 579 conspicio
1583 529 1624 568 in
1657 541 1789 580 reguo
1810 541 1905 568 meo
1928 535 1970 569 et
1991 529 2057 569 his

1169 590 1295 629 tectis
1316 591 1370 631 P.
1384 593 1630 632 Cornelium
1652 593 1912 645 Scipionem,
1933 594 2058 646 cujus

1167 665 1246 705 ego
1290 655 1460 694 nomine
1510 657 1605 708 ipso
1653 669 1840 697 recreor.
1900 657 2059 709 Itaque

1167 729 1382 770 nunquam
1413 730 1470 758 ex
1498 721 1638 759 animo
1661 733 1754 760 meo
1786 720 1985 761 discedet
2008 720 2056 758 il-

1168 782 1243 822 lius
1268 783 1420 834 optimi
1443 789 1571 836 atque
1590 785 1861 824 invictissimi
1876 785 1954 824 viri
1974 797 2061 824 me-

1168 845 1332 897 moria‚'
1361 849 1444 888 &c.
1502 847 1624 887 Idem
1659 850 1808 900 aetate,
1842 861 1968 902 quam
2005 848 2061 889 ad

1168 909 1447 950 centesimum
1495 911 1753 952 extenderat
1799 924 1970 963 annum,
2015 917 2063 952 et

1171 974 1416 1015 valetudine
1465 975 1631 1026 pariter
1681 975 1924 1026 confectus,
1965 988 2063 1017 cum

1173 1038 1340 1079 videret
1360 1050 1405 1079 se
1423 1051 1506 1079 non
1530 1039 1690 1079 diutius
1722 1052 1946 1092 superesse
1967 1053 2064 1092 pos·

1172 1115 1242 1153 se;
1270 1103 1532 1155 Scipionem,
1567 1103 1641 1156 qui
1677 1108 1768 1143 tum
1805 1103 1882 1144 sub
1910 1105 2062 1144 Marco

1174 1167 1338 1207 Manlio
1363 1167 1404 1206 in
1430 1167 1642 1219 Hispania
1662 1167 1895 1218 militabat,
1917 1179 1995 1219 per
2014 1167 2064 1207 li·

1174 1236 1287 1271 teras
1323 1231 1376 1271 ab
1415 1231 1675 1283 imperatore
1714 1232 1892 1282 accivit,
1932 1236 1981 1271 ut
2018 1231 2063 1271 in

1174 1295 1266 1346 ejus
1283 1295 1485 1346 amplexu
1498 1301 1738 1335 extremum
1752 1295 1951 1347 spiritum
1970 1307 2067 1335 sua·

1174 1372 1257 1413 que
1295 1360 1437 1399 omnia
1467 1366 1712 1412 reponeret.
1767 1361 1839 1400 Sic
1871 1361 1983 1400 enim
2019 1372 2066 1400 se

1173 1423 1362 1464 feliciter
1397 1424 1651 1464 moriturum
1686 1423 1875 1465 dicebat.
1933 1424 2066 1476 Cujus

1175 1487 1278 1528 fatis
1306 1488 1670 1540 praecurrentibus
1705 1488 1940 1529 adventum
1973 1488 2067 1527 Sci-

1177 1553 1331 1605 pionis,
1356 1559 1403 1593 ut
1432 1554 1524 1592 vult
1552 1552 1766 1599 Valerius,
1795 1552 1912 1605 (nam
1942 1552 2069 1592 aliter

1177 1617 1313 1657 sentit
1333 1618 1485 1657 Cicero
1507 1617 1548 1656 iu
1569 1617 1680 1657 libro
1701 1617 1755 1656 de
1784 1616 1960 1657 Somnio
1978 1616 2069 1657 Sci·

1177 1681 1330 1732 pionis,
1346 1687 1538 1733 utsupra
1550 1679 1770 1732 vidimus‚)
1784 1681 1822 1720 ei
1836 1685 2070 1720 testamen·

1178 1751 1223 1784 to
1244 1746 1419 1797 reliquit
1435 1758 1576 1784 rerum
1598 1745 1784 1784 omnium
1801 1756 1974 1784 suarum
1995 1756 2071 1796 po·

1178 1816 1401 1863 testatem,
1420 1815 1464 1850 et
1484 1812 1597 1851 inter
1616 1810 1742 1860 filios,
1761 1814 1868 1862 quos
1898 1809 1952 1848 ad
1971 1821 2072 1861 qua·

1180 1879 1280 1914 tuor
1314 1880 1358 1914 et
1388 1874 1698 1926 quinquaginta
1726 1873 1925 1912 habuisse
1964 1872 2073 1911 dici·

1182 1945 1265 1990 tur,
1305 1938 1528 1978 dividendi
1567 1939 1690 1991 regni
1733 1938 1957 1978 arbitrium
2009 1936 2075 1976 ita

1181 2002 1358 2055 legavit,
1396 2010 1446 2042 nt
1483 2002 1690 2055 quicquid
1727 2002 1799 2042 ille
1837 2000 2077 2048 statuisset,

1181 2067 1396 2106 immobile
1440 2072 1723 2118 sanctumque
1762 2064 1892 2106 foret.
1947 2064 2074 2104 Man-

1181 2131 1303 2171 davit
1321 2131 1496 2183 insuper
1518 2131 1661 2170 liberis
1689 2136 1734 2170 et
1769 2130 1906 2179 uxori,
1925 2134 1974 2168 ut
1995 2140 2071 2180 po·-

1181 2196 1327 2246 pulum
1347 2195 1587 2234 Romanum
1616 2200 1661 2234 et
1682 2194 1925 2246 Scipionum
1954 2192 2079 2232 farni-

1180 2258 1283 2298 liam
1331 2264 1546 2310 perpetua
1579 2257 1667 2297 fide
1708 2263 1752 2298 et
1798 2256 2074 2297 observantia

1183 2328 1565 2374 prosequerentur.
1626 2321 1776 2361 Oliver.

1237 2387 1437 2439 Beneficio
1465 2387 1570 2426 enim
1600 2384 1814 2437 Scipionis]
1850 2385 1988 2424 Locus
2010 2389 2078 2423 est

1184 2450 1378 2501 mutilus,
1427 2456 1475 2491 ut
1521 2450 1744 2501 exemplar
1788 2449 2077 2489 Cauchianum

1187 2514 1469 2564 demonstrat,
1513 2514 1555 2552 in
1605 2525 1687 2566 qno
1736 2513 1827 2553 sic:
1873 2511 2075 2565 Beneficio

1187 2577 1289 2631 enim
1310 2577 1523 2628 Scipionis,
1542 2582 1580 2616 et
1602 2578 1868 2617 Romanorum
1885 2576 2079 2625 amicitia,

1187 2647 1227 2682 et
1245 2642 1385 2682 Persei
1418 2642 1545 2692 Regis
1577 2641 1816 2681 liberalitate
1845 2645 1995 2680 auctus.
2025 2640 2079 2680 In

1191 2706 1285 2746 aliis
1304 2718 1405 2746 vero
1424 2705 1745 2756 exemplaribus
1761 2704 1961 2756 habetur,
1985 2704 2082 2743 Per-

1189 2770 1278 2810 nasi
1325 2770 1440 2820 regni
1481 2771 1592 2809 modo
1629 2770 1803 2810 liberius.
1868 2768 2082 2809 Mendose

1191 2834 1451 2886 utrobique3
1511 2846 1596 2874 non
1633 2834 1746 2873 enim
1793 2834 1961 2884 Persei,
2007 2832 2084 2872 sed

1187 2899 1400 2952 Syphacis
1449 2909 1582 2951 regno
1643 2903 1798 2937 auctus
1844 2897 2085 2936 Massanisa

1194 2961 1294 3003 fuit.
1352 2962 1498 3004 Quare
1537 2960 1765 3012 legendum
1810 2960 2014 3006 arbitror,
2047 2962 2086 2997 et

1189 3028 1384 3081 perampli
1400 3027 1515 3078 regni
1542 3018 1656 3066 modo
1688 3025 1906 3066 liberaliter
1937 3028 2087 3064 auctus.

1195 3091 1394 3143 Pighius.
1451 3133 1454 3136 ‚

1254 3157 1517 3195 Romanorum
1528 3152 1736 3203 amicitiae]
1768 3152 1814 3191 Li
1823 3152 1896 3191 ber
1909 3150 2086 3190 Daniel.

1198 3223 1244 3260 et
1269 3218 1503 3258 Laverniiz-
1532 3218 1795 3258 Romanorum
1829 3214 2015 3253 amicitioe
2048 3216 2088 3252 et

1195 3283 1349 3335 pervasi
1364 3283 1479 3332 regni
1498 3283 1621 3321 modo.
1682 3279 1800 3318 Varii
1822 3279 1951 3317 etiam
1972 3276 2088 3316 miris

1199 3347 1336 3387 modis
1368 3346 1540 3386 codices
1573 3344 1734 3396 Pighii.
1790 3342 1899 3381 Mihi
1930 3339 2095 3379 arridet

1198 3411 1349 3460 lectio,
1381 3422 1507 3462 quam
1544 3404 1770 3456 adscripsi,
1801 3417 1888 3455 prae
1920 3401 2091 3442 caeteris

1202 3474 1411 3514 omnibus.
1468 3470 1640 3511 Etenim
1687 3468 1781 3519 quis
1820 3465 1963 3516 Pighii
1999 3477 2092 3504 cor-

1203 3538 1438 3577 rectionem
1478 3532 1665 3575 toleret?
1695 3537 1769 3570 aut
1802 3528 1906 3568 illud
1942 3528 2092 3567 admit-

1204 3606 1291 3643 tat:
1319 3595 1541 3651 persuasu?
1572 3595 1639 3636 vel
1659 3595 1752 3648 quis
1780 3593 1964 3645 denique
1984 3591 2091 3631 Per-
