2288 3990
427 262 534 316 962

429 405 552 446 quam
573 393 725 434 falsum
748 398 886 434 vatem
918 393 1191 445 redarguens,
1210 396 1300 435 Cae-

428 469 496 496 sar
515 457 646 497 dixit:
679 456 852 496 Adsunt
881 456 1108 506 Kalendae,
1139 469 1164 497 o
1196 458 1300 508 Spu-

428 521 573 558 rinna:
597 518 720 569 cui,A
729 521 856 558 dsunt
871 518 1057 570 quidem,
1071 521 1302 571 respondit,

429 583 504 621 sed
519 582 705 620 nondum
724 581 1043 632 praeterierunt.
1079 581 1189 620 Item
1207 595 1301 621 cum

425 646 469 685 in
491 645 748 696 Capitolium
766 645 847 683 iret
868 645 1011 683 Caesar
1031 645 1300 684 multitudine

425 708 622 757 stipatus,
653 707 810 746 dixisse
838 707 1095 758 Spurinnam
1125 706 1293 748 ferunt:

426 771 499 810 Sol
522 770 659 809 tendit
678 770 730 808 ad
751 781 974 810 occasum:
1018 770 1088 822 qui
1127 782 1299 821 respon-

423 832 538 870 disse
556 832 732 882 dicitur,
749 832 820 871 Sol
842 832 950 871 bene
971 833 1122 873 tendit.
1152 834 1275 874 Idem.

478 895 765 946 Parricidium]
792 895 969 934 Scilicet
989 895 1116 934 Bruti
1134 902 1179 934 et
1200 897 1298 935 Cas-

425 957 474 995 sii
494 963 539 996 et
560 958 753 1008 aliorum,
772 958 843 1009 qui
879 970 1026 998 manus
1060 959 1300 999 intulerunt

425 1021 602 1070 Caesari,
629 1021 813 1060 maxime
855 1020 1004 1071 Cassii,
1033 1021 1103 1072 qui
1143 1022 1300 1073 primus

422 1083 552 1123 letale
574 1084 723 1122 vulnus
743 1083 907 1123 intulit.

462 1146 590 1193 ΕΧΤ.
614 1145 895 1196 Auctoritatis]
924 1146 1070 1186 Minus
1098 1148 1298 1199 ponderis

423 1210 539 1260 apud
582 1221 674 1257 nos,
705 1210 805 1261 quia
833 1209 1067 1250 domestica
1101 1213 1299 1262 exempla

420 1272 553 1323 magis
572 1276 759 1322 movent,
779 1283 902 1323 quam
922 1277 1117 1311 externa.
1150 1273 1267 1324 Thys.

473 1335 756 1386 Auctoritatis]
807 1335 944 1375 Quam
992 1333 1216 1383 haberent,
1262 1336 1298 1374 si

422 1398 579 1438 Graeea
596 1398 637 1435 in
658 1409 709 1436 ea
722 1394 871 1446 forma,
890 1407 973 1447 qua
989 1395 1147 1436 Graece
1165 1397 1299 1448 scrip-

422 1469 467 1503 ta
486 1467 601 1512 sunt,
619 1463 917 1501 recitarentur.
952 1462 1122 1501 Badius.

467 1527 527 1577 §l
550 1523 720 1574 Xerxis]
737 1523 922 1564 Videtur
937 1528 1034 1574 post
1049 1524 1207 1575 Cyrum
1224 1535 1298 1563 no·

420 1599 520 1628 men
538 1588 796 1639 gentilitium
815 1585 949 1625 fuisse
970 1587 1200 1626 Persarum
1215 1587 1298 1626 Re·

421 1651 544 1703 gibus
560 1648 697 1702 Ξέρξης
709 1654 753 1689 et
770 1647 1034 1701 Ἀρταξέρξης,
1051 1653 1213 1700 praeter
1226 1661 1299 1690 no-

422 1727 536 1766 men,
563 1714 675 1766 quod
694 1713 910 1754 habebant
929 1718 1028 1752 ante
1051 1713 1297 1765 Imperium.

422 1779 584 1819 Omnes
604 1779 762 1828 Reges,
793 1782 889 1828 post
917 1776 1036 1815 illum
1072 1777 1298 1816 Memorio-

421 1854 532 1891 sum,
552 1841 692 1881 dictos
709 1842 990 1891 Artaxeran,
1007 1839 1065 1879 ait
1083 1839 1297 1880 Diodorus

419 1905 588 1945 Siculus
626 1903 701 1943 lib.
721 1914 802 1943 xv.
860 1902 999 1943 Etiam
1036 1903 1211 1954 Darius,
1243 1903 1297 1943 ab

420 1966 669 2011 Alexandro
689 1966 842 2015 victus,
861 1965 1019 2005 dicitur
1034 1964 1297 2006 Artaxerxes

421 2030 658 2071 Iacchiadae
679 2029 732 2069 ad
766 2029 997 2068 Danielem
1017 2041 1113 2080 cap.
1134 2041 1223 2071 xu.
1237 2042 1296 2072 vs.

420 2103 459 2139 5.
530 2098 595 2137 Ex
643 2096 883 2138 mamm-³
928 2101 1086 2146 autem,
1130 2096 1296 2136 omissis

421 2162 724 2215 gutturalibus‚
755 2168 799 2202 et
822 2164 878 2212 w,
913 2162 1024 2214 quod
1050 2162 1145 2201 fieri
1170 2163 1296 2214 solet,

422 2228 463 2267 in
484 2229 505 2277 ξ
524 2238 658 2277 verso,
679 2224 729 2265 fit
749 2226 927 2265 vaerx.
961 2225 1017 2264 Et
1035 2226 1134 2277 quia
1153 2238 1200 2264 vv
1219 2226 1295 2265 du-

418 2291 504 2329 rior
523 2289 651 2329 estin
683 2288 825 2328 media
844 2299 967 2336 voce,
998 2288 1127 2327 etiam
1159 2289 1250 2328 haec
1270 2301 1296 2328 a

421 2354 589 2395 Graecis
609 2353 779 2404 omissa,
810 2352 973 2393 factum
1001 2359 1067 2392 est
1098 2355 1229 2401 Xerx,
1249 2358 1295 2394 et

418 2430 514 2457 cum
531 2418 686 2458 Graeca
699 2417 998 2456 terminatione
1018 2417 1189 2457 Xerxes.
1215 2416 1295 2456 Art

418 2485 484 2519 est
504 2479 842 2519 additamentum
862 2478 1074 2530 quoddam
1096 2478 1293 2518 honorifi-

420 2556 532 2594 cum,
551 2548 598 2582 ut
612 2542 696 2582 Sha
711 2542 823 2594 apud
845 2543 1002 2582 Persas
1016 2542 1291 2592 posteriores.

418 2605 641 2656 Significat
658 2617 872 2656 magnum,
892 2605 1132 2656 interprete
1151 2605 1292 2656 Hesy-

419 2669 527 2710 chio.
554 2667 745 2718 Scaliger,
768 2667 946 2707 Grotius.

401 2735 405 2738 '
474 2732 643 2784 Xerxis]
668 2731 766 2771 Hoc
781 2731 1020 2782 exemplum
1039 2729 1223 2771 traditur
1237 2731 1292 2772 ab

423 2795 664 2836 Herodoto.

474 2860 621 2898 Eodem
655 2863 822 2898 montem
858 2859 992 2898 Athon
1035 2858 1106 2898 vix
1137 2859 1293 2898 tandem

420 2920 679 2972 transgresso]
728 2922 866 2960 Locus
898 2921 967 2960 hic
1010 2921 1125 2960 haud
1161 2921 1291 2961 dubie

419 2990 646 3035 corruptus
680 2997 731 3025 ac
760 2984 1021 3023 disturbatus
1053 2988 1135 3034 est,
1169 2985 1290 3036 cujus

418 3046 626 3086 sinceram
656 3046 885 3087 lectionem
911 3059 963 3085 ex
993 3045 1293 3087 Atrebatensis

419 3109 589 3162 collegii
606 3110 772 3162 codice,
787 3110 976 3149 ordinem
993 3122 1048 3149 ex
1065 3111 1292 3162 Campensi

418 3174 694 3215 restituimus.
757 3176 822 3214 Ex
854 3174 1079 3214 Herodoto
1112 3187 1292 3228 namque

418 3237 568 3288 liquet,
585 3248 668 3276 non
689 3236 764 3277 diu
792 3243 1012 3289 postquam
1033 3237 1292 3288 Hellespon-

421 3305 511 3338 tum
533 3299 774 3339 transiisset
809 3299 978 3339 Xerxes
1011 3311 1108 3338 cum
1143 3300 1292 3351 copiis,

421 3361 662 3411 prodigium
692 3361 849 3411 leporis
870 3372 925 3400 ex
953 3372 1064 3413 equa
1085 3361 1173 3400 nati
1193 3372 1291 3400 con-

421 3424 584 3474 tigisse.
638 3424 866 3475 Legendus
901 3429 967 3463 est
997 3425 1139 3475 itaque
1172 3423 1290 3463 locus

419 3486 499 3526 hoc
537 3486 686 3525 modo:
733 3486 920 3537 Leporem
964 3486 1110 3525 editum
1140 3489 1292 3525 constat
1338 3494 1342 3499 '

421 3551 548 3589 eodem
567 3553 733 3590 montem
750 3550 882 3590 Athon
900 3550 970 3589 vix
993 3549 1143 3589 tandem
1162 3552 1290 3589 trans·

1013 279 1188 318 NOTAE
1233 281 1561 321 VARIORUM

1607 283 1670 320 IN

1359 408 1504 446 gresso.
1524 398 1610 441 Quo
1619 410 1761 447 genere
1772 401 1948 450 monstri,
1961 402 2026 450 ξε.
2034 419 2036 421 ·
2045 400 2235 453 Pighius.

1418 462 1592 499 Montem
1622 461 1772 511 Athon]
1801 462 1927 502 Mons
1948 469 2013 503 est
2034 464 2234 504 Macedo-

1364 524 1443 563 niae
1479 531 1605 563 tuntae
1637 526 1892 575 altitudinis,
1926 535 1974 566 ut
2013 540 2148 579 usque
2181 527 2234 566 ad

1363 586 1541 625 insulam
1589 588 1776 631 Lemnon
1826 590 2015 629 umbram
2063 595 2235 640 proten-

1363 651 1466 690 dere
1502 651 1702 701 fingatur.
1746 652 1900 691 Distat
1939 659 2080 691 aute-m
2112 653 2236 692 Lem-

1363 727 1437 754 nos
1478 728 1504 754 a
1543 715 1802 755 Macedonia
1831 719 1898 755 86.
1937 716 2105 756 milibus
2138 729 2235 767 pas-

1363 789 1497 816 suum.
1570 778 1732 817 Statius
1785 777 2026 817 Thebaidos
2083 778 2158 817 lib.
2191 790 2236 818 v.

1361 839 1558 890 ‘Ingenti
1595 841 1791 878 tellurem
1832 841 2045 891 proximus
2086 841 2236 880 umbra

1362 901 1508 940 Vestit
1535 901 1695 954 Athon,
1738 914 2043 955 nemorumque
2084 904 2235 944 obscu-

1362 969 1431 1003 rat
1475 965 1662 1016 imagine
1704 965 1906 1016 portum.'
1959 966 2061 1008 „Hic
2104 967 2237 1018 igitur

1361 1040 1498 1079 mons,
1518 1040 1759 1080 quanquam
1775 1034 1891 1068 esset
1911 1029 2148 1069 altitudinis
2162 1029 2235 1070 ad—

1361 1092 1582 1141 mirandae,
1617 1098 1665 1132 ut
1704 1104 1833 1143 supra
1865 1092 2062 1143 diximus,
2094 1097 2236 1132 tamen

1355 1155 1477 1205 jussu
1498 1156 1673 1202 Xerxis,
1704 1156 1820 1195 mille
1844 1155 2088 1207 quingentis
2105 1154 2238 1205 passi-

1362 1217 1439 1256 bus
1461 1218 1671 1258 abscissus
1692 1224 1774 1268 est,
1803 1223 1848 1258 et
1881 1217 2128 1269 navigabilis
2146 1215 2236 1257 fac-

1361 1285 1446 1330 tus,
1465 1287 1512 1320 ut
1532 1281 1666 1320 tradit
1685 1280 1849 1320 Herod.
1896 1280 2022 1320 Unde
2046 1280 2234 1321 Juvena-

1362 1342 1439 1381 lis:
1487 1345 1498 1365 ‘
1515 1342 1768 1382 Velificatus
1803 1341 1967 1382 Athos!
2013 1343 2234 1382 Structum

1360 1404 1491 1443 etiam
1509 1403 1640 1443 fuisse
1660 1409 1833 1455 pontem
1848 1415 1977 1455 supra
1995 1415 2112 1443 mare
2131 1403 2235 1443 Hel-

1359 1466 1659 1518 lesponticum,
1683 1466 1739 1506 ab
1782 1465 1938 1517 Abydo
1973 1466 2078 1506 urbe
2120 1465 2235 1506 Asiae

1359 1529 1548 1582 usquein
1567 1530 1721 1569 Seston
1735 1530 1884 1569 urbem
1903 1531 2106 1581 Europae,
2121 1530 2234 1569 idem

1360 1597 1546 1631 testatur
1559 1592 1827 1644 Herodotus,
1842 1593 1955 1644 quod
1975 1598 2020 1632 et
2038 1593 2233 1632 Lucanus

1360 1653 1520 1704 tetigit,
1541 1666 1636 1705 cum
1658 1654 1768 1695 dixit
1787 1668 1798 1695 ε
1826 1657 1837 1677 ‘
1851 1656 1977 1695 Tales
1994 1655 2234 1696 famacanit

1361 1716 1568 1756 tumidum
1589 1730 1718 1769 super
1731 1729 1903 1770 aequora
1917 1719 2108 1759 Xerxem
2125 1719 2236 1758 Con-

1359 1780 1566 1819 struxisse
1585 1781 1689 1830 vias‚
1708 1782 1888 1821 multum
1908 1793 2004 1821 cum
2033 1781 2234 1833 pontibus

1361 1854 1499 1894 ausus,
1520 1843 1821 1896 Europamque
1839 1842 1969 1894 Asiae,
1994 1845 2233 1896 Sestonque

1361 1905 1551 1944 admovit
1580 1905 1751 1957 Abydo,
1777 1906 2044 1959 Incessitque
2075 1906 2232 1947 fretum

1360 1968 1500 2020 rapidi
1532 1981 1662 2020 super
1694 1969 1984 2021 Hellesponti,
2026 1971 2125 2010 Non
2147 1971 2230 2010 Eu-

1359 2044 1452 2073 rum
1465 2033 1793 2085 Zephyrumque
1811 2033 1961 2073 timens
1979 2046 1990 2072 z
2021 2045 2116 2073 cum
2136 2033 2231 2072 vela

1360 2101 1560 2148 ratesque
1580 2096 1631 2136 In
1647 2096 1832 2136 medium
1849 2094 2042 2136 deferret
2057 2095 2231 2142 Athon!

1362 2161 1508 2202 Oliver.

1415 2225 1534 2265 Tanti
1563 2224 1793 2276 apparatus]
1840 2224 1968 2275 Quia,
2001 2224 2111 2265 sicut
2142 2226 2232 2265 De·

1357 2288 1597 2328 mosthenes
1615 2288 1764 2339 tradit,
1783 2292 1968 2341 quatuor
1985 2288 2168 2328 millibus
2187 2294 2232 2328 et

1358 2350 1556 2391 ducentis
1575 2351 1764 2403 navibus,
1796 2355 1849 2392 et·
1872 2351 2014 2392 decies
2039 2352 2231 2392 centenis

1356 2414 1539 2454 militum
1565 2414 1813 2465 instructus,
1839 2414 2066 2455 Mardonio
2085 2415 2156 2454 uni
2176 2426 2231 2454 ex

1357 2476 1537 2517 ducibus
1555 2478 1640 2518 suis
1657 2478 1700 2517 in
1720 2478 1890 2518 Graecia
1907 2478 2065 2518 relictis
2081 2478 2233 2530 copiis,

1357 2552 1454 2580 cum
1486 2540 1633 2591 paucis
1665 2540 1908 2591 admodum,
1935 2540 2091 2591 exigua
2119 2547 2230 2590 rate,

1356 2607 1510 2654 utpote
1530 2603 1759 2653 piscatoria
1776 2603 1950 2655 scapha,
1973 2602 2167 2654 trepidus
2187 2603 2231 2642 in

1356 2678 1478 2706 suum
1506 2679 1681 2718 regnum
1705 2666 1886 2719 refugit:
1915 2679 2012 2707 nam
2036 2667 2079 2706 in
2106 2667 2228 2709 Grae-

1355 2729 1465 2768 ciam
1486 2729 1558 2768 alii
1589 2730 1715 2768 alium
1746 2742 1967 2770 numerum
1987 2730 2229 2771 traduxisse

1353 2790 1512 2831 ferunt.
1567 2793 1661 2844 Ego
1690 2803 1791 2832 vero
1824 2797 1962 2833 totum
1993 2793 2228 2832 exercituin

1353 2853 1486 2895 fuisse
1517 2855 1601 2907 legi
1638 2854 1863 2908 quinquies
1892 2855 2006 2894 mille
2030 2855 2164 2895 millia
2180 2860 2228 2895 et

1352 2918 1537 2958 ducenta
1573 2919 1796 2970 octoginta
1823 2918 1905 2958 duo
1932 2918 2095 2968 millia3
2133 2930 2227 2971 quae

1352 2993 1515 3021 summa
1535 2982 1673 3032 potius
1686 2980 1990 3030 ostentatione,
2004 2979 2227 3033 quamfide

1352 3043 1497 3095 digna,
1511 3056 1640 3096 quum
1654 3043 1826 3084 modum
1840 3054 2006 3083 omnem
2018 3041 2227 3082 excedere

1352 3107 1564 3148 videatur.
1595 3107 1719 3148 Idem.

1406 3171 1602 3222 Athenas]
1643 3173 1761 3214 Quas
1778 3170 1952 3211 relictas
1973 3170 2026 3211 ab
2046 3169 2224 3210 Atheni·

1353 3234 1539 3284 ensibus,
1580 3235 1652 3287 qui
1693 3246 1810 3274 arma
1853 3233 1968 3273 ferre
2007 3238 2224 3285 poterant,

1352 3297 1520 3337 Xerxes
1553 3298 1643 3336 solo
1678 3294 1931 3348 adaequavit‚
1958 3293 2223 3346 fugientibus

1351 3360 1397 3399 in
1421 3359 1771 3398 Lacedaemonem
1791 3356 1969 3398 consilio
1986 3356 2226 3397 Themisto·

1353 3422 1444 3473 elis,
1470 3427 1515 3462 et
1534 3421 1692 3461 relictis
1710 3419 1965 3460 imbellibus.
1992 3419 2116 3459 Idem.

1407 3484 1599 3535 Athenas]
1627 3483 1808 3525 Athenai
1837 3482 1940 3523 urbs
1968 3481 2225 3523 nobilissima

1351 3547 1555 3600 Graeciae,
1575 3559 1600 3587 a
1611 3547 1802 3599 Cecrope
1817 3545 2020 3599 AEgyptio
2037 3544 2223 3595 condita,
