2288 3990
395 290 536 343 1070

395 426 564 478 legatus
601 423 715 475 apud
743 420 1021 463 Intercatiam
1063 419 1266 472 oppidum

400 493 720 540 provocatorem
741 485 942 536 singulari
961 485 1190 524 certamine
1209 484 1266 523 vi-

398 552 486 598 cit:
525 563 665 591 muros
700 549 874 589 hostiles
893 547 1079 588 civitatis
1108 547 1267 599 primus

400 614 607 663 ascendit,
625 612 816 654 tribunus
836 612 878 650 in
898 609 1049 651 Africa
1066 612 1142 651 sub
1170 611 1266 651 Tito

397 678 561 718 Manlio
583 678 846 728 Imperatore
875 687 956 716 vu.
983 676 1179 715 cohortes
1195 675 1268 715 ob-

398 742 562 780 sidione
601 741 778 780 vallatas
815 739 990 780 consilio
1026 743 1070 778 et
1107 739 1267 778 virtute

400 804 601 853 servavit,
620 804 662 843 in
677 803 831 856 quibus
849 814 1006 843 corona
1019 801 1270 843 obsidionali

399 880 529 907 aurea
546 868 723 908 donatus
743 864 839 908 est.'
871 867 1019 907 Oliver.

453 930 607 972 Alienis
631 930 834 982 auspiciis]
875 930 1089 970 Videlicet
1109 929 1267 969 Consu-

400 994 486 1032 lum
499 1007 687 1034 suorum.

454 1057 537 1097 Sub
555 1057 716 1098 Lucullo
733 1056 847 1108 duce]
889 1055 1106 1097 Adversus
1141 1053 1271 1095 Celti·

398 1119 526 1159 beros
559 1120 718 1160 bellum
752 1120 941 1172 gerebat,
967 1120 1034 1159 cui
1067 1118 1272 1159 suecessit

398 1183 464 1222 M.
496 1184 744 1233 Marcellus,
768 1183 841 1236 qui
870 1184 1089 1229 Vaccaeos,
1119 1182 1271 1222 Canta-

397 1246 512 1297 bros,
531 1247 719 1299 aliosque
738 1247 920 1298 ignotos,
931 1245 1078 1297 populi
1094 1244 1272 1285 Romani

401 1309 569 1361 subegit
589 1309 779 1360 imperio.
813 1309 961 1349 Oliver.

455 1373 690 1424 Intercatia]
750 1371 1000 1425 Ἰντερκατία,
1048 1372 1271 1423 Hispaniae

398 1437 515 1487 urbs,
550 1436 768 1488 Straboni,
806 1436 1008 1488 Polybio,
1057 1435 1275 1488 Appiano,

401 1500 545 1540 Plinio
575 1499 629 1539 de
657 1500 776 1540 Viris
794 1500 1056 1550 Illustribus‚
1073 1505 1119 1540 et
1138 1498 1273 1539 Anto-

397 1564 513 1603 nino.
568 1563 746 1603 Moralis
778 1575 874 1603 eam
905 1562 1132 1603 constituit
1162 1562 1278 1602 inter

399 1627 603 1676 Leonem,
630 1628 942 1677 vallisoletum,
976 1632 1020 1667 et
1054 1625 1273 1678 Astorgim

401 1690 615 1741 civitates,
641 1691 768 1730 hodie
800 1691 860 1731 sic
896 1690 1149 1730 nominatas.
1202 1691 1273 1729 ln-

401 1755 683 1796 tercatienses
717 1761 818 1795 sunt
845 1755 988 1795 Plinio
1007 1755 1050 1794 in
1068 1755 1276 1806 Hispania

400 1818 626 1859 Citeriore.
700 1818 959 1860 Ptolemaeus
997 1818 1126 1859 habet
1171 1819 1273 1858 duas

399 1881 521 1934 hujus
559 1883 739 1923 nominis
776 1883 904 1923 nrbes
945 1883 990 1923 in
1036 1883 1274 1934 Hispania3

399 1958 526 1986 unam
558 1947 773 1999 Orniacis,
805 1948 983 1988 alteram
1001 1947 1044 1987 in
1063 1947 1274 1988 Vaccaeis.

406 2009 595 2049 Ortelius.

455 2074 538 2112 Aut
558 2073 714 2121 futuris
740 2072 858 2124 actis]
899 2073 1005 2113 Erat
1034 2071 1147 2112 enim
1172 2071 1276 2112 Car-

400 2135 614 2187 thaginem
635 2148 877 2177 eversurus.

457 2201 479 2252 §
508 2203 531 2239 7
563 2200 773 2251 Magnum,
796 2199 886 2251 ξω]
914 2198 1109 2250 Contigit
1135 2197 1191 2238 A.
1224 2198 1278 2237 U.

402 2273 620 2303 cccnxrn.

460 2327 628 2366 Romani
658 2339 683 2366 a
718 2327 922 2367 Gallorum
949 2325 1125 2366 exercitu
1157 2323 1280 2375 pulsi]

402 2387 533 2440 Apud
553 2388 707 2429 Alliam
737 2388 928 2437 fluvium,
948 2389 1062 2429 unde
1089 2389 1101 2410 ‘
1117 2387 1278 2428 Allien-

400 2451 457 2491 sis
477 2450 584 2492 dies'
602 2453 845 2504 appellatus
862 2453 914 2492 ab
928 2453 1007 2494 hac
1023 2451 1146 2492 clade
1165 2452 1279 2492 inter

403 2515 624 2566 religiosos
671 2515 838 2555 habitus
875 2520 966 2565 est3
1013 2515 1120 2555 nihil
1167 2515 1278 2553 enim

403 2579 564 2629 populo
583 2578 652 2618 die
671 2590 722 2617 eo
742 2590 872 2629 agere
891 2577 1064 2618 licebat.
1101 2577 1205 2616 Oliv.

460 2642 543 2680 His
561 2642 736 2694 collibus]
763 2641 942 2682 Scilicet
961 2640 1227 2692 Capitolinis-

461 2705 628 2756 Tamque
642 2705 830 2755 luctuoso]
845 2705 881 2744 U
891 2711 1011 2756 tpote
1020 2711 1149 2756 capta
1160 2703 1281 2744 urbe.

460 2767 509 2806 Iu
525 2769 719 2807 curulibus
763 2768 888 2819 sellis]
940 2769 1067 2808 Sellae
1114 2769 1282 2808 curules

405 2829 675 2880 dicebantur,
703 2835 750 2870 nt
769 2831 940 2883 qnidam
963 2832 1126 2881 volunt,
1146 2845 1170 2870 a
1190 2843 1282 2871 cur·

404 2907 453 2934 ru
467 2908 478 2944 ;
497 2907 548 2934 eo
563 2896 673 2947 qnod
691 2894 905 2947 subjectas
919 2900 1035 2935 rotas
1050 2895 1094 2934 in
1109 2894 1280 2935 modum

405 2968 553 2996 currus
591 2956 828 2997 haberent:
867 2969 964 2997 nam
1001 2969 1096 2996 cum
1128 2967 1284 3007 magna

405 3019 556 3059 civitas
581 3024 711 3069 esset,
739 3024 784 3060 et
809 3019 883 3071 jus
915 3020 957 3059 in
991 3020 1135 3059 multis
1166 3019 1282 3060 urbis

406 3083 601 3138 partibus
621 3083 884 3124 reddendum
906 3083 1035 3134 foret,
1063 3096 1145 3136 quo
1175 3083 1283 3124 faci-

404 3148 486 3187 lius
518 3148 559 3188 id
592 3147 686 3188 fieri
715 3153 877 3199 posset,
906 3149 1026 3188 sellae
1065 3148 1283 3200 subjectas

405 3219 523 3251 rotas
560 3211 790 3262 habebant,
828 3217 876 3251 nt
909 3212 953 3250 in
989 3223 1282 3264 quamcunque

404 3280 575 3324 partem
596 3275 758 3325 impelli
785 3280 973 3326 possent.
1029 3274 1115 3314 Alii
1136 3275 1285 3316 dicunt

409 3349 434 3376 a
450 3337 630 3377 Curibus
649 3337 904 3378 Sabinorum
933 3337 1054 3389 urbe,
1085 3350 1112 3376 a
1136 3338 1284 3390 quibus

407 3408 453 3442 et
473 3402 556 3442 alia
583 3403 860 3454 magistratus
893 3402 1076 3454 insignia
1112 3415 1285 3453 accepe-

407 3471 505 3505 rant
539 3466 732 3507 Romani.
787 3465 858 3506 Sic
892 3466 1071 3516 primam
1104 3466 1285 3517 corripit

407 3528 562 3580 Vin-gil.
590 3529 602 3551 ‘
617 3529 860 3572 Curibusve
878 3527 1079 3571 Sabinis)
1118 3529 1198 3571 His
1214 3541 1284 3569 au-

983 301 1158 339 NOTAE
1198 297 1529 340 VARIORUM
1571 303 1634 341 IN

1329 425 1414 460 tem
1451 422 1566 463 sellis
1592 423 1884 464 tantummodo
1918 425 2088 476 patricii
2117 438 2203 468 ma-

1329 487 1536 537 gistratus
1555 487 1802 528 utebantur.
1856 487 1911 530 A.
1945 489 2112 530 Gellius
2142 497 2203 534 ta-

1329 562 1426 590 men
1461 550 1538 590 lib.
1585 561 1655 591 111.
1701 561 1795 602 cap.
1834 554 1901 592 81.
1946 551 1958 574 ‘
1990 551 2205 592 Vocabnli

1331 613 1482 661 istius,'
1516 612 1668 664 inquit,
1704 613 1845 654 ‘ratio
1874 613 2048 665 dieitur,
2081 627 2206 666 quam

1331 678 1381 717 C.
1400 678 1558 716 Bassus
1573 678 1615 717 in
1636 678 1948 718 commentariis
1966 679 2052 719 suis
2072 680 2206 730 scrip-

1330 747 1417 781 tam
1452 741 1638 793 reliquit.
1691 741 1922 783 Senatores
1955 743 2067 785 enim
2100 742 2209 785 dicit

1330 804 1375 844 in
1394 810 1590 845 veterum
1623 810 1771 856 aetate,
1799 806 1869 858 qui
1898 808 2090 848 cumlem
2118 820 2208 849 ma-

1332 869 1558 920 gistratum
1576 869 1820 920 gessissent,
1851 881 1979 910 curru
1997 870 2144 911 solitos
2164 871 2208 911 in

1333 933 1495 972 curiam
1513 931 1625 980 vehi,
1642 931 1686 971 in
1704 943 1789 984 quo
1809 943 1937 971 curru
1955 932 2060 972 sella
2079 937 2212 981 esset,

1333 1008 1463 1046 supra
1498 1008 1635 1048 quam,
1665 994 1979 1043 consederunt;
2019 1007 2115 1046 quae
2151 995 2209 1035 ob

1333 1071 1427 1098 eam
1443 1070 1612 1097 caiisam
1633 1058 1790 1097 curulis
1807 1057 2077 1108 appellatur:
2132 1058 2212 1097 Er-

1335 1133 1389 1173 go
1409 1121 1576 1162 Gellius
1605 1133 1630 1160 a
1665 1119 1836 1160 ‘curru’
1874 1120 1966 1159 vult
1994 1131 2091 1160 esse
2120 1118 2212 1159 dic-

1335 1189 1436 1224 tam.
1492 1183 1587 1224 Liv.
1617 1184 1629 1207 ⁴
1652 1182 1781 1223 Hand
1817 1181 2026 1234 poenitet,'
2058 1182 2213 1235 inquit,

1334 1248 1347 1270 ‘
1362 1259 1508 1286 eorum
1528 1246 1751 1286 sententia*
1773 1257 1884 1296 esse,
1904 1245 2060 1298 quibus
2078 1250 2126 1286 et
2138 1258 2214 1297 ap-

1334 1312 1543 1363 paritores
1571 1317 1616 1353 et
1644 1313 1725 1351 hoc
1755 1323 1888 1362 genus
1906 1311 1960 1352 ab
1980 1311 2213 1352 Hetruscis

1334 1373 1540 1425 finitimis,
1555 1374 1665 1413 unde
1681 1374 1784 1415 sella
1795 1374 1969 1423 curulis,
1980 1373 2091 1414 unde
2110 1379 2214 1426 toga

1336 1442 1547 1488 praetexta
1568 1443 1737 1487 sumpta
1756 1435 1853 1476 est.'
1876 1436 2212 1488 Magistratuum

1339 1501 1624 1541 Romanorum
1644 1505 1895 1540 ornamenta
1913 1499 1968 1542 ab
1989 1500 2214 1542 Hetruscis

1337 1568 1507 1614 sumpta
1525 1562 1659 1604 fuere.
1690 1562 1840 1603 Oliver.

1389 1627 1639 1678 Splendorem
1654 1631 1693 1666 et
1711 1625 1958 1677 ornamenta]
1977 1625 2047 1666 Sic
2063 1631 2216 1667 auctor

1338 1691 1651 1742 interpretatur
1685 1702 1764 1744 pro
1798 1690 2008 1741 majorum
2044 1701 2215 1733 suorum

1337 1754 1456 1795 facto
1476 1752 1810 1805 comprobando.
1858 1752 2076 1795 Caeterum
2096 1762 2217 1793 vero·

1339 1817 1510 1858 similius
1531 1828 1605 1856 eos
1630 1815 1676 1855 id
1703 1828 1756 1856 eo
1781 1814 1959 1859 consilio
1976 1813 2149 1865 fecisse,
2167 1821 2217 1855 ut

1338 1881 1566 1933 majestate
1587 1880 1823 1932 religionis,
1840 1879 1961 1932 cujus
1979 1878 2093 1921 Galli
2109 1890 2216 1921 sem-

1338 1960 1416 1999 per
1435 1947 1608 1988 fuerunt
1626 1945 2012 1996 observantissimi,
2037 1943 2091 1985 ab
2110 1943 2220 1995 inju-

1338 2012 1402 2054 ria
1421 2013 1502 2053 tuti
1522 2017 1682 2053 essent.
1715 2011 1884 2052 Badius.

1391 2075 1598 2127 Audacioe]
1614 2075 1727 2118 Quia
1738 2075 1936 2124 inermes,
1951 2072 2052 2113 dum
2067 2071 2215 2112 hostes

1339 2139 1489 2180 urbem
1509 2152 1625 2180 suam
1647 2138 1901 2191 diriperent,
1922 2136 1966 2175 in
1986 2135 2102 2176 sellis
2121 2146 2218 2175 eum

1341 2203 1524 2256 sceptris
1544 2202 1742 2243 eburneis
1757 2199 2057 2243 consederant.

1397 2267 1446 2306 C.
1487 2265 1654 2316 Atilius]
1709 2265 1762 2304 In
1801 2264 1913 2314 aliis,
1948 2263 2014 2303 M.
2050 2261 2220 2303 Atilius.

1340 2329 1462 2370 Livio
1494 2333 1540 2369 et
1576 2327 1812 2368 Plutarcho
1847 2327 1911 2366 M.
1949 2325 2146 2378 papyrius
2181 2325 2217 2364 is

1341 2397 1423 2443 est,
1437 2403 1523 2432 non
1542 2391 1703 2431 Atilius.
1733 2390 1877 2430 Coler.

1396 2456 1420 2507 ς
1449 2459 1474 2494 8
1503 2454 1738 2497 Reddendus
1754 2456 1812 2493 est
1829 2450 1948 2502 nunc]
1974 2451 2119 2493 Livius
2137 2450 2222 2490 dis-

1343 2517 1476 2556 sentit
1510 2517 1563 2556 ab
1600 2517 1697 2556 hoe'.
1769 2514 1932 2555 Scribit
1978 2514 2090 2557 enim
2122 2524 2219 2557 eum

1341 2580 1595 2632 Sempronio
1629 2578 1828 2619 Atratino
1862 2577 1916 2618 Q.
1945 2575 2125 2619 Fabium
2145 2575 2219 2613 Vi-

1341 2644 1546 2683 bulanum
1567 2643 1799 2683 Consulem
1820 2645 1922 2682 tunc
1947 2638 2081 2680 fuisse
2101 2649 2216 2678 crea-

1343 2709 1450 2756 tum,
1485 2703 1738 2755 Sempronio
1771 2702 2023 2742 Volscorum
2051 2699 2220 2752 provin-

1343 2768 1449 2808 ciam
1497 2773 1612 2806 sorte
1671 2765 1880 2808 evenisse.
1936 2764 2043 2805 Cum
2087 2763 2220 2814 igitur

1343 2836 1494 2871 contra
1512 2830 1696 2880 hostem,
1712 2829 1784 2882 qui
1800 2840 1914 2881 saepe
1929 2827 2033 2868 vIcti
2048 2825 2221 2869 fuerant

1344 2906 1369 2933 a
1405 2893 1621 2944 Romanis,
1648 2892 1883 2933 exercitum
1914 2890 2107 2946 duxisset
2133 2888 2221 2928 for-

1342 2963 1448 2998 tuna
1480 2956 1826 2997 constantissima
1857 2955 2039 3007 populus
2066 2952 2220 2995 Roma-

1343 3033 1422 3061 nus
1461 3019 1612 3070 fretus,
1640 3019 1782 3060 omnia
1813 3024 1977 3060 temere
2003 3028 2056 3059 ac
2085 3014 2221 3066 negli-

1344 3091 1497 3136 genter
1546 3095 1674 3135 agere
1720 3082 1868 3134 coepit.
1923 3082 2078 3133 Itaque
2123 3090 2219 3120 cum

1343 3147 1482 3199 primo
1502 3158 1712 3187 concursu
1731 3157 1815 3186 non
1835 3143 2032 3185 subsidiis
2051 3140 2219 3182 firmata

1345 3211 1550 3262 acie,uon
1574 3210 1720 3262 equite
1740 3214 1842 3260 apte
1861 3207 2021 3255 locato,
2042 3203 2218 3244 Romani

1343 3275 1550 3326 impetum
1587 3273 1700 3313 ferre
1727 3284 1812 3313 non
1845 3273 2035 3322 possent,
2063 3266 2218 3307 deinde

1345 3337 1499 3390 pedem
1532 3335 1784 3386 referentes,
1821 3346 1916 3374 curn
1955 3344 2000 3371 se
2033 3329 2220 3371 ferocius

1344 3402 1487 3440 hostes
1522 3398 1744 3448 inferrent,
1780 3395 1966 3447 undique
2001 3393 2219 3436 caederen-

1345 3468 1429 3512 tur,
1444 3499 1446 3501 .
1460 3462 1742 3515 nequicquam
1777 3457 2035 3510 Sempronio
2059 3455 2220 3496 Consu·

1344 3526 1427 3566 lem
1447 3523 1703 3577 objurgante
1734 3520 2088 3572 adltortanteque,
2114 3517 2218 3563 Sex·
