2320 4004
386 298 527 352 1138

384 429 562 470 Vatinio
582 429 709 470 rediit
738 430 779 469 iu
812 428 1009 481 gratiam.
1067 428 1119 468 In
1146 429 1255 471 hunc

387 494 605 534 Vatinium
625 499 753 533 antea
763 492 932 532 dixerat
947 493 1114 543 Cicero,
1131 505 1255 533 accu-

384 562 522 598 satum
543 556 725 597 ambitus
752 569 777 595 a
798 556 932 596 Paulo
960 556 1026 595 vel
1062 556 1124 596 M.
1149 557 1254 597 Lici·

383 621 454 659 nio
484 621 653 670 Crasso,
690 619 807 669 cujus
845 619 906 658 rei
955 619 1093 659 adhuc
1134 626 1255 660 extat

383 683 519 722 oratio
566 682 803 733 Ciceronis,
827 681 883 722 de
915 694 1000 734 quo
1043 682 1172 722 etiam
1207 683 1271 726 in.

381 746 588 796 Epistolis
610 745 663 785 ad
682 743 876 785 Atticum
899 745 1250 798 deprehenditur,

379 807 485 847 etin
519 819 585 859 ea,
618 819 743 860 quam
777 819 905 859 supra
935 807 1040 858 dixi,
1058 808 1110 848 ad
1142 810 1250 848 Len-

378 870 528 909 tulum.
596 869 890 914 AdAtticum
928 882 1029 910 vero
1063 870 1123 910 sic
1161 871 1247 911 ait:

374 934 390 953 ‘
408 931 653 973 Quinetiam
673 931 832 972 Paulus
852 937 999 972 noster
1017 932 1250 984 productus

378 994 503 1033 testis
521 994 562 1033 in
581 995 790 1047 Sextium,
812 994 1080 1037 confirmavit
1111 1007 1156 1035 se
1176 1007 1248 1035 no-

377 1068 474 1096 men
486 1057 650 1097 Vatinii
664 1057 919 1109 delaturum,
933 1059 967 1098 si
981 1060 1044 1098 M.
1059 1058 1248 1098 Licinius

377 1120 685 1162 cunctaretur:
744 1122 801 1160 Et
833 1121 946 1160 hunc
988 1121 1031 1160 in
1077 1121 1248 1162 Cicero-

376 1193 474 1222 nem
495 1195 590 1224 cum
612 1182 763 1223 Clodio
794 1185 1082 1236 conspirasse,
1103 1185 1248 1236 opinio

376 1250 460 1296 est,
477 1246 545 1285 cui
565 1245 720 1285 deinde
740 1246 1041 1287 reconciliatus
1066 1249 1249 1300 patroci-

374 1308 490 1347 nium
510 1320 631 1347 suum
646 1308 782 1348 dedit.
812 1309 961 1349 Oliver.

426 1370 588 1409 Duobus
601 1370 767 1421 publicis
774 1371 959 1422 judiciis]
987 1370 1186 1412 Ambitus
1202 1378 1248 1413 et

370 1432 721 1484 repetundarum.
761 1433 942 1475 Publica
949 1434 1112 1486 judicia
1132 1435 1245 1475 dice-

370 1494 544 1545 bantur,
576 1508 670 1548 quae
703 1497 756 1536 ad
783 1510 916 1551 remp.
946 1500 1244 1551 pertinerent:

369 1557 428 1597 de
443 1559 598 1610 quibus
613 1560 780 1600 latalex
798 1567 881 1612 est,
895 1567 942 1602 ut
963 1562 1160 1613 ambitus,
1179 1575 1246 1602 re-

370 1623 676 1676 petundarum,
698 1625 936 1677 majestatis
961 1627 1090 1666 laesae.
1120 1628 1246 1669 Idem.

429 1688 493 1738 §5
526 1687 737 1737 Ciceronis,
763 1688 852 1740 isc]
891 1689 1124 1742 Contigere
1152 1690 1245 1732 haec

371 1750 429 1791 A.
446 1752 500 1790 U.
521 1761 693 1791 Dcxcn.
711 1758 757 1792 et
777 1763 875 1793 ncc.

426 1814 569 1853 Incesti
582 1815 761 1866 crimine]
780 1815 905 1857 Quod
932 1815 1170 1857 introiisset
1191 1816 1245 1856 ad

369 1883 585 1916 matronas
605 1878 740 1917 Bonae
759 1878 866 1917 Deae
885 1890 1007 1917 sacra
1028 1879 1243 1918 celebran-

370 1946 456 1990 tes,
485 1940 635 1992 quibus
663 1940 765 1980 viris
797 1941 1005 1981 interesse
1032 1953 1114 1979 non
1142 1941 1244 1981 lice—

369 2002 459 2043 bat.
506 2003 669 2054 Captus
702 2003 815 2043 enim
848 2015 990 2042 amore
1022 2003 1243 2055 Pompeiae

369 2065 517 2104 uxoris
555 2065 752 2117 Caesaris,
786 2066 857 2119 qui
898 2065 1012 2107 forte
1047 2078 1097 2106 eo
1135 2079 1244 2107 auno

367 2126 575 2168 Pontifex
605 2128 817 2168 Maximus
845 2135 952 2180 erat,
984 2130 1062 2170 sub
1096 2130 1243 2170 habitu

367 2190 567 2231 muliebri
586 2191 756 2232 domum
774 2193 972 2244 Caesaris,
1003 2193 1078 2233 ubi
1097 2206 1149 2233 ea
1177 2206 1243 2234 sa·
1265 2231 1268 2235 .

368 2265 442 2294 cra
460 2252 635 2304 fiebant,
652 2255 819 2306 ingredi
836 2268 959 2296 ausus
979 2262 1061 2307 est,
1076 2262 1126 2297 et
1143 2269 1240 2308 cog-

367 2320 481 2359 nitus
501 2331 523 2359 a
544 2320 804 2371 mulieribus,
831 2321 930 2361 inde
952 2321 1140 2373 turpiter
1158 2334 1240 2362 cae-

368 2393 439 2421 sus
454 2387 497 2422 et
516 2382 698 2433 ejectus.
739 2384 906 2427 Deinde
927 2384 1058 2424 etiam
1076 2397 1240 2426 sorores

367 2450 455 2486 tres
475 2456 568 2485 suas
598 2446 846 2487 violaverat.
903 2447 1029 2488 Unde
1058 2448 1100 2487 in
1131 2447 1240 2487 Ora-

364 2508 485 2547 tione
504 2520 581 2559 pro
600 2508 723 2549 domo
741 2509 831 2550 ait:
867 2510 880 2532 ‘
897 2510 982 2551 Qui
1002 2522 1087 2550 non
1108 2510 1242 2562 pluris

366 2569 533 2610 faceret
551 2583 717 2611 sorores
747 2583 872 2624 quam
898 2572 1051 2612 bonam
1072 2572 1241 2614 Deam.'

367 2633 519 2673 Inveni
539 2638 694 2683 tamen,
715 2634 784 2686 qui
801 2634 1012 2680 dicerent,
1036 2635 1241 2686 virginem

369 2693 588 2735 Vestalem
611 2695 796 2735 vitiasse.
827 2697 975 2735 Oliver.

423 2755 461 2796 Α
479 2757 604 2796 tribus
619 2758 817 2812 Lentulis]
834 2759 1011 2799 Scilicet
1030 2772 1055 2799 a
1071 2759 1243 2812 Publio,

368 2822 414 2859 et
435 2832 460 2859 a
479 2820 581 2859 Caio
604 2821 799 2860 Lentulo.

421 2881 624 2932 Ambitus]
669 2882 767 2922 Non
803 2894 947 2922 omnes
980 2882 1051 2934 qui
1086 2882 1240 2922 ambie-

367 2946 473 2986 bant
490 2946 658 2998 aliquod
686 2958 849 2998 munus,
882 2947 1066 2987 ambitus
1093 2951 1240 2998 postu-

365 3009 446 3049 lari
462 3013 676 3061 poterant.
705 3009 857 3062 Itaque
871 3010 1090 3061 eleganter
1103 3010 1239 3049 Varro

367 3071 493 3123 (lixit,
519 3074 531 3095 ‘
553 3073 624 3125 qui
655 3072 853 3124 populum
882 3071 1134 3111 candidatus
1159 3071 1239 3112 cir-

366 3135 520 3185 cumit,
555 3134 711 3174 ambit:
759 3134 832 3187 qui
869 3134 995 3174 aliter
1029 3132 1152 3183 facit,
1184 3146 1238 3174 ex

366 3197 532 3237 ambitu
561 3209 728 3237 causam
757 3196 888 3236 dicit!
931 3196 1070 3246 Leges
1096 3201 1238 3237 autem

361 3261 423 3299 de
442 3259 603 3300 ambitu
622 3260 764 3311 plures
794 3258 968 3298 fuerunt
995 3259 1110 3309 lata»,
1136 3271 1239 3311 quas

366 3322 599 3374 diligenter
617 3321 883 3362 enumeravit
900 3321 1121 3372 Sigonius:
1143 3334 1239 3373 pos-

369 3390 509 3426 trema
523 3386 640 3428 Julia
657 3384 756 3436 fuit,
773 3385 840 3425 vel
867 3397 892 3425 a
915 3385 943 3427 J
948 3385 1031 3426 ulio
1052 3385 1241 3438 Caesare,

369 3451 438 3490 vel
459 3450 512 3490 ab
534 3449 724 3501 Augusto
742 3449 845 3488 lata.

430 3511 556 3553 Vestae
575 3513 693 3554 eedem
718 3510 891 3563 intuens]
923 3510 1029 3551 Cum
1055 3515 1169 3551 esset
1196 3510 1240 3551 in

953 312 1130 351 No'rAE
1171 312 1499 354 VARlORUM
1542 316 1607 355 IN

1320 437 1553 484 conspectu
1582 433 1699 485 aedis,
1728 437 1773 474 et
1805 433 1865 474 ita
1894 446 2051 475 memor
2078 442 2192 477 esset

1318 497 1584 537 contumeliae
1604 497 1683 536 sibi
1703 498 1790 537 illic
1811 498 2006 549 obje'ctae.

1371 559 1438 609 §6
1469 559 1657 599 Caninius
1695 565 1825 600 autem
1857 561 2014 613 Gallus]
2055 560 2190 603 Anto-

1316 619 1407 660 nius
1445 622 1598 660 multos
1633 622 1676 660 in
1713 621 1873 663 Achaia
1911 624 2191 675 spoliaverat,

1315 688 1465 723 nactus
1492 684 1547 723 de
1578 685 1770 724 exercitu
1799 686 1971 737 Syllano
1997 686 2189 738 equitnm

1315 750 1500 796 turmas;
1530 746 1687 786 deinde
1717 748 1874 797 Graeci,
1903 760 2010 800 quos
2035 749 2190 800 spolia-

1313 812 1448 859 verat,
1476 814 1697 849 traxerunt
1718 808 1946 850 Antonium
1978 810 2020 849 in
2032 811 2104 863 jus
2133 812 2188 852 ad

1312 870 1376 910 M.
1397 871 1619 910 Lucullum
1638 876 1882 922 praetorem,
1903 874 1973 924 qui
1987 873 2059 924 jus
2077 874 2190 915 inter

1312 934 1557 985 peregrinos
1576 934 1763 976 dicebat.
1808 935 1910 987 Egit
1928 948 2002 987 pro
2021 936 2188 978 Graecis

1313 995 1479 1047 Gallus,
1509 1002 1555 1037 et
1590 1002 1681 1036 tum
1718 996 2075 1038 adolescentulus.
2131 998 2186 1041 Q.

1313 1057 1462 1099 Gallus
1482 1059 1712 1111 significari
1743 1059 1931 1111 videtur,
1957 1072 2082 1112 quem
2100 1071 2188 1100 am-

1311 1119 1426 1160 bitus
1465 1133 1583 1161 reum
1624 1122 1778 1162 Cicero
1820 1121 2031 1162 defendit.
2099 1121 2186 1164 Hic

1311 1183 1420 1226 enim
1436 1196 1531 1225 cum
1552 1190 1666 1226 esset
1684 1186 1895 1226 Praeturae
1915 1167 2184 1237 candidatas,

1311 1245 1488 1287 dederat
1519 1247 1819 1299 gladiatoriam
1853 1247 1930 1288 sub
1963 1248 2090 1289 titulo
2109 1259 2184 1300 pa-

1310 1306 1405 1357 tris,
1424 1308 1495 1359 qui
1514 1309 1558 1347 in
1577 1309 1784 1349 aedilitate
1803 1321 1927 1362 quam
1949 1315 2076 1352 antea
2094 1321 2185 1362 ge!-

1309 1374 1437 1415 serat,
1476 1382 1626 1411 vernas
1662 1384 1745 1412 non
1783 1372 2005 1413 habuerat.
2072 1373 2183 1414 Haec

1311 1431 1533 1474 Asconius.
1574 1436 1734 1475 Verum
1755 1434 1968 1476 Antonius
1984 1440 2185 1489 repetun-

1309 1494 1457 1535 darum
1479 1507 1572 1536 reus
1593 1509 1616 1536 a
1649 1497 1828 1540 Lucullo
1849 1497 2074 1540 damnatus
2105 1503 2185 1546 est,

1309 1559 1393 1608 vel,
1421 1564 1470 1601 ut
1501 1559 1571 1600 alii
1601 1559 1761 1611 dicunt,
1779 1571 1805 1599 a
1825 1559 2008 1601 Caninio
2041 1559 2185 1612 Gallo,

1308 1622 1378 1674 qui
1398 1622 1437 1662 ei
1456 1622 1726 1673 postmodum
1738 1622 2040 1666 reconciliatus
2053 1622 2182 1665 filiam

1307 1684 1399 1735 ejus
1419 1684 1543 1727 duxit
1562 1697 1752 1726 uxorem.
1785 1685 1891 1726 oliv.
2126 1737 2129 1739 ‚

1359 1748 1424 1788 M.
1460 1748 1679 1800 Coloniam]
1721 1748 1922 1790 Caninius
1957 1753 2181 1791 aecusatus

1307 1818 1373 1852 est
1393 1812 1592 1864 ambitus,
1605 1812 1719 1864 apud
1733 1813 1798 1854 M.
1813 1812 2050 1864 Colonium,
2067 1813 2179 1867 quod

1305 1874 1349 1914 in
1371 1881 1572 1926 praeturae
1592 1875 1801 1927 petitione
1820 1875 2071 1919 candidatus
2090 1877 2181 1927 gla-

1306 1937 1531 1979 diatoriam
1553 1950 1655 1990 pop.
1675 1938 1882 1989 dedisset,
1911 1945 1960 1978 ut
1988 1937 2180 1981 favorem

1306 2000 1400 2052 ejus
1420 2002 1768 2053 amplecteretur,
1785 2006 1830 2041 et
1849 2013 1945 2042 cum
1958 2001 2036 2042 sub
2051 2013 2181 2042 excu-

1304 2064 1468 2104 satione
1488 2063 1649 2105 funeris
1670 2065 1818 2116 patris,
1835 2064 2000 2106 diceret
2019 2064 2182 2118 gladia·

1305 2131 1417 2167 tores
1449 2127 1543 2168 illos
1576 2128 1620 2168 in
1649 2127 1799 2168 funere
1829 2128 1964 2179 patris
1993 2127 2181 2178 dedisse,

1305 2192 1449 2230 tamen
1481 2190 1534 2231 ab
1569 2191 1644 2231 illo
1675 2191 1901 2233 damnatus
1939 2195 2024 2242 est,
2053 2201 2180 2242 quem

1305 2251 1459 2293 deinde
1478 2254 1729 2295 acerrimum
1761 2266 1931 2294 suarum
1963 2265 2102 2296 rerum
2134 2259 2181 2297 et

1304 2314 1525 2368 dignitatis
1550 2321 1870 2368 procuratorem
1895 2316 2061 2358 habuit.
2091 2317 2178 2359 Oli-

1303 2391 1383 2419 ver.

1358 2444 1422 2495 §⁷
1454 2442 1570 2482 Caelii
1598 2442 1707 2494 vero]
1735 2443 1815 2484 Est
1846 2442 1936 2494 ille,
1965 2443 2010 2483 ni
2039 2441 2180 2494 fallor,

1304 2507 1422 2557 cujus
1456 2505 1651 2564 epistolae
1684 2510 1832 2545 extant
1852 2506 1905 2545 ad
1926 2505 2178 2547 Ciceronem

1304 2568 1632 2620 elegantissimas
1661 2574 1706 2608 et
1732 2568 2010 2608 doctissimae.
2066 2568 2178 2609 Ora-

1303 2635 1371 2670 tor
1389 2630 1471 2670 fuit
1490 2631 1533 2670 iu
1553 2631 1727 2683 paucis:
1757 2631 1871 2672 Plin.
1884 2630 1959 2671 lib.
1974 2642 2058 2672 vn.
2077 2642 2176 2682 cap.

1303 2696 1368 2733 50.
1397 2693 1459 2732 M.
1483 2692 1682 2732 Caecilium
1700 2692 1851 2741 Rufum
1878 2697 2020 2742 vocat,
2047 2692 2177 2744 culpa

1302 2766 1388 2794 non
1409 2767 1498 2806 sua,
1529 2754 1604 2794 sed
1635 2755 1920 2795 librariorum.
1948 2765 2066 2806 saepe
2084 2755 2176 2796 Cae-

1300 2818 1423 2858 cilius
1444 2829 1520 2869 pro
1553 2818 1708 2858 Coelius
1741 2823 1786 2858 et
1816 2823 1965 2858 contra
1991 2817 2034 2858 in
2055 2817 2178 2861 bonis

1302 2881 1546 2921 auctoribus
1563 2881 1673 2920 male
1689 2880 1908 2932 scriptum.
1956 2879 2007 2921 In
2027 2879 2176 2922 Servio

1301 2943 1430 2984 etiam
1452 2943 1675 2995 aliquoties
1709 2943 1875 2984 Gellius
1907 2955 1985 2996 pro
2018 2943 2176 2987 Coelius

1301 3009 1457 3060 legisse
1495 3020 1563 3048 me
1603 3008 1706 3048 scio.
1749 3009 1924 3049 Colerus.
1980 3007 2175 3059 Contigit

1302 3071 1359 3112 A.
1375 3072 1430 3111 U.
1450 3082 1588 3112 nccn.

1360 3134 1453 3175 Vita
1466 3134 1686 3186 inquinata]
1714 3134 1766 3174 Id
1782 3139 1866 3182 est,
1879 3144 2005 3185 quem
2023 3142 2172 3184 parum

1301 3197 1456 3249 pudice
1476 3196 1801 3237 adolescentiam
1834 3195 2035 3235 habuisse
2059 3193 2175 3237 fama

1301 3260 1397 3310 fuit,
1417 3260 1544 3300 immo
1563 3271 1663 3299 vero
1682 3258 1920 3299 libidinose.
1951 3258 1990 3299 N
1996 3269 2062 3300 am
2074 3269 2174 3300 cum

1301 3327 1573 3363 accusaretur
1610 3332 1756 3361 aurum
1795 3333 1821 3360 a
1852 3320 2001 3363 Cloelia
2032 3331 2174 3372 sump-

1301 3385 1422 3436 sisse,
1439 3383 1615 3424 forsitan
1634 3384 1842 3435 corrupti,
1860 3395 2068 3424 venenum
2087 3383 2171 3426 Lu·

1302 3447 1396 3487 ceio
1414 3446 1585 3486 domino
1612 3447 1829 3487 miserunt.
1885 3445 2170 3489 Accusatores

1302 3509 1437 3551 Coelio
1456 3509 1507 3549 ad
1537 3508 1818 3561 suspicionem
1847 3507 2094 3550 firmandam
2122 3507 2173 3549 li-
