2288 3990
389 304 528 356 1006

388 437 552 486 tolium,
589 426 928 488 praecedentibus
967 427 1162 481 captivis,
1210 435 1254 469 et

387 501 669 552 subsequente
683 498 884 546 exercitu,
902 499 944 533 et
961 494 1152 533 universo
1164 491 1254 532 fere

387 565 546 614 populo
566 561 839 601 vehebantur.

442 624 678 675 Numidicis]
706 623 814 662 Nam
834 621 875 659 in
891 618 1088 659 Numidia
1100 619 1127 659 J
1133 630 1252 669 ugur-

386 688 499 727 tham
521 688 638 737 vicit,
655 692 700 726 et
729 683 986 736 provinciam
1019 683 1133 721 illam
1165 682 1252 721 Ro-

385 764 505 790 mano
524 750 693 800 subegit
712 746 906 798 imperio.

441 811 699 861 Germanicis]
728 810 840 852 Quia
874 808 1035 853 Gallos,
1067 807 1250 846 Theuto-

379 890 469 927 naS‚
488 877 691 930 SenoneS,
710 873 919 921 Cimbros,
940 878 984 911 et
1013 871 1253 922 Tigurinos,

381 941 449 992 qui
471 938 746 978 inundatione
780 948 980 988 aquarum
1002 934 1138 984 patria
1160 935 1249 985 pul-

379 1005 430 1052 si,
450 1016 543 1043 cum
565 1003 606 1041 in
625 1002 794 1041 Italiam
814 998 1135 1039 descendissent
1154 1009 1249 1036 cum

378 1067 523 1106 liberis
543 1071 587 1106 et
605 1063 853 1117 conjugibus
873 1073 924 1101 eo
940 1061 1092 1111 animo,
1108 1065 1156 1100 ut
1175 1066 1249 1100 aut

377 1134 507 1170 novas
536 1129 660 1169 sedes
689 1129 984 1179 impetrarent,
1014 1131 1088 1164 aut
1117 1125 1248 1176 pulsis

380 1194 596 1243 Romanis,
624 1192 708 1244 ipsi
741 1195 983 1243 regnarent,
1019 1189 1050 1227 is
1089 1189 1248 1228 virtute

379 1270 455 1296 sua
485 1256 597 1297 fudit
631 1262 758 1308 atque
795 1254 970 1303 delevit,
1006 1253 1248 1303 Theutonas

378 1320 541 1371 priores
558 1329 780 1371 aggressus
801 1317 911 1368 apud
929 1316 1099 1356 Sextias
1117 1328 1246 1368 aquas

377 1383 455 1422 sub
474 1382 576 1434 ipsis
594 1380 766 1434 Alpium
784 1380 994 1420 radicibus
1012 1391 1024 1428 3
1054 1379 1247 1419 Cimbros

375 1448 530 1488 deinde
548 1448 588 1487 in
608 1446 737 1486 Italia
751 1445 862 1485 inter
874 1445 1089 1485 Veronam
1105 1449 1148 1484 et
1159 1445 1248 1484 Tri-

372 1510 562 1563 dentum,
596 1511 641 1550 in
675 1522 826 1561 campo
864 1521 988 1561 quem
1022 1508 1246 1549 Canidiam

371 1580 542 1625 vocant,
578 1575 667 1614 sive
701 1572 934 1614 Sanidium.
989 1571 1153 1611 Plinius
1171 1571 1243 1612 lib.

373 1639 428 1678 de
444 1639 558 1679 Viris
579 1639 740 1678 Illustr.
788 1638 801 1660 ‘
817 1636 866 1676 C.
887 1634 1079 1686 Marius:
1097 1636 1245 1688 inquit,

372 1702 559 1755 ‘septies
597 1701 770 1750 Consul,
802 1699 1014 1750 Arpinas:
1046 1699 1139 1738 loco
1171 1699 1244 1739 hu·

371 1767 460 1806 mili
479 1771 617 1817 natus,
634 1764 779 1817 primis
795 1762 1021 1803 honoribus
1041 1774 1117 1813 per
1132 1763 1244 1802 ordi-

369 1841 466 1870 nem
495 1829 681 1880 functus‚
708 1829 875 1880 legatus
897 1826 1071 1866 Metello
1090 1826 1131 1864 in
1155 1826 1244 1865 Nu·

370 1894 502 1933 midia
527 1892 787 1934 criminando
807 1891 1083 1932 Consulatum
1113 1890 1244 1942 adep-

370 1964 455 2009 tus,
471 1957 726 2010 Jugurtham
743 1961 842 1996 ante
863 1966 1031 1995 currum
1053 1954 1141 2006 egit
1159 1967 1171 2004 ;
1200 1954 1241 1993 in

370 2015 607 2073 proximum
624 2033 779 2060 annum
792 2020 950 2060 Consul
967 2019 1077 2058 ultro
1090 2017 1243 2069 factus,

371 2085 564 2126 Cimbros
592 2086 634 2126 in
666 2085 806 2127 Gallia
837 2083 950 2136 apud
982 2095 1112 2135 aquas
1141 2083 1241 2122 Sex·

370 2149 465 2195 tias,
497 2149 737 2189 Theutonas
773 2149 816 2188 in
850 2147 976 2188 Italia
1005 2147 1046 2186 in
1077 2147 1240 2199 Campo

367 2212 542 2252 Sanidio
564 2212 679 2265 vicit,
695 2212 834 2265 deque
851 2211 916 2250 his
934 2209 1240 2263 triumphavit!

370 2280 517 2319 Oliver.

421 2342 567 2390 Seruus
585 2341 792 2391 transfuga
810 2334 1014 2389 existeres]
1044 2338 1144 2389 Cur,
1161 2351 1240 2378 ser-

364 2419 435 2445 vus
453 2407 679 2457 transfigit?
708 2418 760 2444 an
779 2416 861 2444 non
884 2402 1177 2455 transfugiunt
1196 2409 1243 2443 et

364 2470 512 2510 liberi?
540 2470 659 2510 Beue
679 2467 874 2517 emendo,
891 2480 999 2507 serus
1017 2467 1239 2518 transfuga.

365 2533 522 2583 Senex,
541 2534 692 2586 inquit,
710 2541 757 2572 tu
775 2531 904 2582 Mari,
922 2537 1085 2582 et‘post
1103 2530 1240 2582 dupli-

366 2609 438 2637 ces
459 2597 691 2649 triumphos
726 2596 921 2636 Graecam
954 2595 1139 2646 linguam
1159 2595 1241 2633 ‹lis-

368 2672 467 2700 cere
486 2660 713 2713 sprevisti3
733 2671 784 2698 ne
801 2671 895 2698 sero
916 2659 1033 2698 velut
1053 2657 1240 2698 transfu-

367 2724 435 2774 gio
464 2729 507 2764 te
526 2736 755 2777 ‚canosque
787 2728 883 2763 tuos
920 2722 1240 2763 dehonestaren-

369 2787 542 2839 Lipsius.

402 2851 715 2903 'Exsurdantar]
748 2850 1072 2892 obtunduntur.

422 2912 548 2964 Molo]
592 2913 748 2952 Orator
793 2912 1119 2965 Alabandensis,
1168 2912 1240 2967 qui

366 2977 505 3018 Rhodi
534 2977 684 3017 claruit
705 2976 922 3017 Ciceronis
953 2980 1096 3028 aetate,
1118 2978 1239 3029 cujus

365 3040 558 3081 meminit
570 3039 825 3079 Plutarchus
846 3038 888 3078 in
906 3039 991 3079 vita
1005 3039 1241 3093 Ciceronis,

365 3110 411 3144 et
433 3103 587 3144 Strabo
608 3103 681 3143 lib.
701 3113 801 3143 Χιν.

423 3168 649 3220 Conspicuae
656 3166 888 3218 felicitatis]
908 3166 1028 3207 Dicit
1048 3167 1236 3208 invenire

365 3244 409 3272 se
430 3231 683 3283 Arpinatem
703 3242 874 3275 summae
893 3229 1116 3271 felicitatis
1135 3230 1238 3270 fuis-

364 3307 425 3343 se,
464 3297 552 3335 sive
581 3295 698 3334 illum
730 3299 1066 3345 contemptorem
1096 3294 1239 3334 litera·

364 3370 456 3398 rum
498 3358 672 3409 dixeris,
711 3358 801 3397 sive
840 3360 1094 3396 amatorem:
1143 3369 1238 3396 nam

364 3426 542 3472 uterque
564 3420 617 3460 de
651 3419 881 3470 municipio
913 3418 1119 3469 Arpinate
1147 3417 1238 3458 fue-

365 3489 477 3534 rant,
495 3484 646 3524 Cicero
675 3484 767 3524 scil·
794 3488 839 3523 et
870 3483 918 3523 C.
947 3481 1121 3523 Marius.
1152 3483 1236 3521 011·-

362 3558 442 3586 ver.

948 312 1144 351 ΧΝΟῬᾹΞ.
1189 310 1514 349 vARlORUM
1559 311 1623 349 {N

1373 431 1595 481 Conspicuoe
1615 431 1831 479 felicitatis
1859 432 2046 486 Arpinas]
2077 436 2190 489 Lege

1315 493 1522 544 Arpinum.
1540 495 1821 547 Municipium
1835 498 1946 537 euim
1959 499 2062 538 illud
2079 501 2191 541 com-

1315 557 1504 606 mendat,
1526 557 1638 608 quod
1661 558 1710 597 C.
1730 559 1933 610 Marium,
1962 567 2007 601 et
2035 562 2099 603 Μ.
2121 564 2191 604 Ci-

1314 631 1510 658 ceronem
1542 620 1806 670 produxerit,
1832 622 1949 662 illum
1970 631 2189 678 contemp.

1315 689 1464 734 torem,
1496 685 1607 724 hunc
1627 683 1790 725 fontem
1821 686 2057 728 literarum.
2087 689 2189 740 Pig-

1310 747 1412 786 hius.
1461 779 1469 785 .

1367 813 1388 863 ξ
1410 816 1434 851 4
1457 812 1639 851 Maxima
1658 813 1805 865 autem]
1831 814 2012 866 Semper
2028 815 2189 856 Consu·

1313 876 1374 914 les
1390 876 1601 915 Romanos
1620 887 1750 917 xxiv.
1775 876 1952 916 lictores
1972 879 2190 928 praecede-

1315 939 1433 990 bant,
1455 946 1499 980 et
1521 952 1693 980 secures
1725 940 1936 993 virgarum
1971 939 2188 983 fasciculis

1311 1004 1506 1055 alligatas
1528 1005 1768 1055 gestabant.

1367 1068 1417 1113 Q.
1439 1068 1587 1108 Fabius
1603 1068 1825 1120 Maximus]
1853 1068 1953 1108 Fuit
1971 1067 2008 1109 is
2033 1081 2088 1109 ex
2108 1068 2191 1109 Fa-

1310 1130 1476 1171 biorum
1511 1133 1689 1173 familia.
1733 1132 1856 1173 Fabii
1890 1138 2031 1174 autem
2064 1131 2188 1174 fuere

1313 1195 1488 1236 Romani
1509 1196 1755 1236 nobilissimi
1771 1196 1960 1237 simulac
1979 1197 2188 1249 potentis-

1311 1257 1420 1308 simi,
1459 1259 1530 1310 qui
1564 1258 1720 1298 bellum
1754 1258 1956 1299 adversus
1984 1259 2189 1300 Veientes

1310 1322 1387 1361 soli
1408 1334 1502 1361 cum
1525 1322 1609 1361 suis
1625 1321 1850 1362 clientibus
1869 1326 1916 1362 et
1932 1322 2067 1363 servis
2081 1322 2124 1363 in
2141 1332 2189 1363 se

1310 1390 1597 1436 receperunt:
1630 1397 1813 1435 cumque
1838 1397 1892 1425 ex
1919 1385 2086 1426 levibus
2113 1386 2188 1426 ali-

1309 1454 1413 1501 quot
1429 1449 1591 1500 praeliis
1619 1449 1777 1501 saepius
1804 1449 2024 1490 victoriam
2045 1461 2193 1503 repor-

1308 1517 1485 1559 tassent,
1496 1511 1669 1553 tandem
1685 1512 1738 1552 ad
1755 1512 2000 1553 Cremeram
2013 1511 2188 1553 fluvium

1309 1575 1474 1616 insidiis
1502 1575 1799 1625 circumventi,
1818 1574 1871 1615 ad
1892 1587 2017 1615 unum
2038 1585 2186 1616 omnes

1307 1639 1422 1692 capti
1443 1646 1559 1681 sunt.
1588 1638 1719 1680 ovid.
1738 1639 1852 1679 Fast.
1872 1650 1924 1680 n.
1979 1639 2047 1679 Ex
2067 1642 2188 1679 tanta

1308 1705 1537 1747 Fabiorum
1571 1705 1695 1746 clade
1728 1716 1834 1745 unus
1854 1709 2020 1745 tautum
2039 1715 2188 1756 super-

1306 1767 1418 1810 fuit:
1455 1769 1525 1823 qui
1546 1769 1730 1809 nondum
1759 1769 1885 1809 armis
1911 1779 1991 1820 per
2012 1773 2186 1808 aetatem

1308 1831 1506 1884 idoneus,
1543 1833 1585 1872 in
1620 1831 1726 1873 urbe
1756 1832 1935 1872 relictus
1966 1836 2085 1871 erat:
2130 1842 2186 1870 ex

1305 1896 1428 1948 cujus
1459 1896 1665 1948 sanguine
1695 1908 1774 1948 per
1791 1894 1958 1948 longam
1979 1899 2193 1947 nepotum:

1306 1961 1458 2000 seriem
1491 1966 1617 2001 natus
1646 1959 1727 2000 fuit
1757 1959 1916 2000 Fabius
1946 1959 2018 2000 ille
2047 1959 2186 1999 Maxi-

1306 2036 1415 2076 mus,
1433 2025 1506 2078 qui
1526 2025 1730 2065 Dictator
1749 2023 1974 2064 adversum
1994 2021 2188 2063 Anniba-

1305 2089 1388 2129 lem
1421 2094 1605 2140 creatus‚
1650 2085 1953 2128 cunctabunda
2000 2085 2184 2138 quadam

1306 2152 1537 2203 prudentia
1590 2163 1680 2192 rem
1724 2151 1973 2202 Romanam,
2007 2149 2185 2189 aliorum

1304 2216 1616 2268 Imperatorum
1662 2213 1908 2254 temeritate
1953 2210 2188 2253 labefacta·

1305 2284 1406 2325 tam,
1425 2278 1584 2330 primus
1603 2276 1806 2327 restituit,
1824 2275 1931 2316 adeo
1949 2281 1998 2316 ut
2017 2275 2186 2316 verissi-

1305 2353 1373 2381 me
1411 2341 1465 2381 de
1505 2353 1556 2381 eo
1593 2341 1754 2380 Ennius
1792 2339 1951 2379 dixisse
1989 2338 2182 2379 feratur:

1305 2404 1454 2444 ‘Unus
1490 2404 1613 2445 homo
1646 2403 1767 2443 nobis
1797 2402 2039 2444 cunctando
2067 2402 2189 2442 resu-

1304 2468 1388 2509 tuit
1417 2467 1537 2508 rem.'
1593 2466 1697 2518 Sed,
1722 2467 1794 2519 qui
1823 2466 1984 2518 primus
2014 2457 2187 2516 Fabius,

1304 2532 1445 2572 dictus
1470 2535 1538 2570 est
1568 2530 1794 2580 Allobrox,
1820 2530 1934 2582 quod
1963 2528 2076 2581 apud
2105 2527 2184 2569 flu-

1305 2607 1403 2635 men
1425 2594 1588 2633 Isarum
1607 2592 1886 2644 Allobrogum
1903 2603 2047 2645 regem
2073 2592 2185 2633 ceci-

1304 2659 1452 2699 disset.
1486 2659 1538 2703 Q.
1561 2657 1726 2698 Fabius.

1362 2719 1587 2772 Maximus]
1618 2720 1701 2763 Qui
1721 2719 1866 2760 Fabiae
1886 2718 2024 2771 gentis
2041 2723 2182 2758 ortum

1304 2799 1329 2827 a
1373 2786 1519 2838 capite
1571 2789 1793 2836 repetunt,
1832 2782 1887 2823 ad
1926 2781 2182 2832 Aborigines

1304 2850 1466 2903 primos
1500 2848 1612 2888 Latii
1647 2847 1829 2900 populos
1871 2845 2083 2897 originem
2115 2856 2187 2896 ge·

1303 2914 1432 2965 neris,
1470 2913 1650 2964 stirpem
1684 2910 1739 2950 ad
1775 2908 1956 2950 Fabium
1986 2901 2182 2948 Herculis

1301 2977 1438 3018 filium
1457 2975 1669 3026 referunt,
1689 2980 1738 3015 ut
1756 2973 1910 3015 scribit
1925 2971 2182 3013 Plutarchus

1301 3040 1344 3080 in
1364 3039 1573 3081 Maximo.
1633 3038 1798 3078 Habuit
1815 3037 1908 3077 haec
1929 3047 2034 3089 gens
2063 3034 2182 3074 fami-

1302 3105 1382 3145 lias
1409 3104 1656 3156 praecipuas
1683 3106 1881 3155 quatuor.
1937 3099 2084 3140 Prima
2112 3110 2178 3137 eo·

1303 3181 1393 3208 rum
1414 3173 1497 3219 est,
1517 3167 1588 3219 qui
1606 3164 1972 3215 Vibulani,altera
1989 3162 2061 3214 qni
2083 3160 2184 3201 Arn-

1302 3231 1435 3282 busti,
1449 3230 1579 3271 tertia
1591 3229 1662 3283 qui
1674 3227 1873 3278 Maximi,
1886 3231 2103 3279 postrema
2115 3235 2185 3264 eo-

1303 3305 1411 3344 rum,
1426 3293 1496 3345 qui
1515 3292 1718 3331 Pictores
1734 3288 1939 3329 nominati
1957 3292 2068 3326 sunt.
2105 3284 2180 3324 Vi-

1302 3357 1448 3397 bulani
1478 3369 1502 3396 a
1519 3356 1688 3396 Vibone
1706 3353 1848 3394 forsan
1869 3350 2047 3404 oppido,
2068 3349 2181 3403 quod

1301 3422 1344 3460 in
1379 3420 1542 3460 Brutiis
1581 3417 1776 3459 condidit
1811 3414 2038 3456 Hercules.
2077 3412 2181 3453 Am-

1302 3483 1435 3534 busti,
1457 3487 1633 3522 auctore
1653 3481 1797 3530 Festo,
1817 3477 1923 3519 dicti
1942 3482 2043 3517 sunt
2060 3487 2086 3516 a
2103 3475 2183 3515 Fa·

1301 3545 1373 3586 bio
1395 3545 1587 3596 Eburno,
1605 3542 1721 3596 quod
1753 3539 1932 3581 fulmine
1962 3538 2190 3580 ambustus
