2346 3996
327 293 467 347 1288

328 426 446 476 riam,
466 424 614 465 semita
633 425 810 466 eedam.’
839 426 960 467 Idem.

381 488 646 540 Religionem]
681 488 918 530 Justitiam.
978 491 1055 530 Est
1089 492 1197 532 enim

326 551 476 602 religio
495 563 593 603 pars
609 551 807 602 justitiae.

381 614 491 654 CAP.
518 626 580 654 vl.
610 616 678 666 §2
710 614 830 655 Caius
858 621 986 656 autem
1020 618 1197 670 Marius]

326 678 502 718 Dictum
525 684 592 718 est
625 682 668 717 in
704 691 800 731 cap.
833 679 886 719 de
916 681 1199 732 Fortitudiue‚

326 753 410 792 quo
441 747 567 792 pacto
587 742 767 793 Marius,
786 742 857 795 qui
885 743 1022 794 primo
1050 744 1199 784 nobili-

320 804 404 843 ,tati
434 804 706 844 vehementer
738 804 940 854 infensus,
970 806 1199 859 Apuleium

327 866 618 918 Saturninum,
638 867 912 908 Gracchanas
923 870 1040 920 leges
1070 870 1199 910 susci-

326 936 506 983 tantem,
544 932 824 985 suis-opibus
856 934 991 985 juvit,
1037 940 1200 975 mutata

327 996 552 1046 sententia,
574 1001 720 1036 autore
740 997 915 1047 Scauro,
930 997 1047 1036 illum
1067 1009 1090 1037 e
1106 996 1200 1038 foro

328 1058 472 1109 ejecit,
485 1065 531 1100 et
547 1059 590 1098 in
607 1059 863 1111 Capitolium
876 1059 1024 1111 fugere
1037 1059 1201 1111 coegit3

328 1134 452 1173 quem
474 1128 741 1174 persecutus,
758 1134 854 1162 cum
873 1122 964 1173 iile,
984 1123 1202 1174 proposito

332 1185 463 1236 pileo,
493 1198 637 1226 servos
668 1186 722 1226 ad
754 1198 868 1225 arma
890 1198 965 1237 spe
993 1186 1202 1226 libertatis

328 1254 604 1299 convocaret,
651 1249 912 1300 Capitolium
952 1249 1120 1300 invasit,
1157 1255 1202 1289 et

326 1311 520 1363 abruptis
550 1311 717 1362 fistulis,
745 1312 861 1351 illum
882 1312 922 1351 in
943 1312 1202 1351 deditionem

327 1373 477 1413 venire
506 1373 666 1425 coegit,
696 1373 768 1425 qui
791 1385 916 1425 quum
938 1374 1201 1425 poenitentiae

327 1448 405 1487 per
437 1437 605 1488 legatos
641 1436 769 1476 fidem
801 1435 990 1484 fecisset,
1010 1437 1110 1477 inde
1141 1437 1202 1477 di-

328 1512 493 1550 gressus
513 1512 608 1540 cum
637 1499 815 1540 ducibus
835 1498 1033 1540 factionis
1053 1513 1202 1553 recep-

330 1570 396 1602 tus
417 1564 546 1603 estin
574 1564 751 1615 curiam,
783 1563 855 1603 ubi
886 1563 1001 1604 facta
1034 1565 1077 1604 in
1106 1577 1202 1605 eum

330 1627 568 1678 eruptione,
587 1628 771 1680 populus
792 1639 886 1667 eum
906 1627 1089 1668 fustibus
1108 1641 1202 1668 sax-

330 1690 451 1742 isque
504 1697 753 1742 coopertum
804 1691 845 1729 in
898 1691 989 1743 ipsa
1034 1703 1203 1744 quoque

330 1760 468 1794 morte
500 1755 721 1795 laceravit.
777 1754 940 1794 Marius
966 1754 1098 1805 igitur
1127 1755 1202 1794 Sa-

330 1818 546 1861 turninum
584 1818 813 1869 oppressit,
849 1818 946 1870 quia
978 1830 1120 1858 servos
1151 1818 1204 1858 ad

332 1892 448 1920 arma
466 1881 673 1929 vocabat3
701 1881 791 1932 ipse
825 1893 925 1920 vero
946 1882 1071 1932 paulo
1093 1885 1208 1932 post,

333 1945 385 1984 ad
403 1946 466 1984 sui
495 1957 621 1997 opem
641 1945 811 1985 sublato
837 1945 966 1997 pileo,
985 1958 1062 1998 spe
1078 1946 1203 1986 liber-

332 2009 432 2048 tatis
470 2021 616 2049 servos
650 2009 860 2062 invitavit,
885 2021 1012 2062 quum
1045 2010 1203 2060 Syllam

332 2073 479 2112 urbem
518 2073 824 2125 irrumpentem
869 2085 963 2112 cum
1011 2073 1202 2112 exercitu

333 2137 479 2177 sensit.
535 2137 650 2188 Ergo
679 2135 790 2188 quod
823 2136 865 2175 in
888 2134 979 2174 aliis
999 2136 1203 2187 correxit,

332 2203 424 2252 ipse
462 2200 674 2253 peccavit,
708 2206 753 2239 et
790 2199 918 2239 alium
946 2198 1008 2238 sui
1038 2211 1204 2251 quoque

332 2264 501 2316 peccati
533 2264 840 2304 vindicatorem
885 2263 1062 2304 invenit.
1117 2262 1204 2302 Ad-

332 2328 587 2368 vertendum
618 2333 700 2379 est,
732 2327 844 2380 quod
882 2327 1114 2379 Eutropius
1152 2327 1206 2367 de

334 2392 475 2432 Mario
503 2391 633 2432 dicit:
661 2392 674 2413 ‘
692 2391 812 2444 Sylla
838 2390 1024 2431 Marium
1053 2390 1107 2431 de
1137 2403 1206 2431 ca-

332 2456 435 2509 prili
473 2468 573 2496 casa
605 2461 848 2496 extractum
885 2454 1039 2495 vinciri
1065 2454 1209 2506 jussit,

335 2520 595 2573 ductumque
642 2525 759 2560 trans
802 2518 1020 2571 Tyberim,
1047 2516 1210 2558 effossis

334 2586 482 2635 oculis,
522 2584 808 2636 membrisque
846 2582 1039 2622 minutim
1077 2581 1213 2633 caesis,

339 2646 569 2689 trucidari!
627 2647 695 2687 ibi
729 2647 783 2685 de
809 2645 958 2685 Marco
991 2644 1131 2684 Mario
1151 2645 1211 2684 lo-

337 2710 497 2762 quitur,
531 2721 615 2749 non
649 2708 703 2749 de
739 2707 842 2748 Caio
879 2707 1035 2747 Mario.

339 2773 467 2813 Caius
495 2773 673 2825 Marius,
691 2776 740 2812 ut
765 2771 947 2822 Plinius,
973 2771 1139 2822 Cicero,
1168 2775 1213 2810 et

336 2836 616 2887 Plutarchus,
649 2838 695 2876 et
725 2834 848 2876 multi
876 2834 946 2874 alii
980 2836 1210 2886 testantur,

338 2901 581 2942 voluntaria
598 2905 738 2942 morte
756 2899 954 2940 decessit.
1008 2899 1120 2939 Nam
1142 2899 1211 2939 Ci-

338 2977 439 3010 cero
458 2965 510 3004 de
531 2964 702 3004 Natura
721 2964 912 3003 Deorum
930 2975 940 3001 2
979 2961 991 2983 ‘
1008 2960 1121 3013 Cur,'
1149 2962 1211 3001 in-

341 3028 451 3082 quit,
484 3028 497 3050 ‘
513 3027 677 3068 Marius
700 3032 785 3067 tam
804 3025 1035 3066 infeliciter
1052 3025 1211 3077 septies

341 3093 488 3133 consul
515 3091 630 3132 domi
654 3103 741 3130 suae
773 3094 960 3130 mortuus
979 3089 1087 3128 est?
1127 3089 1211 3128 0Ιὶ-

341 3156 482 3198 verius.
519 3153 714 3206 Contigit
729 3152 783 3194 A.
802 3153 859 3194 U.
878 3163 1035 3193 nemu.

395 3219 528 3272 Pileo]
555 3220 685 3272 Signo
703 3217 931 3258 libertatis.

395 3286 418 3336 ς
438 3288 462 3324 3
485 3282 606 3323 Caius
623 3293 712 3323 vero
733 3279 910 3321 Licinius
927 3278 1056 3330 Stolo]
1077 3277 1215 3320 Autor

345 3349 399 3389 de
434 3347 547 3387 Viris
579 3343 846 3389 Illustribusz
895 3341 1077 3383 ‘Fabius
1113 3341 1215 3382 Am-

346 3414 496 3453 bustus
524 3423 549 3451 e
577 3410 741 3450 duabus
759 3407 927 3448 filiabus
947 3407 1122 3447 alteram
1145 3406 1217 3447 Li-

1100 2707 1211 2747 Nam

350 3476 462 3516 cinio
508 3473 686 3524 Stoloni,
724 3473 903 3512 alteram
948 3470 1000 3510 A.
1035 3470 1217 3522 Sulpitio

346 3539 528 3594 patricio
545 3538 767 3591 conjugem
783 3535 900 3577 dedit
913 3547 924 3586 ;
937 3547 1110 3588 quarum
1126 3535 1217 3587 ple-

908 309 1084 350 NOTAE
1126 310 1456 353 VARIORUM
1499 314 1563 353 ΙΝ

1260 430 1357 471 beia
1390 445 1484 473 cum
1518 445 1702 473 sororem
1749 435 1969 486 salutaret,
2007 436 2128 488 cujus

1262 496 1324 535 vir
1342 497 1550 537 Tribunus
1568 499 1746 539 militum
1768 501 1974 540 consulari
1992 509 2131 552 potes·

1261 565 1347 599 tate
1368 566 1474 611 erat,
1492 559 1630 600 fasces
1657 561 1846 601 lictorios
1876 561 2039 602 foribus
2060 575 2131 614 ap-

1260 621 1418 672 positos
1437 622 1687 662 indecenter
1706 623 1907 675 expavit;
1934 637 1958 663 a
1985 636 2130 664 sorore
2169 665 2171 667 ,

1259 684 2131 740 irrisa‚maritoquestaest,quiadjuvante

1260 757 1426 796 socero,
1447 753 1494 786 ut
1514 748 1694 799 primum
1715 748 1977 789 tribunatum
1991 750 2129 802 plebis

1260 821 1484 861 aggressus
1520 816 1601 862 est,
1633 811 1769 862 legem
1802 811 1918 863 tulit,
1949 817 1997 852 ut
2023 812 2132 853 alter

1261 875 1405 913 consul
1426 886 1479 913 ex
1499 874 1625 925 plebe
1644 879 1879 914 crearetur.
1932 874 2037 927 Lex,
2066 887 2131 915 re-

1259 935 1440 977 sistente
1466 936 1608 989 Appio
1640 937 1835 988 Claudio,
1865 942 2007 977 tamen
2042 938 2133 976 lata

1262 1002 1344 1049 est,
1376 1005 1421 1039 et
1450 1000 1609 1052 primus
1644 1000 1829 1040 Licinius
1847 999 1968 1040 Stolo
1986 1001 2132 1040 consul

1260 1059 1415 1102 factus.
1461 1062 1583 1102 Idem
1619 1063 1757 1114 legem
1794 1062 1952 1112 sanxit,
1981 1073 2034 1101 ne
2063 1061 2134 1101 cni

1263 1123 1355 1164 viro
1375 1124 1543 1176 plebeio
1561 1125 1656 1176 plus
1675 1136 1798 1177 quam
1817 1129 1991 1164 centum
2004 1124 2133 1175 juge-

1263 1198 1311 1226 ra
1345 1188 1436 1239 agri
1464 1187 1622 1228 habere
1650 1187 1828 1236 liceret3
1864 1192 1909 1226 et
1926 1186 2016 1237 ipse
2037 1197 2132 1225 cum

1256 1249 1414 1302 jugera
1428 1257 1600 1291 centum
1616 1250 1923 1303 quinquaginta
1936 1248 2132 1299 haberet,

1264 1317 1308 1352 et
1326 1313 1462 1352 altera
1478 1313 1737 1364 emancipati
1755 1311 1830 1352 filii
1849 1311 2018 1351 nomine
2036 1323 2132 1362 pos-

1265 1374 1439 1426 sideret,
1456 1376 1500 1415 in
1525 1375 1736 1428 judicium
1757 1380 1948 1427 vocatus,
1974 1375 2132 1426 primus

1266 1440 1451 1480 omnium
1470 1452 1546 1480 sua
1562 1441 1657 1492 lege
1672 1439 1846 1492 punitus
1863 1437 1961 1482 est.'
1982 1438 2134 1479 Oliver.

1267 1502 1458 1555 Contigit
1474 1502 1527 1543 A.
1548 1503 1602 1544 U.
1619 1512 1896 1543 cccnxxxvr.

1318 1567 1340 1617 ξ
1359 1569 1384 1605 4
1417 1566 1586 1612 Quintus
1605 1570 1735 1605 autem
1758 1565 1913 1615 Varius,
1930 1562 2020 1616 fisa]
2049 1563 2133 1603 Hic

1266 1635 1346 1680 est,
1363 1629 1435 1682 qui
1457 1630 1592 1682 legem
1611 1629 1723 1678 tulit,
1738 1634 1785 1668 ut
1802 1633 2068 1681 quaereretur
2081 1627 2134 1666 de

1264 1693 1343 1744 his,
1363 1707 1538 1746 quorum
1558 1707 1639 1747 ope
1662 1701 1703 1734 et
1723 1694 1899 1734 consilio
1917 1692 2021 1733 socii
2037 1703 2136 1738 con,-

1265 1762 1330 1797 tra
1343 1760 1543 1809 populum
1559 1759 1792 1798 Romanum
1813 1769 1929 1797 arma
1939 1756 2136 1808 sumpsis-

1266 1826 1376 1861 sent.
1431 1821 1528 1862 Qua
1565 1821 1659 1871 lege
1677 1821 1730 1862 Q.
1758 1819 1947 1872 Caepioni
1975 1817 2134 1870 gratifi-

1267 1897 1381 1935 cans,
1429 1886 1494 1925 M.
1544 1885 1750 1926 Scaurum
1788 1884 1991 1925 concitati
2035 1883 2155 1922 beni·

1267 1949 1442 1989 crimine
1462 1949 1574 2002 apud
1595 1961 1638 1989 se
1653 1949 1803 1989 adesse
1811 1947 1956 2000 jussit.
1976 1945 2136 1998 Hybri-

1268 2011 1321 2052 da
1340 2011 1459 2065 quasi
1480 2024 1533 2052 ex
1565 2008 2031 2061 contumelia'voeatus,
2060 2021 2137 2049 sua

1268 2075 1397 2127 ipsius
1432 2077 1529 2127 lege
1567 2075 1807 2116 damnatus.
1861 2075 1972 2113 Dum
2023 2072 2137 2112 enim

1269 2140 1460 2179 severius
1480 2140 1570 2191 agit
1586 2140 1627 2180 in
1644 2152 1715 2180 eos
1733 2139 1806 2192 qui
1819 2138 2019 2179 authores
2046 2135 2138 2176 fue-

1270 2209 1367 2244 rant
1386 2204 1631 2244 concitandi
1648 2204 1764 2254 belli,
1780 2202 1935 2242 bellum
1949 2201 2039 2252 ipse
2054 2211 2139 2240 non

1269 2267 1396 2307 modo
1416 2267 1587 2319 sociale,
1616 2267 1692 2307 sed
1712 2266 1841 2306 etiam
1862 2265 1989 2306 civile
2008 2262 2139 2304 susci-

1270 2331 1392 2382 tavit,
1433 2337 1479 2371 et
1513 2331 1592 2371 hoc
1610 2330 1751 2381 modo,
1771 2329 1870 2369 dum
1890 2326 2141 2368 seditionem

1272 2396 1473 2447 concitat,
1517 2397 1610 2445 lege
1664 2393 1935 2445 opprimitur.
1993 2389 2141 2430 otim.

1275 2459 1468 2511 Contigit
1488 2457 1539 2498 A.
1564 2458 1616 2498 U.
1636 2467 1810 2497 ncnxu.

1277 2558 1279 2560 ,
1328 2523 1500 2574 Propter
1530 2521 1731 2561 obscurum
1751 2519 1840 2571 jus]
1871 2517 1958 2558 Cur
1997 2520 2139 2556 autern

1276 2585 1329 2625 ab
1364 2585 1444 2625 hac
1482 2584 1648 2625 ratione
1683 2582 1881 2635 Hybrida
1916 2581 2070 2631 dictus,
2106 2579 2143 2618 si

1274 2647 1470 2688 derivant
1488 2647 1598 2686 hanc
1616 2658 1761 2686 vocem
1781 2643 1856 2684 ἀπὸ
1885 2644 1955 2691 τῆς
1973 2641 2143 2694 ὕβρεωςὲ

1273 2712 1372 2752 Scio
1391 2712 1492 2764 quid
1510 2709 1803 2758 Grammatici‚
1831 2717 1876 2747 et
1894 2718 1978 2747 non
2010 2703 2142 2746 infimi

1274 2786 1422 2815 census
1458 2772 1746 2817 Jureconsulti
1781 2771 1837 2811 de
1871 2771 1950 2811 hac
1980 2767 2146 2814 vocula.

1274 2836 1357 2879 Sed
1397 2838 1449 2878 ab
1487 2849 1632 2878 eorum
1665 2832 1864 2888 opinione
1899 2831 2146 2884 longissime

1277 2903 1435 2943 absum.
1492 2902 1605 2942 Nam
1635 2899 1827 2940 omnibns
1857 2896 1995 2938 modis
2015 2893 2146 2935 adfir-

1273 2978 1391 3006 mare
1409 2977 1490 3005 non
1511 2964 1705 3004 dubitem
1722 2961 1894 3001 Varium
1915 2958 2046 2999 illum
2074 2957 2148 2997 Su·

1275 3041 1523 3070 cronensem
1541 3027 1747 3077 Ibridam,
1777 3036 1861 3065 non
1875 3059 1877 3061 .
1892 3020 2147 3075 Hybridam,

1275 3091 1406 3133 fuisse
1425 3092 1702 3144 appellatum,
1718 3089 1762 3129 id
1782 3085 2144 3138 est,-Semicivem.

1275 3156 1378 3196 Iber
1411 3156 1454 3196 in
1494 3155 1630 3195 veteri
1665 3151 1870 3204 glossario
1919 3147 2149 3201 exponitur

1274 3219 1439 3270 ἡμίονος.
1496 3219 1612 3259 Hinc
1643 3216 1802 3257 Ibridae
1821 3211 2057 3266 promiscui
2075 3221 2147 3261 ge-

1276 3284 1388 3323 neris
1407 3291 1673 3335 quaecunque
1688 3277 1886 3319 animalia
1895 3275 2024 3316 dicta.
2050 3273 2150 3314 Hoc

1279 3352 1379 3386 ante
1396 3357 1464 3385 me
1483 3351 1528 3385 et
1545 3342 1733 3394 Josepho
1751 3339 1968 3392 Scaligero
1987 3347 2149 3377 summo

1279 3409 1369 3449 viro
1416 3408 1652 3460 probatum.
1707 3403 1773 3444 Ab
1809 3401 2060 3442 animalibus
2098 3410 2151 3438 ea

1281 3471 1510 3524 appellatio
1528 3469 1582 3510 ad
1611 3467 1799 3508 homines
1829 3475 1995 3518 quoque
2016 3468 2154 3503 trans·

1281 3535 1369 3575 lata
1405 3538 1484 3574 est.
1541 3531 1705 3572 Plinius
1730 3528 1804 3570 lib.
1842 3538 1942 3570 vm.
1968 3537 2064 3577 cap.
2084 3526 2148 3565 63.
