2288 3990
543 325 804 368 VALERn
846 323 1090 364 MAxnm
1132 325 1249 364 mn.
1291 326 1357 364 11.
1397 324 1532 363 cAP.
1558 310 1610 362 9.

180 452 456 494 autoritatem
486 447 595 500 ejus,
633 442 862 499 aliquando
892 442 1054 484 Salina·

180 525 313 557 torem
326 513 484 554 dicere.
539 512 783 551 Damnatus
798 513 941 548 autem
954 512 1054 558 post

181 579 362 630 primum
395 573 688 623 Consulatum,
717 583 801 624 quo
826 571 966 622 legem
987 573 1052 609 tu-

180 642 245 687 lit,
281 650 336 679 ne
373 637 468 691 quis
505 637 636 677 salem
670 634 856 675 vendere
895 638 1056 687 posset,

180 706 457 756 quumssantea
483 700 557 753 jus
587 699 780 740 omnibus
811 703 927 739 esset
952 708 1055 738 ven-

179 765 311 806 dendi
343 765 472 805 saus:
505 763 619 804 uude
646 764 776 804 etiam
805 761 1056 803 Salinatoris

180 841 389 882 agnomen
407 828 597 880 accepit.
637 827 852 868 Oliva-ius.

236 893 351 938 Quod
381 892 449 932 ubi
481 891 683 932 intellexit
715 891 839 943 Nero,
872 895 910 931 et
940 889 1059 930 citari

179 957 380 1007 collegam,
414 961 454 998 et
483 969 621 1008 equam
650 956 816 997 vendere
833 953 978 1005 jussit]
1005 953 1058 992 In

182 1022 520 1074 Manuscriptis:
546 1022 660 1067 Quod
674 1020 742 1061 abi
759 1019 960 1060 intellexit
975 1019 1058 1059 Ne·

181 1097 243 1137 ro,
269 1090 309 1126 et
322 1085 442 1125 citari
463 1085 667 1135 collegam,
685 1087 724 1123 et
741 1095 879 1135 equum
897 1084 1060 1123 vendere

172 1148 310 1197 jussit.
373 1148 427 1189 In
462 1147 579 1187 nullo
622 1146 796 1200 quidem
843 1145 1060 1197 reperitur

182 1211 402 1263 vulgatum
436 1214 476 1251 et
510 1222 633 1251 arma.
697 1208 824 1252 Quod
860 1220 979 1260 sane,
1013 1213 1063 1248 ut

183 1274 342 1316 Graeco
386 1274 599 1316 vocabulo
645 1273 803 1324 dicam,
841 1271 1062 1324 Glossargi

183 1337 367 1390 alicuius
409 1342 697 1378 commentum
749 1342 832 1377 est.
904 1337 1061 1388 Neque

185 1401 299 1441 enim
316 1401 398 1442 hoc
415 1401 548 1441 habet
573 1400 735 1452 Livius,
757 1412 812 1440 ex
832 1411 916 1453 quo
933 1399 1064 1439 Vale-

186 1465 295 1504 rium
326 1463 615 1516 desumpsisse
639 1463 875 1514 historiam,
903 1467 1065 1503 utrum-

186 1539 272 1581 qne
291 1526 531 1568 confereuti
552 1526 750 1580 patebit3
782 1538 861 1567 nec
890 1526 1020 1567 etiam
1040 1539 1066 1566 a

187 1589 436 1631 censoribus
483 1590 621 1631 notati
666 1590 835 1643 equites
883 1590 1066 1630 Romani

185 1664 304 1692 arma
321 1652 508 1693 vendere
519 1653 805 1705 cogebantur,
818 1652 894 1693 sed
908 1665 1066 1706 equum

186 1715 422 1768 publicum,
441 1727 568 1768 quem
588 1716 689 1768 jure
709 1716 867 1756 ordinis
886 1728 1066 1768 accepe-

185 1784 295 1830 rant,
330 1783 378 1819 et
415 1778 591 1831 publica
627 1780 836 1820 nutritum
873 1780 1067 1833 impensa

185 1842 407 1884 tenebant.
435 1842 623 1901 Pighius.

242 1905 396 1953 Quibus
411 1906 529 1959 viris]
567 1907 666 1948 Hoc
681 1907 724 1946 in
744 1906 923 1960 gratiam
941 1906 1067 1947 Tibe-

188 1968 242 2009 rii
255 1969 367 2010 dicit
383 1970 594 2027 Valerius,
612 1970 685 2024 qui
699 1970 753 2011 ab
766 1976 951 2023 utraque
967 1982 1069 2023 gen-

187 2036 232 2072 te
253 2032 372 2072 ducit
390 2033 610 2084 originem.
664 2033 898 2074 Paternum
931 2046 1067 2086 genus

189 2107 215 2134 a
259 2094 440 2136 Claudio
485 2095 679 2147 Nerone,
725 2097 972 2136 Maternum
1014 2096 1069 2136 ab

186 2158 334 2211 Appio
362 2158 542 2199 Claudio
569 2159 774 2212 Pulchro,
803 2160 875 2213 qui
903 2160 958 2200 ab
978 2159 1069 2212 Ap-

188 2222 263 2273 pio
281 2222 413 2262 Caeeo
430 2222 729 2274 descenderat,
754 2223 1067 2264 deducebatur.

189 2283 419 2325 Quomodo
452 2297 557 2337 ergo
590 2285 717 2337 dixit,
747 2298 879 2325 eorum
907 2286 1071 2337 sanguis

189 2347 305 2397 serie,
328 2349 395 2399 &c-
450 2347 564 2390 Quia
581 2347 767 2388 insertus
785 2348 855 2387 hic
871 2348 1069 2389 Tiberius

193 2408 414 2449 Liviorum
421 2409 814 2461 familiae‚materno
827 2423 907 2452 avo
919 2412 962 2451 in
975 2424 1068 2452 eam

193 2470 434 2522 adoptat03
472 2483 577 2524 ergo
605 2484 636 2512 a-
660 2471 824 2513 familia
854 2473 1068 2515 Liviorum

191 2532 381 2574 ducebat
399 2533 625 2587 originem,
653 2548 749 2588 quae
766 2537 957 2589 quamvis
979 2538 1070 2589 ple-

190 2595 288 2636 beia
305 2594 450 2648 fuerit,
482 2602 624 2638 tamen
644 2604 745 2640 octo
766 2600 1069 2641 Consulatibus

189 2656 340 2698 functa
350 2664 433 2710 est,
448 2659 612 2700 duabus
624 2662 833 2714 censuris,
850 2663 1070 2704 dictatura
1107 2665 1112 2667 ⁴

191 2727 238 2762 et
252 2722 503 2774 magisterio
522 2724 710 2777 equitum
730 2725 887 2766 floruit.
919 2727 1069 2768 Oliver.

246 2785 360 2826 Inter
387 2788 551 2827 ‹erar-ios
579 2788 750 2841 referre]
785 2789 1005 2831 Obnoxios
1023 2797 1072 2832 et

191 2847 404 2900 obligatos
422 2850 575 2891 aerario
592 2850 750 2893 facere.

246 2911 396 2952 Postea
434 2912 640 2955 Consulem
682 2919 800 2967 atque
846 2916 1072 2969 Censorem]

194 2976 307 3016 Nam
340 2977 404 3018 ita
440 2979 678 3030 arguebat:
725 2980 816 3021 Aut
847 2993 916 3021 me
947 2982 1071 3034 juste

193 3040 427 3081 damnastis
465 3054 543 3094 per
571 3044 710 3096 legem
749 3057 873 3098 quam
904 3047 984 3086 tuli
1015 3047 1070 3087 de

191 3103 280 3142 sale
298 3103 539 3157 vendendo,
554 3112 628 3146 aut
641 3107 824 3159 injuste:
844 3109 880 3148 si
892 3109 1067 3162 injuste,

191 3166 284 3207 sine
305 3167 433 3208 dubio
451 3170 645 3210 censoria
662 3176 767 3211 nota
785 3172 903 3224 digni
930 3174 1037 3214 estis
1054 3188 1066 3215 :

193 3230 292 3281 quia
306 3230 412 3270 nihil
430 3243 456 3271 a
473 3231 593 3272 vobis
607 3233 770 3285 injuste
784 3234 1069 3276 damnandum

195 3299 275 3345 est,
290 3307 419 3347 quum
450 3295 610 3348 integri
647 3308 743 3336 esse
775 3297 1005 3339 debeatis:
1033 3299 1069 3339 si

194 3367 297 3396 vero
299 3358 432 3410 juste,
445 3369 661 3411 nunquam
675 3361 940 3402 consulatum
952 3362 1070 3413 mihi,

196 3423 395 3471 tanquam
431 3421 621 3473 indigno,
658 3428 705 3463 et
738 3435 962 3465 censuram
996 3425 1070 3465 de-

197 3481 400 3522 mandare
419 3483 632 3526 debuistis
650 3499 664 3536 ;
683 3499 780 3527 nam
793 3500 920 3541 quem
935 3501 1072 3541 popu-

198 3543 266 3583 lus
285 3543 500 3588 Romanus
518 3549 650 3589 semel
668 3548 951 3598 damnaverit,
975 3563 1071 3591 eum

1852 309 1996 362 1055

1115 442 1265 493 procul
1302 441 1432 483 dubio
1469 440 1691 492 indignum
1730 437 1998 480 administra·

1116 506 1233 546 tione
1248 506 1499 559 reipublicae
1509 503 1725 558 judicavit
1740 516 1751 543 z
1773 515 1891 555 ergo,
1906 512 1998 543 tau-

1116 582 1243 622 quam
1279 571 1457 622 perjuri,
1495 567 1695 609 censoria
1728 565 2001 607 animadver-

1116 633 1233 672 sione
1249 633 1365 684 digni
1385 632 1540 673 fuistis.
1573 631 1728 673 Oliver.

1169 696 1370 747 Per-jurii]
1414 697 1527 739 Quia
1554 695 1693 736 tribus
1717 693 1926 746 jurabant
1954 704 2000 733 se

1116 759 1300 801 honores
1319 765 1366 800 et
1386 761 1656 813 magistratus
1685 760 1750 799 his
1771 758 2004 799 demanda·

1118 828 1252 876 turas,
1271 824 1342 878 qui
1373 823 1491 874 digni
1526 823 1780 864 viderentur
1805 822 2003 863 adminis-

1119 889 1306 929 tratione
1326 888 1575 940 reipublicae
1594 902 1605 928 ε
1635 887 1712 928 sed
1734 888 1866 929 semel
1884 886 2001 927 dam-

1119 958 1246 993 natus
1283 951 1339 992 ab
1371 951 1567 992 omnibus
1605 951 1803 992 tribubus
1841 955 2006 1004 praeter

1120 1028 1247 1056 unam
1284 1015 1485 1068 indignus
1521 1028 1613 1056 esse
1650 1015 1898 1066 videbatur,
1931 1016 2006 1068 qui

1122 1081 1430 1134 rempublicam
1486 1081 1806 1122 administraret
1864 1082 2007 1123 officio

1123 1145 1311 1198 publico.
1341 1146 1459 1198 Ergo
1479 1146 1618 1186 tribus
1638 1146 1873 1198 perjurium
1893 1159 2010 1187 com-

1123 1208 1291 1248 misisse
1330 1209 1604 1261 videbantur,
1640 1221 1771 1262 quum
1807 1210 2009 1251 damnato

1125 1271 1352 1312 Salinatori
1390 1273 1662 1313 consulatum
1699 1279 1746 1314 et
1782 1285 2006 1314 censuram

1126 1333 1458 1376 demandarunt.
1491 1335 1642 1376 Oliver.

1187 1397 1315 1437 Unum
1343 1401 1613 1439 tantummodo
1640 1398 1808 1451 tribum]
1854 1400 1947 1441 Cic.
1968 1401 2010 1440 in

1127 1459 1254 1500 Orat.
1275 1466 1429 1501 eontra
1462 1461 1651 1515 Rullum,
1670 1468 1716 1504 et
1734 1470 1888 1504 contra
1906 1464 2015 1503 Ver-

1128 1534 1233 1576 rem,
1250 1529 1296 1563 et
1314 1524 1355 1564 in
1374 1523 1632 1578 Philippicis
1654 1526 1760 1566 dicit
1776 1527 1853 1566 has
1875 1526 2013 1567 tribus

1126 1585 1256 1627 fuisse
1272 1587 1453 1640 triginta
1472 1589 1675 1641 quinque.

1183 1651 1390 1703 Maeciam]
1455 1652 1611 1704 Vulgo,
1659 1653 1874 1694 Martiam.
1918 1653 2013 1693 Lib.

1128 1715 1243 1753 Dan.
1264 1715 1460 1756 Moetiam.
1494 1716 1613 1756 Nihil
1631 1717 1786 1758 verius.
1830 1718 2013 1758 Festus:

1129 1779 1142 1800 ⁴
1163 1778 1318 1817 Moetia
1351 1778 1488 1819 tribus
1509 1791 1534 1818 a
1562 1779 1748 1833 quodam
1782 1783 1924 1820 castro
1955 1780 2017 1820 sic

1131 1841 1279 1882 dicta.'
1311 1843 1439 1883 Coler.

1186 1906 1208 1958 ς
1236 1909 1263 1945 7
1294 1907 1503 1958 Equestris
1518 1919 1683 1960 quoque,
1701 1905 1790 1958 ξω]
1820 1905 2018 1959 Contigit

1132 1968 1189 2010 A.
1207 1970 1262 2010 U.
1283 1981 1348 2011 m.

1185 2034 1458 2087 AErariorum]
1487 2034 1541 2075 Id
1560 2040 1642 2086 est,
1662 2035 1734 2088 qui
1751 2045 1922 2087 poenam
1944 2046 2018 2087 pe·

1133 2097 1367 2138 cuniariam
1383 2098 1426 2137 in
1447 2099 1645 2139 aerarium
1664 2097 1928 2151 conferrent,
1945 2103 2019 2138 aut

1133 2165 1182 2200 ut
1202 2161 1346 2212 capite
1367 2162 1484 2202 censi
1503 2167 1659 2203 essent.
1690 2162 1863 2202 Badius.

1186 2224 1255 2276 §8
1285 2225 1428 2277 Turpis
1459 2226 1581 2266 etiam
1611 2231 1752 2276 metus,
1781 2225 1868 2276 ξω]
1916 2226 2018 2266 Non

1133 2287 1269 2327 solum
1287 2300 1428 2328 mores
1458 2294 1503 2329 et
1521 2289 1658 2339 facta,
1684 2288 1759 2328 sed
1784 2289 2020 2329 animorum

1133 2362 1304 2402 quoque
1325 2350 1505 2392 affectus
1525 2351 1787 2391 damnabant
1806 2351 2019 2392 Censores

1133 2412 1332 2465 Romani,
1353 2421 1402 2455 ut
1420 2416 1501 2455 hoc
1522 2415 1719 2466 exemplo
1739 2414 2018 2454 timiditatem

1133 2488 1279 2517 eorum
1299 2477 1519 2518 damnavit
1551 2477 1710 2529 Reguli
1729 2488 1925 2529 censura,
1945 2477 2019 2529 qui

1131 2545 1231 2591 post
1260 2541 1528 2582 Cannensem
1556 2541 1723 2582 cladem
1755 2541 1917 2581 viribus
1943 2553 2019 2592 pa-

1132 2603 1228 2643 triae
1264 2603 1525 2655 diffidentes,
1557 2611 1605 2645 et
1633 2617 1725 2645 earn
1757 2605 1889 2657 paulo
1919 2611 2020 2657 post

1133 2667 1358 2719 ruituram,
1385 2669 1450 2708 vel
1473 2675 1592 2710 certe
1607 2670 1651 2710 in
1671 2670 1852 2710 hostium
1873 2676 2019 2722 potes-

1133 2735 1266 2769 tatem
1306 2737 1534 2772 venturam
1572 2737 1833 2783 metuentes,
1876 2732 2019 2773 Italiae

1133 2792 1389 2834 deserendae
1442 2795 1620 2836 consilia
1663 2795 1866 2837 inierant.
1919 2797 2019 2837 Hoc

1134 2857 1320 2909 contigit
1350 2859 1538 2899 secundo
1566 2859 1681 2900 bello
1709 2860 1893 2911 Punico,
1922 2872 2019 2900 nam

1135 2920 1186 2959 L.
1217 2920 1421 2962 Caecilius
1449 2923 1656 2963 Metellus
1689 2929 1879 2976 quaestor
1904 2935 2020 2964 com-

1134 2984 1328 3036 pluribus
1349 2992 1474 3026 autor
1488 2985 1571 3026 fuit
1586 2986 1842 3038 conjurandi
1858 2998 1912 3027 ex
1929 2985 2018 3026 Ita-

1131 3046 1192 3086 lia
1210 3046 1434 3088 discedere
1453 3054 1552 3101 post
1567 3062 1755 3102 pugnam
1775 3049 1889 3102 apud
1910 3050 2020 3090 Can-

1132 3121 1210 3149 nas
1255 3109 1487 3151 infeliciter
1533 3113 1819 3163 commissam,
1863 3112 1938 3151 sed
1973 3111 2018 3151 id

1131 3172 1380 3224 Scipionem
1416 3174 1683 3226 prohibuisse
1719 3179 1903 3225 constat,
1949 3173 2018 3213 cui

1133 3248 1296 3276 summa
1316 3249 1458 3277 rerum
1480 3249 1560 3289 per
1577 3238 1692 3278 illius
1710 3238 1934 3277 exercitus
1953 3248 2018 3275 re-

1131 3300 1286 3352 liquias
1306 3301 1492 3340 maximo
1512 3312 1725 3341 consensu
1755 3300 1898 3339 delata
1926 3297 2017 3338 fue-

1133 3367 1218 3412 rat,
1239 3368 1286 3403 et
1315 3363 1417 3403 dum
1450 3364 1506 3404 de
1541 3363 1710 3415 republ.
1736 3363 2018 3412 consultaret,

1132 3427 1359 3467 nuntiatur
1392 3426 1554 3467 frustra
1588 3427 1708 3465 illum
1753 3425 2015 3476 consultare,

1135 3489 1248 3542 quod
1270 3490 1444 3541 perdita
1461 3502 1559 3541 spes
1579 3488 1715 3528 omnis
1734 3491 1864 3537 esset,
1882 3487 2016 3539 quod·

1135 3563 1219 3603 que
1239 3551 1469 3605 desperata
1488 3557 1531 3591 et
1548 3550 1812 3602 complorata
1830 3550 1921 3602 jam
1942 3549 2014 3591 de-
