2346 3996
419 234 563 297 1400
961 248 1283 290 aecensus
1343 250 1702 292 Em'rmNuM

487 366 618 426 1617
681 363 862 416 Valerii
905 366 1110 416 Maximi
1168 367 1411 420 dictorum
1458 370 1800 437 factorumque
1849 363 2236 422 memorabilium

409 441 526 498 libri
549 461 634 499 lx.
670 446 870 497 infinitis
905 446 1095 496 mendis
1119 465 1180 498 ex
1205 457 1422 499 veterum
1457 451 1802 515 exemplarium
1836 449 1936 500 fide
1971 453 2234 517 repurgati,

413 536 564 594 atque
598 529 647 578 in
686 528 933 581 meliorem
957 528 1176 579 ordinem
1200 531 1410 582 restituti
1432 547 1519 596 per
1543 531 1719 596 steph.
1743 531 1966 598 Pighium
1993 533 2237 599 Campen-

411 625 532 660 sem.
599 612 866 660 Accessere
905 610 954 659 in
993 608 1090 660 fine
1122 611 1252 662 susti
1289 610 1443 677 Lipsii
1484 618 1630 662 notae.
1671 611 1891 665 Coloniae
1929 611 2236 677 Agrippinae,

409 689 542 755 apud
568 691 700 740 Petr.
724 693 1069 759 Heuningium.
1101 693 1178 742 16.

482 770 613 819 1619
648 771 827 822 Duaci.
851 773 1135 824 4.——Editio
1158 772 1338 821 collata
1361 789 1474 821 cum
1499 771 1695 820 duobus
1719 770 1842 820 Mes·
1882 778 1933 820 et
1955 787 2066 820 cum
2091 771 2237 823 variis

407 848 548 899 lectt.
571 866 599 899 e
624 851 812 903 Codice
836 855 934 904 Ms.
956 853 1212 920 Lipsiensi,
1237 859 1287 902 et
1308 853 1420 901 Jani
1445 854 1629 901 Dousae
1653 851 1967 915 conjecturis.

471 955 542 971 -
573 930 771 993 infinitis
805 934 992 985 mendis
1025 952 1086 984 ex
1121 941 1238 983 vett.
1272 933 1624 998 exemplarium
1664 932 1764 981 fide
1798 931 2059 996 repurgati,
2096 938 2149 980 et
2185 931 2235 979 in

406 1010 658 1061 meliorem
674 1012 894 1064 ordinem
917 1014 1130 1065 restituti
1153 1030 1239 1080 per
1257 1013 1433 1077 Steph.
1460 1011 1699 1077 Pighium.
1733 1011 1973 1071 Coloniae,
1993 1027 2070 1077 ap.
2088 1011 2234 1060 Bern.

407 1091 718 1145 Gualterum.
751 1097 827 1145 12.

479 1173 610 1231 1620
646 1174 903 1224 Hanoviae.
928 1177 983 1224 8.-

475 1254 606 1303 1625
641 1254 1024 1313 Amsterodami,
1049 1254 1183 1319 apud
1208 1253 1440 1303 Caesium.
1465 1254 1550 1301 24.

475 1335 606 1383 1626
641 1334 1019 1394 Amsterodami‚
1044 1334 1177 1400 apud
1201 1335 1346 1383 Joan.
1371 1331 1700 1383 Janssonium.
1731 1330 1810 1379 16.

474 1414 603 1462 1627
640 1415 966 1466 Francofurti.
990 1417 1039 1464 8.
1065 1415 1193 1481 typis
1213 1414 1432 1463 Wechel.
1474 1411 1727 1478 Repetitio
1748 1409 1972 1460 editionis
1990 1425 2069 1458 an.
2090 1407 2234 1459 1614.

401 1492 484 1543 cui
507 1493 710 1544 editioni
734 1496 942 1547 Colerus
965 1504 1016 1547 et
1040 1496 1413 1546 annotationum
1452 1510 1649 1543 suarum
1683 1507 1862 1540 novam
1893 1489 2235 1556 appendicem,

398 1581 555 1640 atque
575 1575 683 1626 Seb-
717 1577 927 1628 Corradi
951 1577 1392 1627 animadversiones
1415 1574 1659 1639 adjunxit.
1728 1574 1872 1621 Hanc
1897 1569 2094 1620 Gudius
2118 1586 2234 1619 cum

402 1655 663 1707 codicibus
686 1658 854 1723 viginti
878 1660 1088 1725 amplius
1112 1659 1407 1718 contulerat,
1433 1672 1641 1723 quorum
1667 1652 1890 1703 notitiam
1912 1652 2065 1717 ipsius
2079 1650 2236 1700 Gudii

401 1737 565 1788 verbis
588 1738 688 1789 vid.
712 1740 844 1806 apud
871 1739 1066 1789 Fabric.
1090 1739 1215 1790 Bibl.
1243 1740 1352 1788 Lat.
1376 1738 1439 1787 T.
1469 1750 1536 1786 11.
1562 1752 1674 1800 pag.
1698 1735 1782 1782 56.
1806 1749 1947 1798 seqq.

477 1820 606 1867 1632
640 1836 702 1868 ex
726 1820 1005 1870 recensione
1041 1822 1123 1872 Jo.
1156 1822 1221 1869 Is·
1267 1817 1493 1869 Pontani.
1545 1813 1917 1872 Amstelodami‚
1943 1809 2079 1879 apud
2104 1810 2234 1860 Dan.

396 1894 602 1949 Eizevir.
632 1901 711 1949 12.

470 1978 598 2027 1637
635 1998 747 2030 cum
775 1981 902 2032 notis
925 1983 953 2033 J
962 1982 1054 2031 usti
1078 1980 1248 2047 Lipsii.
1272 1982 1435 2029 Amst.
1467 1980 1548 2027 12.

473 2061 604 2110 1640
639 2078 749 2111 cum
775 2062 900 2112 notis
925 2062 1090 2128 Lipsii.
1135 2061 1361 2128 Lugduni
1378 2062 1488 2110 Bat.
1509 2060 1587 2108 12.
1602 2055 1731 2123 apud
1757 2056 1933 2105 Franc.
1949 2050 2234 2118 Hegerium.

474 2141 603 2189 1642
639 2144 875 2192 Genevae.
906 2145 985 2193 12.

474 2221 602 2269 1647
639 2222 1008 2272 Amstelodami.
1039 2224 1119 2272 12.
1145 2221 1277 2287 apud
1302 2223 1532 2279 jansson,
1557 2234 1670 2269 cum
1695 2215 1822 2267 notis
1847 2213 2021 2280 Lipsii.

476 2301 605 2350 1650
638 2303 1007 2355 Amstelodami.
1038 2302 1275 2369 12.-,31)υά
1301 2301 1506 2351 Elzevir.

474 2380 599 2430 1651
638 2385 1017 2435 Amstelodami.
1047 2386 1124 2434 16.
1149 2383 1280 2450 apud
1308 2384 1387 2433 J0.
1413 2379 1740 2433 Janssonium.

467 2489 536 2498 —-
568 2479 684 2514 cum
708 2466 838 2516 notis
863 2465 1125 2525 variorum,
1150 2481 1210 2513 ex
1234 2463 1313 2512 ed.
1342 2466 1458 2512 Ant.
1483 2459 1672 2526 Thysii.
1700 2455 1926 2523 Lugduni
1965 2456 2078 2505 Bat.
2115 2455 2232 2502 8.-

400 2540 476 2588 Ex
511 2543 711 2593 eruditis
754 2545 1177 2595 observationibus
1208 2541 1499 2606 Christoph.
1526 2540 1704 2590 Adam.
1742 2533 1948 2601 Ruperti
1983 2532 2044 2582 ad
2069 2534 2230 2583 Valer.

400 2619 537 2669 Max.
575 2630 626 2671 et
657 2624 914 2686 Velleium,
951 2623 1294 2687 Norimbergae
1338 2622 1488 2671 1663.
1529 2617 1790 2685 separatim
1828 2615 1988 2675 editis,
2026 2613 2232 2665 selectas

397 2706 539 2749 notas
562 2704 823 2768 excerpsit,
845 2705 1042 2770 suisque
1065 2704 1258 2754 addidit
1279 2702 1506 2767 Thysius.

474 2782 602 2830 1652
638 2784 959 2835 Francofurti.
987 2787 1035 2836 8.
1059 2801 1171 2834 cum
1194 2783 1320 2833 notis
1347 2799 1470 2831 varr.
1497 2798 1614 2831 cura
1637 2778 1921 2846 Christoph.
1946 2775 2123 2827 Coleri.

469 2888 535 2898 -——
568 2861 946 2914 Amstelodami.
975 2868 1054 2915 12.
1077 2882 1138 2914 ex
1163 2881 1331 2914 museo
1355 2863 1423 2912 Is.
1447 2861 1673 2913 Pontani.

475 2943 606 2992 1655
640 2945 866 3009 Lugduni
889 2946 999 2995 Bat.
1027 2947 1075 2994 8.
1101 2961 1215 2994 cum
1241 2944 1371 2994 notis
1398 2959 1528 2993 varr.
1550 2960 1609 2991 ex
1634 2943 1713 2992 ed.
1739 2944 1857 2991 Ant.
1880 2939 2066 3006 Thysii.

474 3024 606 3072 1660
643 3026 1016 3086 Amstelodami,
1040 3043 1123 3092 ap.
1146 3028 1372 3076 Jansson.
1403 3028 1481 3075 16.
1507 3041 1621 3073 cum
1648 3025 1773 3073 notis
1799 3022 1971 3088 Lipsii.

471 3132 539 3141 —-
573 3105 799 3170 Lugduni
820 3107 928 3156 Bat.
956 3108 1002 3157 8.
1028 3125 1138 3157 cum
1165 3108 1295 3157 notis
1318 3123 1442 3156 varr.
1465 3123 1525 3155 ex
1550 3104 1667 3156 edit.
1691 3103 1879 3170 Thysii.

477 3185 604 3248 1662
639 3186 925 3252 Christoph.
949 3188 1127 3237 Adurni
1148 3190 1354 3255 Ruperti
1372 3187 1736 3238 dissertationes
1769 3182 2227 3248 observationesque

405 3264 570 3315 mixtae
616 3266 666 3316 in
704 3267 946 3317 Valerium
981 3270 1116 3320 Max.
1152 3277 1201 3320 et
1237 3271 1296 3320 C.
1335 3269 1569 3321 Velleium
1607 3263 1932 3318 Paterculum.
1966 3262 2228 3329 Norih-erg.

407 3354 553 3397 sumt.
577 3348 657 3400 J0.
680 3347 909 3399 Tauberi.
936 3351 982 3398 8.
