2346 3996
424 281 567 340 1214

424 411 608 451 cundum
641 412 785 465 populi
828 413 1003 453 Romani
1044 415 1301 466 jussionem,

427 474 658 526 Caepionis,
698 475 816 526 cujus
870 476 1112 517 temeritate
1156 478 1301 517 clades

426 543 605 590 accepta
626 545 732 588 erat,
752 538 942 578 damnati
962 540 1072 581 bona
1087 541 1302 592 publicata

424 608 538 649 sunt,
574 602 794 653 primoque
821 608 917 653 post
949 615 1095 655 regem
1125 605 1303 656 Tarqui-

426 666 541 704 nium
572 666 794 716 imperium
833 666 873 705 ei
905 666 1185 719 abrogatum!
1219 669 1303 707 Oli·

429 740 510 767 ver.

484 792 717 832 Consulatus
765 794 918 845 decore]
982 793 1067 836 Qui
1112 806 1208 834 cum
1254 793 1303 833 C.

425 854 588 894 Manlio
634 857 782 900 consul
826 855 982 908 fuerat,
1009 863 1055 897 et
1099 857 1305 897 adversus

429 917 622 957 Cimbros
641 919 807 959 missus.
839 920 945 958 Οἰὶυ.

478 981 604 1020 Scalis
627 982 847 1034 Gemoniis]
876 983 985 1021 Vide
1006 995 1149 1034 supra.

481 1045 576 1095 §14
604 1044 699 1084 ιῙαηι.
745 1046 792 1086 C.
840 1045 1015 1096 Marius]
1046 1046 1130 1086 Hic
1179 1046 1306 1085 Marii

425 1106 516 1146 vita
529 1105 628 1146 *tota
656 1113 769 1147 esset
788 1107 1033 1159 referenda,
1063 1114 1112 1148 ut
1143 1109 1308 1160 planius

426 1171 626 1221 cognosci
649 1177 808 1223 posset,
827 1179 983 1224 quanta
1003 1178 1047 1210 et
1066 1171 1308 1211 discrimina

427 1244 567 1272 rerum
601 1245 754 1285 passus
792 1233 936 1284 fuerit,
973 1241 1135 1286 quanta
1165 1247 1307 1275 rursus

426 1295 609 1336 fortunae
654 1297 919 1349 benignitate
962 1304 1006 1337 et
1041 1297 1310 1349 indulgentia

427 1371 544 1408 usus,
572 1365 620 1398 ut
640 1360 765 1399 modo
785 1359 907 1410 felix,
938 1360 1065 1399 modo
1091 1361 1236 1411 miser,
1266 1362 1309 1400 in

427 1433 578 1473 magna
596 1433 734 1462 rerum
753 1423 963 1463 varietate
979 1423 1102 1463 ludus
1123 1423 1309 1465 fortunae

427 1486 582 1525 merito
601 1486 684 1527 dici
705 1487 866 1538 possit:
897 1487 972 1527 sed
994 1487 1108 1540 quod
1129 1487 1193 1544 ad*
1219 1501 1309 1528 rem

426 1549 552 1589 istam
572 1550 772 1602 pertinet,
801 1551 965 1590 Marius
995 1563 1049 1589 ex
1080 1551 1310 1603 municipio

428 1611 647 1665 Arpinati,
674 1626 770 1654 cum
788 1627 833 1654 se
849 1615 1026 1654 Romam
1042 1614 1310 1662 contulisset,

429 1677 489 1717 sic
510 1677 704 1718 omnibus
730 1679 869 1730 primo
903 1684 1083 1731 propter
1113 1678 1311 1730 ignobili-

430 1748 566 1783 tatem
597 1744 866 1796 contemptui
897 1742 996 1795 fuit,
1024 1751 1071 1784 ut
1091 1743 1311 1795 Arpinati-

430 1806 510 1846 bus
542 1807 789 1857 honoribus,
829 1807 984 1847 nedum
1017 1807 1221 1847 Romanis
1249 1807 1311 1846 in·

430 1869 582 1921 dignus
621 1870 872 1920 baberetur3
911 1871 1069 1923 saepius
1113 1871 1156 1910 in
1202 1871 1312 1922 peti·

431 1932 548 1972 tione
573 1933 914 1985 magistratuum,
941 1939 987 1974 et
1017 1933 1187 1974 illorum
1220 1934 1312 1986 qui-

433 1999 529 2038 dem
562 2000 785 2050 minorum,
811 1999 1026 2050 repulsam
1063 2010 1228 2051 passus,
1270 1999 1313 2038 in

431 2068 627 2102 senatum
662 2062 865 2114 irrupisse
897 2062 1049 2115 magis,
1083 2074 1208 2115 quam
1241 2074 1313 2102 ve-

433 2126 545 2166 nisse
573 2127 790 2178 creditur3
834 2127 905 2166 vix
939 2133 1173 2178 praetnram
1206 2127 1316 2167 obti-

432 2193 541 2244 nuit,
572 2206 651 2245 pro
672 2205 757 2246 qua
776 2193 907 2234 etiam
923 2192 1109 2232 ambitus
1138 2205 1314 2233 accusa-

434 2263 518 2308 tus,
537 2263 732 2297 extrema
752 2256 925 2297 fortuna
943 2256 1082 2297 stetit.
1129 2257 1315 2308 Legatus

435 2320 617 2360 Metello
631 2320 672 2359 iu
687 2319 879 2360 Africam
897 2320 1065 2371 missus,
1080 2321 1253 2372 egregie
1269 2332 1316 2360 se

433 2383 475 2422 in
498 2383 571 2423 illa
588 2383 745 2424 militia
765 2383 926 2435 gessit;
956 2384 1026 2423 cui
1056 2383 1316 2424 sacrificanti

434 2460 530 2489 cum
543 2459 699 2499 magna
712 2452 757 2488 et
773 2447 860 2487 alta
873 2447 954 2498 ipsi
971 2446 1172 2499 portendi
1187 2446 1316 2487 dixis-

435 2516 501 2550 set
521 2522 721 2562 aruspex,
748 2509 935 2550 animum
953 2508 1101 2549 statim
1131 2508 1185 2549 ad
1215 2522 1315 2549 con·

434 2575 617 2614 sulatum
639 2573 816 2625 adjecit,
846 2573 900 2613 ad
916 2585 1042 2625 quem
1059 2572 1315 2625 capiendum

436 2642 596 2688 praeter
641 2641 903 2676 vetustatem
957 2634 1128 2676 familiae
1174 2637 1316 2676 omnia

437 2699 608 2739 abunde
651 2704 788 2750 erant,
834 2698 1061 2750 industria,
1108 2699 1316 2751 probitas,

437 2762 600 2803 militiae
618 2775 770 2813 magna
797 2762 995 2813 scientia,
1023 2762 1185 2802 animus
1217 2763 1317 2803 belli

436 2826 608 2879 ingens,
635 2826 749 2866 domi
791 2825 1000 2876 modicus,
1040 2825 1226 2866 libidinis
1271 2832 1318 2867 et

439 2889 682 2930 divitiarum
711 2889 864 2940 victor,
907 2889 1199 2928 tantummodo
1230 2889 1318 2941 glo-

440 2953 515 2994 riae
535 2951 686 2993 avidus
704 2965 714 2991 :
748 2965 772 2991 a
791 2963 874 3004 quo
894 2951 1083 3004 petendo
1104 2951 1319 2993 dissuasus

440 3017 622 3068 primum
641 3027 666 3055 a
685 3015 884 3065 Metello,
912 3014 1120 3054 deterreri
1141 3028 1224 3055 non
1246 3029 1321 3068 po-

441 3080 547 3120 tuit:
579 3091 663 3132 quo
683 3078 854 3118 tandem
885 3078 1135 3130 impetrato,
1162 3079 1321 3131 Jugur-

442 3142 608 3182 thinuni
626 3141 789 3182 bellum
809 3139 1020 3190 confecit;
1039 3141 1092 3181 de
1110 3141 1323 3193 Jugurtha

443 3211 571 3258 capto
600 3204 901 3256 triumphavit:
930 3203 1093 3255 Gallos,
1113 3205 1324 3258 CimbroS,

442 3270 650 3322 Senones,
674 3268 748 3321 qui
775 3269 1061 3308 Romanorum
1080 3279 1229 3308 nomen
1251 3282 1323 3309 ex-

444 3334 643 3386 tinguere
659 3332 987 3381 constituerant,
1013 3331 1067 3371 ad
1098 3333 1324 3374 interneci-

444 3410 568 3438 onem
583 3408 715 3450 usque
726 3394 906 3436 delevit.
963 3394 1076 3436 Orta
1093 3395 1250 3438 deinde
1270 3399 1324 3440 de

446 3462 667 3513 provincia
686 3462 818 3502 Ponti
838 3459 1065 3511 seditione,
1091 3461 1196 3501 urbe
1232 3465 1323 3515 pul-

448 3539 517 3566 sus
546 3539 570 3566 a
597 3526 730 3577 Sylla,
759 3529 806 3565 ut
839 3536 970 3578 supra
1004 3524 1202 3579 diximus,
1228 3539 1324 3569 cum

1006 296 1182 335 NOTAE
1223 296 1552 338 VARIORUM
1597 300 1659 339 IN

1364 414 1533 468 fugiens
1562 430 1607 458 se
1629 417 1871 458 Minturnas
1905 418 2175 469 contulisset,
2200 419 2244 460 in

1364 481 1590 531 paludibus
1635 482 1821 533 delituit,
1865 482 1979 522 unde
2013 488 2247 534 extractus,

1364 550 1410 583 et
1441 544 1482 583 in
1517 544 1752 584 custodiam
1784 545 1922 597 datus,
1960 558 2056 585 cnm
2099 557 2246 585 servus

1366 607 1539 646 Cimber
1559 607 1613 646 ad
1642 619 1738 647 eum
1771 608 2051 649 occidendum
2082 608 2248 660 missus,

1365 670 1594 721 maiestate
1632 671 1883 724 deterritus,
1927 673 2128 713 occidere
2164 685 2246 712 non

1367 733 1652 785 sustinuisset,
1682 735 1782 774 iude
1802 735 1998 786 eductus,
2019 741 2063 775 et
2085 737 2129 775 in
2147 734 2248 774 navi

1368 796 1546 847 positus,
1575 797 1616 835 iu
1637 795 1829 836 Africam
1866 798 2032 838 delatus
2063 803 2144 849 est,
2173 797 2248 839 ubi

1369 858 1484 897 varia
1503 857 1676 898 fortuna
1697 871 1812 909 usus,
1840 859 2012 899 tandem
2045 871 2098 898 ex
2123 860 2248 902 Mau·

1369 920 1491 958 rusiis
1512 921 1676 971 equites
1703 921 1981 972 comparavit,
2009 928 2054 961 et
2086 922 2249 969 exerci-

1369 987 1457 1021 tum
1479 981 1665 1022 confecit
1686 995 1770 1022 non
1791 984 2164 1032 contemnendum,
2195 998 2250 1024 ex

1371 1046 1485 1094 agris
1518 1046 1862 1086 robustissimum
1902 1059 2111 1100 quemque
2146 1048 2252 1088 deli-

1369 1121 1498 1159 gens;
1527 1109 1803 1161 impletisque
1827 1110 2046 1161 sexaginta
2073 1110 2250 1150 navibus

1371 1183 1424 1210 ex
1456 1183 1506 1210 ea
1535 1174 1721 1212 virorum
1753 1173 2043 1222 multitudine,
2073 1173 2250 1213 Romam

1373 1246 1518 1274 versus
1551 1235 1785 1287 navigavit,
1825 1248 1955 1288 seque
1993 1236 2140 1276 Cinnae
2177 1248 2250 1276 ex·

1372 1298 1496 1348 pulso
1516 1297 1754 1349 conjunxit,
1781 1299 1854 1351 qui
1881 1299 2018 1350 primo
2036 1299 2251 1349 Hostiam,

1372 1359 1528 1399 deinde
1563 1361 1822 1411 Janiculum,
1850 1366 2066 1412 postremo
2100 1361 2252 1401 urbem

1372 1423 1508 1475 ipsam
1529 1428 1811 1475 occuparunt,
1827 1429 1870 1464 et
1890 1424 1944 1464 de
1965 1424 2146 1465 inimicis
2165 1425 2253 1465 suis

1374 1488 1564 1539 graviter
1608 1488 1701 1540 ulti,
1755 1488 2112 1540 proscriptionem
2170 1489 2255 1541 ipsi

1373 1551 1609 1604 proscripti
1653 1552 1889 1604 graviorem
1949 1558 2256 1603 exercuerunt,

1374 1618 1531 1656 multos
1552 1617 1844 1658 Romanorum
1862 1617 2079 1670 principes
2094 1618 2148 1658 de
2167 1629 2257 1658 me·

1373 1679 1446 1720 dio
1467 1680 1684 1720 tollentes
1739 1681 1849 1722 Quae
1880 1680 1956 1720 ubi
1985 1681 2256 1733 Syllae-nun·

1375 1743 1483 1783 tiata
1507 1741 1694 1795 fuerunt,
1722 1743 1969 1795 compositis
1997 1743 2126 1784 rebus
2158 1757 2255 1786 cum

1374 1806 1640 1858 Mithridate,
1653 1806 1904 1858 properavit
1917 1805 1971 1846 ad
1990 1806 2139 1847 urbem
2157 1819 2255 1848 cum

1375 1871 1589 1922 exercitu,
1617 1876 1662 1911 et
1693 1871 1813 1910 caesis
1830 1870 1991 1923 aliquot
2007 1870 2138 1910 Marii
2159 1870 2256 1911 Cin-

1374 1946 1527 1986 naeque
1585 1933 1865 1984 exercitibus,
1920 1933 2070 1974 urbem
2122 1934 2255 1987 cepit.

1375 1997 1542 2038 Marius
1559 1998 1630 2038 ubi
1651 1997 1756 2038 vidit
1775 2009 1821 2037 se
1841 2009 1960 2037 arma
1987 1997 2118 2049 Syllae
2151 1995 2255 2037 effu-

1377 2073 1480 2112 gere
1500 2073 1581 2100 non
1603 2073 1742 2113 posse,
1771 2060 1884 2100 domi
1907 2060 2131 2101 celebrato
2159 2072 2257 2100 cum

1378 2123 1528 2163 amicis
1562 2122 1778 2172 convivio,
1812 2122 2086 2176 iudicatoque
2130 2123 2258 2163 animi

1379 2187 1443 2227 sui
1475 2186 1667 2238 consilio,
1706 2187 1788 2226 sibi
1817 2191 1996 2226 mortem
2034 2185 2256 2231 conscivit.

1378 2251 1451 2290 De
1471 2262 1556 2302 quo
1577 2249 1730 2290 Cicero
1758 2249 1813 2289 de
1833 2249 2003 2289 Natura
2032 2249 2257 2290 Deorum:

1380 2314 1391 2335 ‘
1411 2313 1498 2353 Cur
1520 2310 1717 2362 Marius,'
1738 2311 1894 2365 inquit,
1925 2314 1938 2335 ⁶
1955 2317 2043 2352 tam
2074 2311 2260 2353 feliciter

1379 2377 1541 2428 septies
1589 2375 1738 2415 consul
1779 2374 1895 2414 dorni
1934 2387 2022 2414 suae
2067 2380 2260 2416 mortuus

1379 2447 1447 2480 est
1467 2439 1495 2479 ?’
1580 2438 1723 2479 Livius
1780 2437 1890 2478 libro
1920 2437 2258 2491 ,octuagesimox

1375 2505 1389 2527 ‘
1410 2504 1577 2545 Marius
1598 2503 1727 2544 editis
1744 2502 1788 2542 in
1808 2502 1916 2542 urbe
1946 2503 2095 2543 multis
2126 2504 2258 2543 scele-

1378 2567 1495 2607 ribus
1511 2567 1661 2608 Idibus
1680 2566 1896 2620 Januariis
1915 2565 2131 2607 decessit:
2152 2566 2258 2607 01:⁴0.

1380 2630 1571 2682 Contigit
1591 2629 1643 2669 A.
1663 2631 1718 2670 U.
1739 2640 1934 2669 ncxxlx.

1437 2693 1594 2744 Campi]
1622 2692 1799 2733 Scilicet
1818 2691 1983 2743 Martii,
2012 2691 2054 2730 in
2075 2703 2159 2744 quo
2188 2689 2261 2732 fie-

1379 2756 1487 2797 bant
1505 2756 1692 2797 comitia.
1717 2756 1824 2800 Bad.

1435 2821 1630 2861 Praeturae
1655 2819 1888 2861 candidatus
1911 2830 2088 2871 supremo
2105 2820 2184 2860 1000
2202 2819 2263 2860 in·

1381 2883 1515 2935 hoesit]
1544 2883 1597 2924 Id
1627 2889 1707 2935 est,
1732 2883 1881 2923 ultimo
1913 2883 2010 2922 loco
2040 2882 2155 2923 inter
2186 2895 2262 2924 sex

1382 2952 1592 3000 praetores
1608 2948 1776 2987 creatus
1790 2951 1872 2986 est.
1920 2945 2031 2986 Nam
2050 2945 2130 2986 boc
2148 2945 2263 2986 idem

1383 3011 1575 3052 declarat
1588 3009 1848 3050 Plutarchus
1861 3008 1926 3049 his
1941 3008 2085 3049 verbis
2099 3007 2265 3049 εὝστε-

1384 3090 1449 3128 ρον
1477 3074 1520 3115 δὲ
1552 3074 1596 3114 οὐ
1624 3075 1762 3127 πολλῷ
1793 3071 2032 3124 στρατηγίαν
2058 3072 2265 3122 μετελθὼν,

1385 3138 1519 3189 ὀλίγον
1567 3135 1722 3186 ἐδέησεν
1767 3137 1957 3176 ἐκπεσεῖν·
2002 3133 2173 3186 ἔσχατος
2220 3134 2263 3175 δὲ

1384 3203 1539 3244 πάντων
1555 3199 1836 3254 ἀναγορευθεὶς,
1863 3197 1974 3246 δίκην
2002 3196 2102 3250 ἔσχε
2127 3200 2263 3239 δικασ-
2326 3248 2333 3255 ι

1385 3270 1472 3320 μοῦ.
1528 3270 1636 3309 Erat
1656 3272 1800 3307 autem
1819 3263 2011 3305 nonnihil
2040 3264 2265 3316 ignomini-

1386 3346 1505 3374 osum
1525 3332 1689 3380 ultimo,
1716 3335 1844 3383 atque
1863 3338 1888 3366 e
1916 3332 2071 3367 contra
2098 3328 2266 3368 honori-

1383 3397 1512 3438 ficum
1541 3396 1679 3448 primo
1709 3394 1806 3433 loco
1839 3392 1952 3432 inter
1981 3395 2048 3431 tot
2079 3390 2264 3443 collegas

1388 3459 1648 3502 renuntiari:
1680 3457 1752 3510 qui
1786 3455 1951 3496 idcirco
1988 3458 2148 3505 praetor
2177 3453 2266 3505 pri-

1387 3536 1479 3565 mus
1497 3520 1809 3576 appellabatur.
1866 3518 1963 3560 Quo
1984 3516 2151 3558 nomine
2171 3516 2264 3569 glo·
