2346 3996
341 275 481 328 1320

338 404 567 457 imaginem
595 405 756 446 funeris
791 418 921 446 causa
950 407 1130 459 produci
1155 421 1221 448 so·

338 470 441 509 lere.
498 469 580 509 Sed
602 468 716 508 unde
741 481 826 508 non
846 468 978 510 dicit:
1007 483 1139 524 quare
1158 472 1218 511 lo-

339 544 415 572 cus
443 533 514 572 ille
532 532 809 585 imperfectus
831 532 1015 586 videtur,
1034 535 1217 576 omnium

339 596 453 636 enim
473 596 700 636 illustrium
728 595 1082 648 producebantur
1103 597 1221 639 fune-

339 657 407 699 bri
428 671 584 710 pompa
605 659 838 712 imagines;
869 660 946 700 sed
961 662 1040 702 hoc
1059 674 1219 712 rarum,

340 723 454 775 quod
474 723 650 763 Catonis
679 725 817 776 imago
837 737 861 764 e
894 726 1040 776 Curia,
1059 738 1143 766 non
1165 739 1218 766 ex

341 788 452 827 atrio
498 787 648 827 domus
695 788 894 840 privatae.
968 789 1217 841 Legendum

337 850 511 903 itaque:
544 852 680 902 Imago
710 851 793 901 eius
807 852 966 900 funeris
988 865 1104 893 causa
1128 865 1219 905 pro-

337 915 428 954 duci
453 927 474 955 e
496 915 756 963 Curiasolet.
812 915 1090 968 Magnificum
1124 928 1221 967 pro-

338 977 455 1019 fecto
489 984 620 1031 atque
657 979 859 1019 eximium
891 980 1063 1032 utrique
1101 979 1221 1031 genti

339 1041 465 1082 funus
503 1043 676 1095 aliquod
706 1042 1002 1089 celebraturae,
1033 1054 1129 1082 cum
1166 1053 1221 1081 ex

340 1118 457 1146 more
478 1118 676 1159 pompam
706 1106 936 1160 imaginum
964 1105 1135 1146 familiae
1157 1111 1220 1145 to·

343 1170 427 1211 tius
466 1170 704 1222 producere
735 1171 958 1221 deberent,
999 1168 1220 1210 Cornelios

341 1236 395 1276 P.
415 1233 606 1274 Africani
634 1235 809 1287 majoris
837 1234 1061 1285 imaginem
1090 1245 1114 1272 e
1144 1233 1223 1272 Ca-

341 1298 507 1350 pitolio,
537 1298 719 1339 Porcios
748 1298 812 1338 M.
848 1298 1021 1337 Catonis
1048 1297 1221 1348 majoris

343 1374 367 1401 e
398 1362 542 1412 Curia,
571 1373 657 1401 non
693 1374 746 1401 ex
775 1360 896 1401 atriis
930 1361 1036 1412 suis,
1070 1366 1221 1413 petere

343 1437 483 1477 posse.
538 1426 661 1475 Pigh.

396 1490 535 1530 Instar
564 1489 682 1541 atrii]
716 1489 822 1529 Cum
854 1488 1094 1540 principum
1125 1488 1227 1528 ima·

344 1553 464 1604 gines
484 1553 525 1592 in
543 1553 664 1593 atriis
685 1552 883 1592 collocari
904 1553 1224 1600 consueverint,

342 1617 552 1669 Scipionis
566 1618 609 1657 in
631 1616 845 1669 Capitolio
862 1629 937 1668 pro
954 1616 1063 1656 atrio
1086 1617 1226 1668 posita

343 1679 439 1720 fuit.
496 1680 756 1732 Capitolium
790 1680 923 1732 igitur
957 1680 1094 1719 instar
1126 1679 1226 1720 atrii

345 1742 428 1782 fuit
461 1742 672 1794 Scipionis
707 1742 896 1794 imagini.
955 1742 1079 1784 Quod
1111 1743 1225 1782 loca·

345 1812 495 1846 rentur
514 1807 556 1846 in
577 1806 715 1856 atriis,
733 1806 956 1848 Juvenalis
987 1807 1106 1847 testis
1127 1813 1196 1847 est
1215 1821 1226 1848 :

345 1871 358 1892 ‘
379 1871 489 1910 Tota
520 1870 623 1910 licet
656 1875 827 1910 veteres
861 1877 1072 1910 exornent
1105 1870 1226 1909 undi-

347 1946 430 1987 que
467 1945 580 1975 cerae
627 1933 766 1984 Atria,
799 1933 997 1974 nobilitas
1036 1934 1125 1974 sola
1161 1939 1229 1974 est

348 2007 478 2053 atque
498 2000 623 2039 unica
643 1998 809 2040 virtus.'
866 2000 1019 2039 Oliver.

402 2065 423 2115 ᾗ
443 2068 468 2104 2
491 2063 602 2114 Tam,
619 2061 708 2114 Esou]
738 2062 934 2113 Contigit
949 2061 1003 2101 A.
1025 2062 1080 2102 U.
1103 2072 1227 2102 ncrv.

406 2127 507 2177 Ejus
545 2127 703 2177 generis
737 2125 881 2180 officia]
913 2126 1093 2168 Quoties
1125 2139 1230 2178 opus

351 2192 408 2233 sit
423 2197 515 2233 tota
532 2190 705 2243 familia,
723 2197 772 2230 nt
798 2191 840 2230 in
862 2202 1021 2243 pompa
1046 2189 1230 2231 funebri.

352 2259 462 2298 Bad.

409 2320 531 2371 Cujus
543 2319 658 2372 prius
675 2318 851 2370 consilio]
880 2318 1008 2370 Quia,
1025 2321 1075 2358 ut
1102 2329 1234 2369 supra

352 2386 547 2436 diximus,
574 2385 659 2424 duo
689 2382 1030 2436 praestantissimi
1061 2383 1234 2423 Senato-

352 2462 421 2490 res
442 2449 555 2489 inter
575 2460 622 2489 se
641 2460 903 2500 magnopere
923 2446 1236 2487 dissentiebant

354 2513 409 2554 de
455 2511 690 2553 evertenda
727 2511 1003 2564 Carthagine,
1041 2510 1151 2551 Cato
1188 2515 1235 2550 et

353 2580 499 2633 Scipio
521 2580 692 2621 Nasica.
747 2579 857 2620 Cato
886 2577 1098 2619 suadebat
1116 2589 1235 2618 ever-

353 2644 529 2684 tendam
561 2656 654 2685 esse
688 2643 1008 2694 Carthaginem,
1040 2654 1133 2696 quae
1157 2641 1236 2681 foe-

355 2709 461 2749 uera
479 2709 635 2761 saepius
652 2707 891 2760 frangeret,
909 2707 1152 2759 saepiusque
1171 2717 1237 2745 re-

356 2773 565 2823 bellaret;
592 2777 638 2813 at
655 2771 799 2823 Scipio
827 2775 981 2811 contra
998 2769 1238 2821 relinquen·

359 2837 457 2877 dam
476 2848 571 2876 esse
592 2834 809 2885 censebat,
827 2838 876 2874 ut
895 2836 1010 2872 esset
1025 2830 1237 2871 exercita·

361 2901 423 2941 tio
442 2898 637 2953 quaedam
660 2897 885 2950 juventuti
905 2897 1124 2947 Romanae,
1141 2907 1238 2947 quae

360 2964 486 3006 bellis
501 2967 691 3013 assueta,
705 2962 844 3002 otiosa
862 2971 955 3000 esse
972 2972 1056 3000 non
1076 2965 1237 3011 posset.

361 3027 612 3069 Verebatur
641 3025 788 3077 Scipio
819 3023 865 3064 id
897 3022 1102 3074 futurum,
1127 3021 1240 3075 quod

362 3091 527 3142 evenit,
553 3102 622 3142 ne,
650 3088 828 3130 subacta
861 3087 1138 3138 Carthagine,
1166 3086 1239 3127 de-

362 3155 620 3207 bellatisque
665 3152 826 3194 exteris
879 3151 1097 3204 gentibus,
1143 3162 1240 3191 cum

363 3221 507 3260 hostes
525 3217 741 3268 deessent,
752 3216 797 3256 in
815 3215 978 3268 seipsos
1003 3226 1122 3255 arma
1140 3225 1241 3255 con·

366 3287 616 3325 verterent:
644 3285 790 3322 tamen
826 3277 1057 3320 secuudum
1099 3278 1243 3319 Marci

367 3347 542 3390 Catonis
563 3344 818 3386 sententiam
843 3341 1003 3384 factum
1028 3346 1094 3382 est
1114 3341 1244 3381 Sena-

368 3412 697 3462 tusconsultum,
726 3414 776 3450 nt
796 3407 955 3448 bellum
976 3404 1245 3456 Carthagini-

369 3477 540 3518 ensibus
554 3474 799 3525 inferretur,
813 3477 859 3512 et
877 3471 1052 3512 subacta
1070 3469 1245 3511 Cartha·

370 3553 428 3593 go
446 3545 729 3582 everteretur.
787 3536 935 3577 Oliver.

925 289 1102 328 NOTAE
1146 289 1475 331 VARIORUM
1518 293 1583 330 IN

1335 411 1357 462 ᾧ
1379 414 1402 449 3
1430 412 1571 451 Verum
1589 413 1778 464 specimen
1796 414 1950 454 honoris
1978 427 2002 454 α
2031 414 2160 467 Scipi-

1280 485 1350 512 one
1366 474 1514 514 Nasica
1528 475 1720 527 oboritur]
1750 476 1820 516 Ita
1840 478 1977 529 vulgo.
2005 479 2160 518 'frans-

1282 534 1317 574 it
1333 535 1472 575 denuo
1487 550 1512 575 a
1528 537 1695 578 Porciis
1712 539 1766 578 ad
1783 540 2020 592 Scipiones.
2066 542 2160 582 Cae·

1282 603 1420 639 terum
1440 599 1736 642 Atrebatensis
1765 615 1816 644 ac
1847 606 2074 645 Pulmanni
2093 619 2164 647 co-

1283 663 1425 703 dicum
1445 664 1574 704 lectio
1595 677 1678 705 non
1710 667 1847 708 minus
1875 670 2046 721 placet:
2081 670 2162 710 Ra-

1282 739 1370 766 rum
1410 727 1604 777 specimen
1647 729 1818 771 honoris.
1880 732 2160 772 Rarissimam

1285 789 1398 830 enim
1418 795 1545 842 atque
1580 792 1750 831 unicum
1780 793 1862 833 hoc
1889 794 2037 847 decus,
2057 794 2162 847 pub-

1283 854 1365 893 lico
1370 854 1537 906 judicio
1552 855 1616 894 vir
1630 855 1812 907 optimus
1826 858 2010 897 censeri.
2037 858 2161 908 Pigh.

1286 917 1479 968 Contigit
1494 930 1606 957 anno
1622 919 1742 959 urbis
1758 929 1931 960 ccccw.
1948 925 1992 960 et
2007 932 2162 962 ccccv.

1339 981 1439 1030 Ejus
1478 994 1639 1033 namque
1680 983 1875 1035 vuambae]
1915 985 2031 1025 Nam
2067 996 2164 1025 cum

1285 1043 1478 1084 omnibus
1497 1046 1702 1085 matronis
1724 1047 1922 1087 Hostiam
1941 1047 2005 1087 ire
2018 1047 2165 1099 jussus

1284 1107 1452 1147 obviam
1494 1107 1621 1159 Deae,
1657 1110 1886 1162 Deamque
1927 1110 2062 1162 ipsam
2109 1110 2165 1150 'de

1285 1182 1395 1209 nave
1426 1170 1643 1223 accipere,
1669 1178 1715 1212 et
1741 1173 1786 1212 in
1815 1178 1974 1214 terram
2006 1174 2164 1214 elatam

1285 1233 1458 1273 tradere
1469 1233 1690 1275 ferendam
1704 1248 1798 1276 cum
1811 1237 2031 1278 matronis.
2061 1236 2167 1278 Ovi-

1285 1296 1382 1336 dius
1394 1297 1437 1336 in
1455 1297 1621 1338 Fastis:
1652 1299 1665 1321 ‘
1686 1299 1846 1340 Nasica
1859 1300 2048 1352 excepit,
2058 1305 2167 1340 tem-

1286 1359 1347 1411 pli
1360 1372 1444 1400 non
1456 1361 1650 1412 perstitit
1662 1367 1807 1412 autor3
1825 1361 2043 1415 Augustus
2055 1374 2167 1404 nune

1288 1429 1369 1474 est,
1390 1430 1491 1465 ante
1511 1426 1717 1466 Metellus
1735 1426 1858 1468 erat.’
1914 1427 2066 1468 otiver.
2117 1451 2120 1453 -

1343 1489 1529 1529 Nondum
1564 1491 1787 1543 quoestoris]
1829 1490 2166 1532 Adolescentem

1287 1549 1419 1592 fuisse
1448 1553 1652 1604 ostendit,
1669 1554 1741 1606 qui
1769 1554 1956 1595 nondum
1979 1561 2169 1608 quaestor

1289 1614 1430 1656 factus
1459 1616 1555 1658 fuit.
1610 1619 1679 1658 Sic
1700 1623 1746 1659 et
1767 1618 1909 1659 Livius
1938 1618 2048 1659 dixit
2067 1619 2168 1659 ado-

1286 1681 1520 1721 lescentem
1540 1681 1726 1722 nondum
1747 1683 2037 1734 quaestorium.
2082 1682 2170 1722 oti-

1289 1754 1371 1783 ver.

1341 1807 1379 1846 A
1411 1807 1654 1847 sanctissimo
1690 1807 1795 1858 viro]
1824 1805 1894 1848 Ab
1933 1807 2026 1847 aliis
2059 1807 2171 1860 opti-

1289 1881 1382 1908 mus
1421 1870 1485 1909 vir
1520 1870 1694 1911 dicitur.
1748 1870 1861 1910 Vide
1894 1875 1940 1910 et
1967 1868 2173 1922 Augusti-

1290 1945 1391 1972 num
1419 1933 1472 1974 de
1499 1934 1691 1974 Civitate
1710 1934 1815 1986 Dei,
1835 1934 1910 1974 lib.
1939 1946 1992 1974 u.
2015 1939 2170 1986 cap.-5.

1295 1999 1422 2038 Celer.

1347 2062 1468 2102 Nihil
1513 2065 1642 2102 tamen
1683 2062 1726 2101 in
1775 2073 1906 2101 eorum
1947 2061 2171 2113 principatu

1292 2125 1500 2177 speciosius
1534 2125 1723 2176 reperies]
1769 2125 1837 2164 Ita
1875 2125 2018 2176 vulgo.
2073 2125 2170 2164 Nee

1295 2194 1396 2241 apte
1416 2188 1578 2228 dicitur
1600 2188 1668 2228 hic
1687 2186 1894 2228 fastorum
1915 2198 2174 2227 curruumve

1295 2253 1614 2305 triumphalium
1646 2253 1931 2306 principatus.
1984 2253 2070 2294 Sed
2099 2263 2174 2304 op·

1297 2316 1400 2356 time
1421 2316 1463 2355 in
1490 2316 1800 2369 Manuscriptis
1818 2316 1965 2357 libris:
1995 2315 2174 2356 nikilta-

1295 2393 1383 2421 men
1407 2392 1556 2420 morum
1582 2380 1807 2432 principatu
1831 2382 2041 2433 speciosius
2066 2393 2176 2433 repe-

1295 2445 1388 2485 ries.
1445 2444 1634 2484 Praefert
1653 2446 1764 2485 enim
1785 2445 1886 2486 vitae
1904 2445 2177 2486 sanctitatem

1297 2507 1426 2548 rebus
1454 2507 1586 2559 gestis
1618 2507 1945 2562 quibuscunque
1963 2507 2177 2549 Valerius.

1296 2572 1419 2622 Pigh.
1949 2578 1959 2586 “

1353 2638 1376 2689 §
1393 2639 1419 2676 4
1439 2636 1695 2676 AEmilianum
1713 2635 1815 2675 enim
1833 2627 2000 2687 popalus
2017 2646 2068 2675 ex
2085 2646 2177 2675 can-

1297 2698 1432 2739 didato
1449 2699 1657 2739 aedilitatis
1682 2699 1872 2738 consulem
1888 2697 2008 2747 fecit.
2065 2697 2178 2737 Eun-

1297 2763 1456 2813 demque
1491 2775 1576 2802 cum
1608 2761 1836 2813 quaestoriis
1867 2761 2053 2812 comitiis,
2091 2759 2179 2813 mu]

1300 2827 1372 2866 Ita
1390 2827 1532 2878 vulgo.
1588 2826 1686 2866 Hoc
1705 2827 1799 2867 loco
1814 2831 1914 2866 sunt
1933 2823 2181 2878 reponenda

1301 2888 1449 2941 verba,
1469 2902 1563 2942 quae
1593 2889 1777 2930 diximus
1799 2888 1995 2930 librarios
2025 2899 2180 2941 perpe-

1301 2965 1392 2994 ram
1412 2953 1681 2994 transtulisse
1710 2953 1766 2993 ad
1800 2953 2042 3005 exemplum
2062 2950 2180 2992 Afri-

1302 3018 1397 3058 cani
1417 3017 1664 3069 superioris.
1718 3017 1858 3058 Quam
1875 3016 2043 3068 culpam
2062 3015 2180 3067 igna-

1303 3082 1366 3121 vis
1404 3079 1710 3132 ludimagistris
1756 3078 1961 3129 attribuo,
1996 3077 2070 3130 qni
2104 3077 2182 3118 ali·

1304 3146 1474 3200 quando
1493 3146 1691 3197 exempla
1717 3143 1802 3184 duo
1833 3142 1989 3183 similia
2009 3143 2050 3182 in
2069 3153 2181 3182 eom-

1304 3210 1506 3264 pendinm
1526 3209 1778 3250 contrahere
1795 3205 1937 3247 conati
1956 3211 2071 3255 sunt,
2085 3216 2181 3258 qnae

1304 3274 1475 3329 quidem
1495 3274 1566 3313 alii
1586 3277 1739 3325 postea
1764 3269 2055 3321 disparatum.
2100 3269 2180 3308 Lo-

1306 3349 1402 3378 cum
1435 3342 1579 3376 autem
1611 3334 1723 3373 hunc
1754 3332 1819 3371 ita
1850 3341 1994 3371 rursus
2029 3330 2181 3371 iisdem

1306 3399 1447 3441 verbis
1465 3395 1729 3449 interpositis
1741 3394 2040 3447 supplendum,
2053 3401 2184 3447 atque

1306 3461 1631 3504 restaurandum
1669 3471 1763 3499 esse
1796 3457 2020 3499 existimo:
2055 3457 2184 3498 Επεὶ·

1308 3529 1453 3571 tionum
1473 3526 1576 3567 enim
1601 3525 1764 3577 populus
1793 3535 1844 3563 ex
1861 3521 2070 3564 candidato
2087 3521 2185 3562 oedi-
