2288 3990
373 268 513 336 1034

369 415 511 454 nensis
532 416 812 457 Romanorum
838 417 1082 458 Provincia.

422 478 628 530 Broc-cati]
657 480 865 530 Intelligit
878 481 1089 532 Druydas,
1109 494 1240 533 penes

369 550 474 592 quos
529 541 663 580 omnis
709 542 923 592 sapientia
971 543 1239 597 eruditioque

369 600 590 642 Gallorum
611 604 885 644 consistebat.

420 665 633 716 palliatus]
663 666 858 716 Graecus,
890 666 1003 719 quia,
1031 672 1078 707 ut
1110 680 1240 720 supra

364 723 560 776 diximus,
582 728 709 778 pallio
724 729 955 769 utebantur
975 730 1132 770 Graeci.

423 790 688 843 Pythagoras]
715 793 799 833 Qui
835 793 1041 833 credebat
1077 795 1235 833 animas

362 851 575 892 hominum
590 856 845 895 immortales
861 869 968 906 esse,
984 857 1058 896 sed
1078 869 1131 896 ex
1151 869 1235 896 uno

360 925 540 965 corpore
575 918 615 955 in
636 918 719 956 alia
738 930 919 970 corpora
939 920 1137 970 transire,
1156 931 1235 959 nec

359 979 520 1029 uspiam
542 979 701 1020 inferos
721 993 826 1020 esse.

413 1043 679 1095 Pythagoras]
709 1046 775 1084 Ex
798 1046 923 1085 Samo
938 1045 1234 1096 Philosophus,

357 1104 471 1144 idem
503 1119 650 1157 magus
678 1114 723 1147 et
757 1109 911 1159 pictor,
935 1109 1033 1147 olim
1061 1109 1233 1148 Semne-

358 1175 502 1208 serteo
529 1177 737 1222 regnante
757 1171 798 1209 in
818 1171 1003 1222 AEgypto
1023 1177 1232 1221 versatus,

354 1230 551 1271 inventor
578 1233 808 1283 nominum,
835 1245 972 1272 rerum
1001 1232 1230 1283 amplifica·

355 1297 442 1343 tor,
464 1294 792 1345 μετεμψυχῶσεως
823 1295 1059 1345 institutor,
1076 1294 1231 1345 φιλόσο-

353 1361 427 1405 φος
440 1357 599 1406 primus
615 1369 698 1396 non
716 1356 837 1408 σοφὸς
853 1358 1060 1409 appellari
1074 1358 1227 1407 voluit3

351 1418 466 1467 apud
504 1419 732 1470 discipulos
774 1426 905 1460 tantae
949 1420 1231 1470 auctoritatis,

351 1481 462 1520 utin
491 1483 786 1522 controversiis
812 1482 1025 1523 sufficeret
1055 1484 1156 1534 ipsis
1179 1483 1228 1523 τὸ

350 1542 466 1583 αὐτὸς
481 1542 576 1594 ἔφαι
606 1545 773 1585 habitus
797 1546 926 1585 etiam
947 1544 1118 1597 Apollo,
1140 1547 1226 1586 Dei

349 1613 396 1647 et
423 1608 545 1650 Jovis
578 1608 703 1659 filius,
736 1609 992 1649 crotoniatis
1020 1611 1130 1660 θεῖος,
1154 1610 1226 1661 qui

349 1669 534 1723 denique
577 1671 619 1710 in
666 1683 820 1723 magna
865 1671 1036 1710 Graecia
1073 1677 1226 1710 vocata

347 1733 488 1773 Italiae
510 1734 680 1784 regione
700 1735 771 1773 diu
792 1733 1111 1785 philosophatus
1138 1747 1225 1774 om·

347 1795 420 1834 nia
439 1808 514 1835 sua
534 1796 733 1847 symbolis
750 1796 945 1846 involvit,
958 1803 1083 1836 extra
1099 1798 1224 1836 urba-

345 1868 423 1898 nos
463 1859 670 1910 strepitus
708 1859 750 1897 in
791 1859 1085 1898 remotissimis
1121 1860 1225 1899 locis

345 1921 476 1960 vitam
506 1921 675 1961 finiens.
729 1921 850 1961 Obiit
881 1921 1141 1973 Metaponti,
1160 1929 1225 1962 at-

343 1994 428 2034 que
447 1984 536 2034 ejus
567 1983 713 2022 domus
747 1983 787 2022 in
811 1985 1015 2034 templum
1043 1990 1223 2025 mutata.

343 2045 457 2084 Vide
483 2045 765 2085 Jamblichum
799 2044 852 2084 de
874 2045 977 2084 Vita
1007 2046 1224 2098 Pythago-

344 2113 480 2158 rae,et
499 2108 552 2146 de
574 2108 941 2160 numeriS,quibus
961 2109 1101 2148 omnia
1120 2122 1221 2148 con-

341 2175 457 2211 stare
485 2170 596 2209 dixit
614 2171 898 2222 Pythagoras,
918 2171 1031 2211 Plat.
1049 2172 1221 2224 copiose

343 2234 434 2286 agit
451 2233 524 2273 lib.
548 2233 600 2272 de
622 2234 750 2274 Univ.
1005 2255 1010 2261 ·

395 2296 418 2347 ξ
454 2299 502 2335 11
553 2295 813 2346 Cimbrorum]
868 2297 1129 2336 Ptolemaeus
1176 2302 1219 2336 et

339 2357 603 2410 Pomponius
631 2358 897 2398 Cimbrorum
930 2371 980 2399 ac
1010 2360 1219 2399 Teutono-

338 2432 432 2460 rum
467 2420 771 2459 maritimarum
810 2423 1024 2460 nationum
1063 2421 1104 2460 iu
1144 2421 1217 2460 de-

338 2485 573 2536 scriptione
621 2486 863 2526 Germaniae
923 2486 1217 2529 meminerunt.

337 2547 481 2588 Etiam
511 2548 764 2598 eorundem,
792 2560 846 2587 ne
876 2554 1054 2588 caeteros
1084 2548 1216 2587 nomi-

337 2623 454 2660 nem,
493 2612 549 2650 D.
577 2612 878 2662 Hieronymus,
908 2611 1057 2651 eodem
1091 2611 1217 2650 modo

334 2673 378 2713 in
399 2674 596 2725 Epistola
616 2675 669 2713 ad
690 2674 942 2714 Gerontiam
962 2674 1170 2714 meminit.

392 2737 654 2788 Cimbrorum]
685 2738 846 2777 Cimbri
873 2744 1014 2777 autem
1039 2742 1084 2777 et
1103 2738 1214 2778 Cim-

333 2800 456 2840 merii
479 2814 504 2840 a
529 2801 692 2840 Gomer
711 2812 863 2840 nomen
891 2801 1111 2851 accepisse
1140 2813 1215 2852 pu-

335 2868 496 2903 tantur.
558 2864 705 2902 Festus
753 2869 894 2902 tamen
940 2864 1004 2903 ita
1039 2863 1214 2904 scribit:

331 2926 345 2948 ⁴
371 2926 531 2966 Cimbri
564 2926 708 2977 lingua
741 2926 907 2966 Gallica
939 2927 1124 2967 latrones
1156 2927 1216 2966 di-

334 2989 522 3027 cuntur!
578 2989 698 3029 Quod
728 3001 752 3028 a
777 3001 877 3028 vero
905 2989 1100 3040 profecto
1131 3003 1214 3029 non

335 3052 519 3092 alienum
539 3053 720 3092 videtur.
780 3053 950 3104 Kemper
975 3053 1088 3092 enim
1118 3066 1214 3093 nos-

334 3116 438 3156 trati
475 3116 618 3165 lingua
645 3117 656 3137 ‘
678 3115 988 3166 pugnatorem’
1021 3116 1212 3157 denotat.

332 3180 407 3220 Sic
436 3184 480 3218 et
498 3181 509 3201 ‘
527 3178 768 3218 Sicambros
784 3177 796 3194 ’
815 3178 934 3230 quasi
956 3179 969 3201 ‘
985 3191 1060 3230 pro
1083 3180 1213 3219 victo-

332 3242 398 3282 ria
443 3239 723 3280 dimicantes’
771 3242 1008 3292 appellatos
1064 3241 1213 3292 fuisse,

334 3303 572 3343 Aventinus
621 3303 880 3345 observavit.
953 3303 1057 3355 Sych
1101 3305 1211 3344 enim

333 3365 616 3405 nostratibus‘
634 3365 855 3404 victoriam
873 3365 883 3381 ’
899 3365 1092 3418 denotat,
1108 3369 1213 3419 quin

335 3430 465 3469 etiam
482 3429 583 3481 ipsis
603 3428 814 3480 hodieque
834 3429 1031 3470 Cimbris.
1086 3431 1211 3472 Quod

337 3499 482 3534 autem
515 3493 526 3514 ‘
548 3491 767 3534 Cimbros'
793 3492 930 3534 Gallis
958 3494 1181 3536 ‘latrones
1200 3494 1210 3511 '

958 297 1132 336 NOTAE
1173 293 1496 339 VARIORUM
1542 299 1608 340 IN

1303 419 1442 460 dictos
1480 419 1677 472 affirmat,
1709 421 1819 461 idem
1860 426 1940 473 est,
1973 426 2100 474 atque
2137 421 2174 463 si

1301 482 1495 534 dixisset,
1526 484 1667 524 ‘viros
1700 485 1934 536 militares,'
1965 487 1978 509 ‘
1999 485 2175 526 bellato-

1302 543 1398 585 res.'
1452 546 1521 585 Ita
1556 547 1666 597 apud
1706 547 1890 587 Nonium
1923 548 2171 588 Gracchus:

1299 607 1311 629 ‘
1330 608 1398 658 qui
1420 608 1530 659 apud
1553 621 1694 660 regem
1721 610 1763 648 in
1783 611 2006 651 latrocinio
2037 609 2171 661 fuisti,

1299 675 1344 709 et
1361 671 1571 722 stipendia
1598 672 1863 723 acceptasti!
1915 672 2067 725 Itaque
2087 684 2171 712 non

1298 733 1341 772 in
1371 739 1508 773 totum
1541 734 1830 774 admittendus
1864 741 1928 774 est
1962 735 2170 786 Scaliger,

1298 808 1392 836 cum
1441 796 1572 836 dicit:
1619 797 1631 818 ‘
1653 796 1813 836 Cimbri
1857 796 2060 849 λῃστρικοὶ
2105 795 2172 837 καὶ

1295 858 1490 906 πλάνητες
1504 859 1670 898 fuerunt
1685 874 1697 910 ;
1726 860 1800 898 sed
1814 871 1896 900 non
1910 860 2044 911 magis
2057 860 2169 900 Cim-

1298 921 1373 961 ber
1404 922 1609 961 latronem
1643 921 1871 972 significat,
1891 934 2015 974 quam
2048 922 2170 962 Isau-

1295 996 1365 1023 rus
1399 992 1607 1035 pyratam,
1642 983 1803 1024 Ambro
1834 985 2081 1024 dissolutum
2117 998 2168 1025 ac

1297 1058 1506 1095 voracem,
1551 1046 1714 1098 Opicus
1761 1047 2019 1087 obscaenum.
2083 1047 2167 1086 Sed

1294 1108 1391 1160 quia
1409 1108 1514 1147 tales
1532 1106 1703 1148 fuerunt
1721 1120 1783 1148 eae
1797 1109 2004 1158 nationes,
2024 1108 2077 1149 de
2097 1121 2167 1148 ea-

1293 1182 1385 1210 rum
1405 1171 1572 1210 nomine
1593 1183 1787 1210 vocamus
1814 1171 1885 1223 qui
1915 1172 2019 1211 tales
2038 1170 2168 1210 suut-⁹

1293 1233 1406 1282 Vide
1433 1233 1546 1272 Scal.
1567 1234 1608 1272 in
1638 1235 1828 1273 Festum.
1869 1234 1964 1274 Joh.
1983 1234 2040 1274 Is.
2059 1234 2168 1274 Pon-

1292 1298 1422 1334 tanum

1347 1356 1643 1408 Celtiberorum]
1672 1359 1749 1396 Est
1778 1356 1846 1397 hic
1865 1357 2046 1409 populus
2065 1357 2164 1398 His-

1289 1418 1428 1471 paniae
1442 1420 1781 1459 Tarraconensis.

1345 1481 1551 1533 Celtiberi]
1582 1482 1867 1534 Prosequitur
1897 1481 2010 1522 aliud
2046 1482 2167 1522 insti-

1288 1547 1424 1583 tutum
1456 1556 1602 1583 eorum
1637 1543 1786 1596 fuisse,
1805 1550 1852 1584 ut
1881 1557 1974 1584 cnm
2007 1545 2166 1585 milites

1287 1606 1437 1646 ducem
1455 1620 1574 1647 suum
1594 1608 1830 1647 amisissent
1849 1614 2014 1648 mortuo
2038 1608 2164 1658 duce,

1285 1681 1330 1709 se
1350 1669 1537 1710 interfici
1567 1671 1771 1711 mallent:
1800 1671 1911 1724 quod
1941 1671 2098 1723 legitur
2120 1671 2164 1710 in

1287 1733 1376 1772 vita
1397 1733 1594 1783 Sertorii,
1616 1743 1694 1784 pro
1722 1734 1842 1785 cujus
1874 1734 2010 1773 salute
2038 1733 2164 1784 spiri·

1288 1803 1373 1836 tum
1403 1797 1680 1847 devoverant,
1699 1797 1799 1848 quia
1819 1797 1861 1836 in
1890 1797 2045 1836 bellum
2068 1808 2163 1848 pro·

1284 1859 1541 1909 ficiscentes‚
1557 1860 1761 1911 jurabant
1785 1859 1827 1898 iu
1855 1870 2000 1898 manes
2023 1859 2163 1910 Impe-

1284 1923 1436 1961 ratoris
1474 1933 1519 1960 se
1559 1933 1634 1973 pro
1672 1922 1809 1960 salute
1845 1921 1957 1959 illius
1991 1919 2161 1961 fortiter

1284 1989 1563 2035 pugnaturos.

1339 2047 1419 2084 Pro
1431 2046 1537 2094 cujus
1546 2047 1670 2085 salute
1681 2044 1882 2096 spiritum]
1900 2045 1972 2085 Ita
1986 2049 2031 2085 et
2046 2045 2161 2086 Galli

1281 2110 1293 2132 ‘
1313 2110 1546 2151 soldurios’
1566 2111 1766 2151 habuere.
1800 2111 1944 2151 Caesar
1964 2111 2018 2150 de
2039 2111 2088 2150 B.
2105 2111 2161 2152 G.

1281 2173 1354 2213 lib.
1374 2184 1447 2213 111.
1474 2175 1486 2196 ‘
1504 2173 1837 2213 Adcantuannus
1867 2185 1962 2212 cum
1983 2184 2160 2212 sexcen-

1282 2238 1337 2276 tis
1366 2237 1547 2287 devotis,
1568 2249 1671 2288 quos
1700 2236 1761 2276 illi
1779 2235 1984 2275 soldurios
2015 2236 2160 2288 appel·

1282 2299 1392 2338 lant:
1423 2311 1598 2350 qnorum
1635 2298 1728 2338 haec
1765 2303 1832 2338 est
1868 2297 2076 2349 conditio,
2111 2302 2160 2338 ut

1280 2361 1476 2401 omnibus
1506 2362 1548 2400 in
1572 2362 1660 2401 vita
1690 2361 1921 2401 commodis
1952 2373 2036 2400 una
2062 2372 2158 2401 cum

1279 2424 1342 2464 his
1361 2424 1577 2475 fruantur,
1595 2436 1774 2476 quorum
1800 2435 1846 2463 se
1867 2423 2066 2463 amicitiae
2087 2423 2159 2465 de-

1279 2488 1507 2528 diderunt:
1536 2487 1690 2539 siquid
1707 2487 1757 2526 iis
1774 2499 1852 2539 per
1872 2486 1952 2525 vim
1975 2486 2161 2536 accidat,

1279 2555 1354 2589 aut
1385 2550 1567 2589 eundem
1601 2561 1746 2588 casum
1779 2561 1864 2588 una
1895 2548 2050 2598 ferant,
2083 2554 2159 2588 aut

1278 2614 1359 2653 sibi
1379 2619 1558 2653 mortem
1574 2612 1859 2652 consciscant.
1915 2611 2068 2662 Neque
2085 2610 2159 2650 ad·

1277 2675 1359 2715 hnc
1387 2676 1601 2715 hominum
1635 2674 1837 2713 memoria
1869 2679 2065 2724 repertus
2092 2677 2160 2712 est

1277 2739 1501 2791 quispiam,
1519 2737 1590 2789 qui
1624 2749 1675 2776 eo
1699 2735 1947 2785 interfecto,
1967 2735 2083 2786 cujus
2111 2746 2158 2778 se

1277 2801 1476 2841 amicitiae
1497 2800 1760 2848 devovisset,
1779 2799 1884 2838 mori
1896 2795 2146 2838 recusaret!

1331 2865 1353 2915 ᾗ
1390 2867 1438 2902 12
1468 2862 1646 2902 Thracia:
1678 2860 1786 2911 tero]
1815 2860 2048 2900 Thracibus
2078 2859 2158 2900 hoc

1277 2939 1498 2968 commune
1545 2938 1642 2966 cum
1687 2925 1957 2977 Agathyrsis,
1999 2923 2161 2974 Caesiis,

1277 2991 1521 3039 Heniochis,
1547 2990 1682 3029 Indis.
1739 2987 1986 3028 Herodotus
2016 2987 2092 3027 lib.
2112 2998 2157 3029 V.

1277 3053 1527 3092 Xenodotus
1544 3053 1585 3091 in
1603 3052 1785 3091 Collect.
1802 3049 2012 3090 Proverb.
2029 3049 2156 3089 Pom-

1275 3128 1377 3168 pon.
1406 3116 1525 3155 Mela
1553 3115 1624 3154 lib.
1654 3126 1705 3154 11.
1733 3126 1830 3165 cap.
1852 3116 1890 3153 1.
1946 3112 2068 3152 Idem
2100 3111 2155 3151 de

1275 3179 1495 3219 Causianis
1516 3177 1690 3228 scripsit
1708 3175 1916 3215 Nicotaus
1933 3173 2046 3225 apud
2060 3174 2159 3214 Sto-

1275 3241 1445 3282 baeum:
1477 3239 1685 3281 Καυσιανοὶ
1715 3236 1805 3278 τοὺς
1832 3235 1903 3286 μὲν
1931 3234 2157 3286 ’γενομένους

1275 3306 1463 3357 θρηνοῦσι,
1483 3303 1573 3343 τοὺς
1601 3301 1642 3342 δὲ
1668 3299 1981 3347 τελευτήσαντας
1998 3299 2157 3351 μακαρί-

1274 3368 1420 3419 ζουσιν.
1476 3367 1560 3406 Sed
1577 3364 1770 3416 profecto
1787 3363 1956 3402 videtur
1975 3362 2047 3401 illo
2061 3363 2156 3401 loco

1274 3429 1499 3482 legendum
1520 3439 1610 3467 esse
1631 3422 1904 3465 Καυκασιανοί.
1950 3425 2022 3463 Sic
2042 3424 2155 3463 euim

1275 3493 1328 3533 de
1358 3490 1534 3532 Albanis
1561 3489 1714 3530 Strabo
1745 3488 1853 3528 libro
1874 3498 1924 3528 n.
1941 3487 2155 3539 “rupem-
