2288 3990
563 300 821 344 vAumm
864 298 1104 338 MAx1M1
1152 299 1265 337 [AB.
1293 298 1360 338 11.
1399 296 1532 336 CAP.
1557 283 1611 335 7.

184 438 285 481 que,
321 425 438 467 ferro
471 428 518 464 et
553 433 735 471 veneno,
773 418 1051 471 subjectoque

182 491 374 543 undique
417 488 515 540 igne
546 488 837 538 peremerunt.
908 480 1057 520 Macte

183 553 470 599 fortissimam,
500 555 547 590 et
573 561 673 590 meo
679 546 845 600 judicio
865 542 1058 584 beatissi-

184 611 295 658 me’m
326 615 370 654 in
395 614 499 666 ipsis
530 613 650 652 malis
678 612 895 652 civitatem
915 621 927 648 ς
945 618 1057 647 asse-

183 677 273 719 ruit
296 689 393 718 cnm
421 677 506 718 fide
534 676 689 726 socios,
715 674 916 727 populum
947 670 1059 711 orbis

183 746 397 783 terrarum
427 741 590 782 viribus
622 739 796 789 fultum,
824 750 903 778 sua
920 748 1062 787 manu,

184 809 318 847 aetate
349 810 438 845 tam
467 804 607 855 longa,
636 801 852 844 sustinuit.
906 798 1060 840 Novis-

184 869 307 919 sime,
321 868 506 909 maximo
521 868 631 908 duce
660 876 871 918 oppressa
889 863 1062 913 civitas,

183 932 347 973 nullum
376 931 431 971 de
451 942 498 971 se
518 929 716 982 gaudium
742 926 855 967 hosti
873 924 1061 977 reliquit.

185 996 308 1039 Unus
328 998 440 1051 enim
460 994 526 1033 vir
554 991 841 1034 Numantinus
862 1002 944 1030 non
965 988 1065 1040 fuit,

186 1060 262 1114 qui
279 1060 324 1101 in
341 1060 508 1100 catenis
524 1058 770 1098 duceretur.
823 1054 1000 1105 Praeda,
1014 1057 1063 1093 ut

186 1123 244 1164 de
264 1122 520 1175 pauperibus
548 1121 682 1171 nulla,
716 1131 832 1160 arma
859 1117 941 1170 ipsi
970 1129 1062 1158 cre-

185 1191 426 1227 maverant.
485 1184 740 1236 Triumphus
773 1181 856 1222 fuit
894 1186 1062 1221 tantum

185 1248 243 1290 de
261 1250 447 1290 nomine.
502 1249 574 1289 Ita
601 1250 752 1289 Florus
769 1247 843 1288 lib.
862 1257 916 1287 11.
935 1258 974 1286 c.
995 1248 1061 1285 18.

242 1311 521 1363 Numantinoe]
570 1312 666 1352 Fuit
694 1313 782 1351 haec
808 1310 909 1350 urbs
930 1309 1061 1350 Celti-

185 1375 387 1416 berorum
419 1375 462 1415 in
492 1374 720 1427 Hispania,
751 1372 971 1414 obsidione
989 1384 1064 1412 sua

187 1438 483 1480 celeberrima.

242 1502 491 1554 Institeram]
507 1501 738 1542 Institores
753 1501 973 1552 dicuntur,
991 1501 1064 1553 qui

179 1567 397 1620 jumenta,
433 1565 588 1618 quibus
628 1565 793 1605 venalia
837 1565 1066 1613 vehuntur,

187 1635 346 1682 agunt:
375 1636 499 1670 erant
529 1629 642 1669 enim
673 1627 965 1679 negotiatores
991 1627 1065 1679 qui

187 1706 257 1736 res
271 1694 515 1734 esculentas
533 1705 558 1732 a
574 1693 670 1732 loco
690 1692 742 1731 ad
763 1692 902 1731 locum
927 1690 1065 1730 trahe-

140 1800 143 1802 ,
187 1757 320 1799 baut:
353 1757 462 1798 dicti
489 1761 590 1796 sunt
617 1756 856 1805 institores,
881 1765 933 1793 eo
951 1751 1065 1804 quod

186 1821 352 1867 instant
374 1819 594 1873 jumentis,
619 1832 713 1873 quae
747 1818 960 1858 mercibus
979 1817 1065 1857 suis

187 1889 367 1925 onerata
410 1883 638 1936 impellunt
683 1881 737 1922 ad
788 1882 946 1930 locum,
991 1880 1065 1920 ubi

186 1959 355 1988 merces
373 1959 515 1988 emere
534 1959 609 1987 seu
626 1946 816 1987 vendere
836 1957 1067 1987 consueve-

185 2016 305 2052 runt.
336 2011 444 2052 Oliv.

238 2074 453 2127 marum]
492 2075 608 2115 Lixae
629 2074 829 2115 dicuutur
847 2085 1065 2115 mercena-

187 2138 258 2190 rii,
285 2139 358 2192 qui
386 2139 602 2179 exercitus
631 2139 673 2178 in
703 2138 980 2191 expeditione
1000 2150 1065 2179 se-

187 2210 391 2258 quuntur,
408 2205 586 2257 proprie
604 2210 746 2245 autem
769 2205 972 2246 dicuntur
990 2205 1066 2244 mi·

185 2267 310 2308 nistri
347 2269 548 2318 militum,
578 2269 649 2321 qui
677 2281 828 2321 aquam
855 2268 1064 2309 militibus

188 2328 400 2371 afferunt:
420 2343 517 2371 nam
537 2332 703 2383 antiqui
721 2334 733 2354 ‘
747 2331 892 2371 lixam'
913 2344 1063 2384 aquam

188 2393 365 2434 dixere:
385 2395 501 2435 unde
518 2396 531 2419 ‘
547 2394 719 2435 elixum'
748 2406 860 2447 aqua
879 2401 1066 2445 coctum,

187 2461 234 2497 et
261 2458 275 2480 ‘
291 2456 482 2507 elixare,’
514 2469 626 2509 aqua
644 2457 825 2498 mollire.
862 2458 1011 2498 Oliver.

241 2518 486 2572 Scortorum}
530 2520 686 2560 Scorta
713 2520 916 2561 dicuntur
930 2534 1065 2562 mere-

188 2581 334 2631 trices,
361 2595 388 2622 a
414 2584 611 2632 scorteis,
628 2596 732 2636 quas
752 2584 973 2636 pelliculas
992 2598 1067 2637 ap-

187 2644 412 2697 pellabant
449 2646 631 2698 antiqui,
669 2646 824 2698 quibus
858 2647 1064 2688 incubare

185 2707 399 2757 solebant,
410 2715 455 2749 et
466 2709 567 2761 quia
578 2710 828 2750 meretrices
841 2721 923 2750 non
939 2711 1066 2750 aliter

182 2771 288 2812 viris
313 2771 596 2823 subjiciuntur
615 2784 665 2812 ac
684 2773 915 2824 pelliculae,
937 2785 1064 2826 prop-

183 2841 309 2876 terea
327 2842 472 2876 scorta
489 2837 777 2888 appellarunt.
805 2838 930 2878 Idem.

238 2898 425 2948 Deformi
441 2899 658 2947 sefoederis
674 2899 774 2950 icta]
802 2900 913 2942 Quia
935 2905 1064 2952 turpe

185 2959 325 3001 foedus
343 2962 477 3003 ictum
507 2961 648 3003 fuerat
676 2963 791 3003 inter
812 2964 1064 3003 Mancinum

185 3030 235 3065 et
280 3025 587 3075 Numantinos,
632 3026 751 3077 quod
787 3039 889 3078 pop.
939 3027 1065 3069 Rom.

185 3086 460 3139 improbavit,
479 3087 592 3140 quod
613 3088 703 3139 ejus
719 3089 884 3141 injussu
903 3088 1063 3130 factum

185 3148 357 3190 fuisset.

243 3214 442 3266 Mancini]
468 3213 575 3253 Cum
602 3214 677 3254 ille
695 3214 836 3255 foedns
855 3228 953 3257 cum
974 3217 1066 3257 Nu·

185 3278 390 3317 mantinis
410 3283 536 3328 turpe
561 3281 605 3316 et
625 3277 947 3328 ignominiosum
968 3291 1064 3332 per-

187 3339 406 3392 cussisset,
441 3341 542 3393 quia
585 3340 628 3380 id
671 3354 772 3393 pop.
819 3344 943 3384 Rom.
983 3355 1065 3383 non

186 3403 463 3453 probaverat,
484 3405 573 3456 ipse
593 3410 716 3445 autor
734 3394 925 3447 hostibus
946 3407 1066 3447 dedi-

189 3468 259 3502 tus
294 3473 376 3515 est,
410 3473 459 3507 ut
490 3469 603 3509 omni
638 3469 844 3521 religione
882 3473 1064 3523 populus

188 3525 443 3571 solveretur.

1851 280 1993 333 1037

1173 418 1196 468 ς
1223 419 1248 455 2
1275 413 1518 466 Jugurthino
1551 410 1665 463 bello]
1719 409 1840 450 Bello
1878 410 1994 463 quod

1119 485 1286 529 gestum
1305 478 1386 518 fuit
1399 482 1545 518 contra
1559 476 1587 518 J
1592 475 1815 527 ugurtham
1830 487 1841 514 ι
1858 475 1998 514 solent

1120 542 1232 581 enim
1258 541 1371 582 bella
1396 554 1421 582 a
1441 540 1622 581 devictis
1649 537 1840 579 hostibus
1867 537 1996 577 deuo-

1121 606 1286 646 minari.

1175 669 1315 721 Spurii
1334 668 1489 720 Albini]
1507 669 1678 710 Primus
1692 667 1791 718 fuit,
1803 666 1876 719 qui
1888 666 1999 707 Con-

1121 735 1187 774 sul
1225 740 1271 774 et
1306 734 1549 786 Imperator
1588 733 1742 774 missus
1776 744 1802 772 a
1834 732 1997 772 Senatu

1121 804 1274 838 contra
1300 798 1573 851 Jugunham,
1598 797 1787 837 molliter
1813 795 1936 835 nimis
1956 799 2001 835 et

1123 861 1307 902 licenter
1328 862 1563 902 exercitum
1579 861 1802 911 habuerat,
1821 865 1870 899 ut
1885 858 2000 911 apud

1122 925 1370 966 Sallustium
1392 925 1536 966 videre
1557 926 1677 966 licet.
1747 955 1750 957 Α

1180 989 1386 1042 Trophaeo]
1413 991 1608 1043 Tropaea,
1635 994 1680 1029 et
1710 988 1870 1028 rectius
1898 987 2001 1028 scri-

1124 1052 1231 1093 bunt
1258 1054 1422 1107 antiqui
1450 1054 1642 1105 lapides3
1669 1051 1868 1093 aGraeco
1888 1051 2000 1092 enim

1121 1114 1250 1169 τρέπω
1268 1129 1422 1158 nomen
1441 1116 1624 1168 accepit.
1658 1116 1812 1168 Itaque
1827 1115 2004 1167 proprie

1123 1182 1284 1222 dicitur
1325 1177 1557 1233 Tropaeum
1609 1185 1928 1220 monumentum
1978 1191 2003 1219 a

1124 1246 1289 1286 victore
1308 1251 1516 1295 erectum,
1543 1257 1594 1284 eo
1617 1245 1660 1284 in
1680 1244 1794 1292 loco,
1813 1242 1888 1283 ubi
1909 1242 2004 1283 hos-

1126 1317 1192 1350 tes
1222 1311 1265 1350 in
1292 1309 1439 1362 fugam
1468 1309 1697 1350 convertit.
1753 1306 2004 1360 Antiquitas

1126 1382 1268 1416 antem
1297 1376 1468 1417 arbores
1498 1375 1645 1428 spoliis
1671 1373 1854 1415 hostium
1880 1372 2005 1413 deco-

1124 1441 1295 1480 rabant.
1369 1440 1538 1480 Deinde
1581 1443 1728 1491 coepta
1768 1442 1871 1477 sunt
1911 1436 2006 1476 fieri

1126 1511 1294 1558 tropaea
1308 1505 1438 1545 etiam
1455 1517 1509 1544 ex
1526 1504 1684 1556 lapide.
1739 1503 1888 1543 Romae
1903 1513 2005 1555 quo-

1126 1581 1209 1622 que
1245 1569 1287 1608 in
1324 1569 1496 1608 arcibus
1523 1567 1780 1618 figebantur,
1810 1579 1865 1607 ex
1897 1578 2007 1606 mar·

1127 1644 1245 1672 more
1268 1630 1506 1671 aedificatis.
1563 1631 1748 1672 Quinam
1778 1630 1892 1682 apud
1921 1630 2005 1669 Ro-

1128 1708 1276 1736 manos
1297 1695 1421 1747 primi
1439 1695 1560 1747 hujus
1578 1695 1638 1734 rei
1655 1693 1818 1734 fuerint
1831 1704 2009 1744 usurpa-

1129 1766 1263 1807 tores,
1291 1757 1455 1798 indicat
1484 1759 1534 1798 L.
1556 1757 1706 1798 Florus
1723 1756 1801 1796 lib.
1821 1768 1891 1796 m.
1913 1768 2008 1808 cap.

1127 1827 1168 1863 2.
1189 1825 1202 1845 ‘
1221 1821 1470 1868 Domitius‚'
1485 1821 1640 1874 inquit,
1655 1822 1667 1843 ‘
1683 1819 2008 1869 Ahenobarbus,

1127 1893 1175 1927 et
1204 1887 1362 1926 Fabius
1391 1886 1605 1926 Maximus
1633 1885 1736 1937 ipsis
1765 1885 1919 1938 quibus
1946 1884 2010 1924 di·

1126 1949 1393 1991 micaverant
1419 1949 1526 1989 locis
1547 1961 1698 1989 saxeas
1719 1960 1901 1989 erexere
1921 1953 2009 1989 tur-

1127 2025 1213 2064 res,
1232 2019 1278 2053 et
1296 2013 1484 2065 desuper
1498 2018 1709 2052 exornata
1728 2011 1859 2051 armis
1877 2011 2008 2051 hosti-

1126 2076 1238 2116 libus
1279 2081 1446 2129 tropaea
1482 2076 1633 2127 fixere,
1661 2088 1788 2129 quum
1817 2075 1888 2116 hic
1917 2088 2009 2115 mos

1126 2140 1357 2180 inusitatus
1387 2138 1520 2180 fuerit
1548 2140 1718 2180 nostris.
1776 2140 2008 2192 Nunquam

1129 2204 1243 2244 enim
1279 2204 1462 2256 populus
1490 2204 1705 2244 Romanus
1725 2203 1916 2243 hostibus
1936 2202 2010 2242 do·

1127 2267 1244 2307 mitis
1281 2280 1398 2307 suam
1435 2267 1658 2308 victoriam
1700 2265 2021 2319 exprobravit.'

1131 2330 1241 2370 Haec
1256 2330 1344 2370 ille.
1357 2330 1538 2370 Graecos
1551 2331 1682 2371 etiam
1699 2336 1862 2382 tropaea
1875 2330 2010 2382 figere

1130 2394 1277 2435 solitos
1310 2393 1460 2444 fuisse,
1494 2407 1589 2435 cum
1622 2394 1809 2443 aliunde,
1837 2400 1925 2434 tum
1956 2406 2009 2433 ex

1130 2457 1357 2498 Plutarchi
1376 2457 1603 2510 Pelopida,
1626 2464 1673 2498 et
1699 2457 1852 2498 AEmilii
1875 2458 2010 2498 Probi

1129 2521 1319 2561 Datame
1337 2520 1618 2562 certissimum
1638 2527 1720 2563 est.

1181 2584 1401 2624 Ambitiosa
1420 2585 1681 2637 Imperatore]
1713 2584 1871 2638 Spurio
1891 2585 2008 2626 Albi-

1128 2659 1201 2697 no,
1221 2648 1294 2700 qui
1312 2648 1518 2689 videlicet
1536 2656 1748 2702 quaereret
1763 2661 1809 2690 se
1823 2655 2010 2690 tantum-

1128 2710 1255 2751 modo
1303 2711 1508 2751 militibus
1555 2719 1720 2763 gratum
1764 2711 1924 2763 facere,
1963 2718 2010 2753 ut

1128 2773 1360 2826 cupiditati
1395 2781 1440 2816 et
1476 2775 1642 2815 libidini
1675 2776 1858 2816 militum
1889 2776 2010 2816 obse·

1126 2842 1344 2890 queretur.

1181 2902 1204 2953 §
1233 2904 1258 2941 3
1287 2901 1336 2941 In
1366 2901 1509 2942 Sicilia
1537 2915 1624 2942 cum
1642 2903 1840 2952 fugitivis
1866 2903 2010 2954 gessit]

1126 2965 1317 3016 Imperio
1348 2978 1426 3018 per
1454 2967 1625 3007 diversa
1653 2974 1864 3007 terrarum
1887 2979 2010 3007 occu-

1128 3033 1247 3080 pato,
1276 3029 1371 3081 quis
1408 3029 1608 3070 crederet
1643 3030 1837 3070 Siciliam
1875 3030 2008 3069 multo

1128 3093 1348 3133 cruentius
1376 3094 1536 3144 servili,
1555 3107 1680 3146 quam
1708 3094 1874 3134 Punico
1895 3093 2007 3132 bello

1127 3166 1221 3196 esse
1243 3157 1484 3196 vastatam?
1524 3157 1663 3196 Terra
1681 3155 1851 3207 frugum
1871 3154 2006 3201 ferax,

1128 3225 1174 3258 et
1189 3218 1498 3275 quodammodo
1514 3219 1756 3259 suburbana
1771 3218 2008 3271 provincia,

1127 3281 1369 3323 latifundiis
1401 3283 1556 3322 civium
1585 3284 1869 3322 Romanorum
1888 3286 2007 3320 tene-

1128 3345 1268 3385 batur.
1324 3345 1412 3386 Hic
1427 3345 1482 3385 ad
1498 3347 1661 3386 cultum
1683 3345 1789 3395 agri,
1806 3342 2006 3395 frequen-

1129 3409 1191 3448 tia
1226 3410 1461 3461 ergastula‚
1494 3408 1772 3459 catenatique
1803 3407 2005 3456 cultores,

1128 3472 1350 3512 materiam
1371 3473 1480 3512 bello
1494 3471 1731 3522 praebuere.
1769 3471 1902 3521 syrus
1919 3472 2007 3522 qni·

1128 3535 1225 3576 dam
1244 3536 1413 3576 nomine
1443 3537 1603 3586 Eunus,
1634 3534 1905 3586 (magnitudo
1923 3534 2007 3575 cla-
