2358 4036
410 313 517 365 916
990 325 1163 364 No'rAE

410 450 455 483 nt
476 444 598 494 plene
619 441 881 492 disciplinam
899 438 1164 480 sacrificandi
1182 450 1275 490 per-

407 506 625 556 ciperent3
656 505 776 555 cnjus
808 503 871 542 rei
903 503 1055 542 Cicero
1086 501 1277 541 meminit

406 568 481 607 lib.
532 568 583 606 de
635 567 935 614 Divinatione3
981 564 1088 603 dicit
1135 564 1276 603 enim:

403 632 416 653 ‘
438 631 555 669 Bene
572 630 682 681 apud
704 629 882 680 majores
905 633 1071 666 nostros
1087 632 1276 674 senatus,

405 698 493 731 tum
510 704 601 731 cum
617 691 796 730 florebat
811 691 1048 740 imperium,
1066 689 1276 739 decrevit,

406 760 454 793 nt
489 753 542 792 de
562 753 797 803 principum
822 751 920 790 filiis
949 764 1023 791 sex
1043 752 1171 791 electi
1192 752 1275 791 sin-

405 816 512 866 gulis
533 815 748 855 Hetruriae
763 814 929 866 populis
947 815 987 853 in
1009 814 1274 865 disciplinam

405 879 689 926 traderentur,
713 890 764 916 ne
795 890 861 917 ars
880 883 999 917 tauta
1020 884 1194 929 propter
1216 885 1275 915 te-

404 941 606 980 nuitatem
642 941 853 979 hominnm
885 944 929 979 et
959 940 1175 989 religionis
1200 951 1272 978 au-

403 1003 952 1044 thoritatem·adduceretur
964 1003 1017 1043 ad
1031 1002 1271 1042 mercedem

401 1074 445 1105 et
473 1065 706 1119 quaestum?
761 1066 812 1105 In
845 1078 928 1118 quo
965 1070 1103 1105 tamen
1137 1078 1162 1104 a
1189 1065 1273 1104 Va·

401 1129 509 1169 le'rio
530 1130 582 1169 de
602 1141 776 1168 nurnero
792 1129 1005 1169 dissentit.
1040 1129 1191 1168 Oliver.

456 1192 747 1232 florentissima
785 1191 885 1242 tum]
930 1191 1126 1243 Respicit
1156 1191 1273 1242 illud,

398 1254 502 1305 quia
521 1254 605 1293 dici
634 1260 792 1306 posset,
821 1254 898 1294 hoc
926 1254 1023 1293 ideo
1054 1253 1271 1294 faciebant

401 1317 594 1368 Romani,
633 1322 694 1367 ut,
741 1316 919 1368 placatis
966 1316 1078 1366 Diis,
1123 1317 1269 1356 urbem

398 1393 516 1420 suam
537 1393 589 1419 ex
611 1393 740 1432 parva
769 1392 975 1430 magnam,
1002 1393 1054 1419 ex
1083 1392 1270 1431 paupere

398 1442 528 1482 ditem
543 1442 759 1483 facerent:
788 1443 928 1494 immo,
949 1443 1103 1495 inquit,
1116 1443 1269 1483 civitas

397 1511 485 1544 tum
518 1512 611 1546 erat
636 1504 929 1546 florentissima
962 1513 1008 1546 et
1036 1507 1268 1558 opulentis-

395 1569 513 1609 sima.
545 1571 665 1609 Idem.

449 1634 594 1673 Decem
607 1634 823 1685 principum
825 1634 931 1687 filii]
952 1635 1130 1675 Constat
1145 1636 1269 1675 Etru-

395 1694 470 1735 riae
494 1698 672 1746 populos
690 1697 915 1737 duodecim
937 1697 1092 1748 fuisse3
1122 1699 1269 1750 itaque

395 1771 493 1799 cum
513 1773 590 1811 pro
611 1773 783 1800 numero
804 1774 965 1813 eorum,
993 1763 1164 1813 singulis
1196 1776 1268 1815 po-

395 1823 508 1872 pulis
529 1823 716 1874 siugulos
750 1824 988 1876 principum
1019 1825 1127 1866 filios
1147 1827 1268 1866 attri-

396 1886 522 1926 butos
577 1889 704 1938 velit3
762 1889 872 1939 vide,
923 1901 1019 1929 num
1069 1891 1268 1930 duodecim

391 1949 612 2001 principum
631 1952 804 2003 corrigi,
823 1954 955 2005 magis
979 1966 1002 1992 e
1033 1966 1078 1993 re
1095 1963 1138 1993 et
1159 1954 1268 1994 veri-

393 2018 484 2052 tate
520 2014 590 2053 sit.
645 2015 799 2055 Cicero
833 2023 971 2056 tamen
1006 2017 1061 2057 de
1093 2018 1266 2058 Divina-

394 2076 510 2116 tione
531 2077 572 2115 in
593 2076 671 2117 hoc
688 2076 800 2118 facto
820 2079 1037 2120 denarium
1057 2080 1267 2122 duntaxat

392 2150 629 2188 numerum,
642 2141 675 2180 si
697 2147 740 2180 et
758 2143 848 2193 ipse
864 2148 1098 2194 correctus,
1116 2156 1266 2197 agnos-

394 2201 470 2241 cit.
498 2201 673 2252 Lipsius.

446 2265 561 2304 More
581 2266 738 2319 Graeco]
767 2268 851 2319 Ne,
866 2268 900 2308 si
917 2274 1080 2309 mutato
1093 2270 1178 2310 ritu
1199 2283 1264 2310 sa-

390 2327 669 2381 crificaretur,
681 2331 890 2382 piaculum
906 2333 1265 2376 committeretur.

393 2393 544 2434 Oliver.

442 2456 703 2509 Sacerdotem]
732 2460 842 2499 Tum
875 2460 1060 2501 studium
1090 2461 1189 2512 fuit,
1216 2470 1264 2505 ut

391 2520 521 2559 etiam
582 2522 843 2562 sacerdotem
896 2530 1112 2575 peterent,
1165 2538 1262 2578 quae

390 2582 518 2622 docta
564 2590 608 2623 et
659 2585 796 2635 perita
841 2586 1014 2626 antistes
1052 2588 1264 2629 sacrificia

389 2645 497 2684 Deae
534 2657 606 2684 sno
649 2647 733 2686 ritu
770 2653 814 2687 et
849 2661 966 2688 more
1011 2650 1262 2692 celebraret.

389 2707 569 2748 Flebant
601 2715 741 2749 nutem
772 2711 918 2750 Cereri
952 2725 1071 2752 sacra
1103 2726 1128 2752 a
1160 2715 1260 2755 solis

387 2771 605 2821 matronis,
626 2777 736 2812 teste
756 2773 875 2813 Livio
895 2773 971 2814 lib.
989 2777 1175 2816 secundo
1195 2790 1259 2818 se-

387 2833 678 2874 cundiPunici
699 2836 823 2875 belli:
854 2838 866 2859 ‘
886 2839 1087 2889 Sacrum‚'
1107 2841 1259 2892 inquit,

386 2896 398 2917 ‘
417 2897 746 2938 anniversarium
777 2901 947 2941 Cereris
971 2902 1258 2945 intermissum

388 2964 469 3009 est,
487 2960 582 3012 quia
600 2972 680 3001 nec
699 2963 941 3014 lugentibus
966 2963 1112 3005 facere
1132 2965 1175 3004 id
1196 2966 1258 3006 fas

387 3027 469 3072 est,
486 3034 566 3062 nec
585 3023 668 3063 ulla
683 3028 938 3077 tempestate
957 3033 1153 3069 matrona
1171 3030 1257 3070 luc-

386 3087 453 3122 tus
474 3096 630 3135 expers
649 3085 820 3127 fuerat!
855 3089 976 3130 Idem.

447 3146 574 3199 Velia]
618 3149 836 3199 Oppidum
888 3152 1102 3202 Lucaniae,
1144 3154 1256 3207 quod

387 3208 483 3248 olim
499 3210 701 3260 Helia,ad
715 3212 849 3252 sinum
865 3214 1126 3256 Paestanum.
1154 3217 1257 3256 Elea

389 3282 553 3322 quoque
585 3273 741 3314 dicitur
769 3287 794 3314 a
825 3275 1145 3325 praeterfluente
1166 3279 1255 3329 ejus

386 3333 566 3371 nominis
582 3334 735 3385 fluvio;
762 3337 890 3377 sicuti
919 3344 965 3378 et
991 3340 1142 3380 Strabo
1162 3353 1254 3381 eam

388 3394 589 3435 nominat.

444 3458 748 3512 Calliphennom]
788 3462 856 3503 Sic
878 3464 924 3503 M
930 3477 960 3505 s.
982 3477 1102 3515 uuuS‚
1121 3473 1165 3507 et
1185 3468 1254 3508 Ci-

390 3529 503 3558 cero.
559 3521 699 3573 Vulgo
744 3526 1008 3578 Coliphenam.
1064 3530 1257 3582 Contigit

1207 324 1483 362 VARmRU
1497 325 1535 361 Μ
1581 325 1644 361 IN

1341 437 1391 476 A.
1407 439 1460 477 U.
1486 448 1636 477 nczv1.

1398 500 1549 541 Vetusta·
1579 500 1681 539 ritus
1708 500 1858 552 perita]
1900 501 2040 542 Nimis
2068 514 2214 555 super-

1336 563 1498 602 stitiose
1533 569 1701 602 veteres
1736 564 1840 602 ritus
1859 569 1905 603 et
1935 565 2055 604 Deos
2086 566 2217 617 juxt—a

1337 625 1549 665 colebant.
1577 626 1750 666 Servius
1766 626 1817 664 ad
1833 627 2056 666 AEneid.8.
2081 627 2216 668 ‘Cau-

1338 694 1427 727 tum
1461 687 1601 727 fuerat
1631 693 1676 728 et
1709 688 1822 739 apud
1857 687 2143 730 Athenienses
2170 697 2216 732 et

1336 750 1448 801 apud
1472 750 1703 800 Romanos,
1724 762 1778 790 ne
1810 752 1902 803 quis
1930 763 2062 792 novas
2085 753 2217 794 intro-

1335 813 1512 852 duceret
1532 813 1776 864 religiones.
1802 814 1931 854 Unde
1950 820 1999 855 et
2016 815 2216 856 Socrates

1335 876 1560 916 damnatus
1581 883 1662 925 est,
1695 883 1740 917 et
1773 877 1964 917 Chaluaei
1986 879 2054 917 vel
2072 879 2213 920 Jmtaei

1336 939 1441 979 urbe
1462 947 1563 979 sunt
1583 939 1725 992 pulsi!
1780 939 1903 979 Idem
1931 940 1987 980 de
2007 940 2216 981 Gracchis

1334 1001 1596 1042 Prudentius
1626 1008 1778 1042 contra
1809 1003 2050 1054 Symmach.
2083 1004 2157 1045 lib.
2179 1017 2216 1044 1.

1332 1064 1344 1086 ‘
1363 1064 1460 1105 Jam
1483 1064 1582 1116 quid
1602 1065 1837 1116 plebicolas
1853 1078 2103 1118 percurram
2118 1080 2211 1108 car·-

1326 1126 1445 1166 mine
1480 1127 1699 1168 Gracchos
1720 1129 1839 1170 ‘Jnre
1869 1130 2096 1181 potestatis
2134 1130 2215 1171 ful-

1332 1195 1414 1239 tOS‚
1444 1194 1493 1229 et
1522 1190 1564 1229 in
1603 1203 1704 1231 arce
1738 1199 1913 1232 senatus
1943 1193 2215 1246 Proecipuos,

1331 1251 1560 1292 simulacra
1602 1254 1742 1295 Deum
1782 1256 1967 1308 jussisse
2015 1255 2214 1298 revelli?

1335 1315 1462 1354 Coler-

1388 1380 1636 1431 Gracchano,
1678 1383 1767 1435 lfa]
1819 1382 2039 1436 Plerique,
2085 1385 2212 1426 immo

1331 1453 1478 1482 omnes
1498 1444 1658 1494 vulgati
1691 1445 1862 1485 codices
1892 1447 2058 1498 legunt,
2085 1448 2212 1488 Graa-

1328 1505 1449 1545 ckano
1467 1506 1634 1547 interitu
1644 1509 1834 1559 pollutum
1845 1522 1863 1557 ;
1891 1516 1940 1550 ut
1951 1522 2036 1550 non
2052 1517 2212 1551 temere

1330 1567 1500 1608 dubitet
1531 1569 1786 1623 Glareanus,
1809 1572 2022 1624 quomodo
2041 1575 2212 1615 Cereris

1330 1632 1535 1683 templum
1570 1634 1826 1675 Gracchano
1862 1636 2039 1677 interitu
2074 1639 2210 1690 polln-

1332 1701 1420 1735 tum
1439 1695 1581 1748 fuerit,
1601 1710 1699 1739 cnm
1714 1699 1808 1740 Tib.
1823 1699 2047 1740 Gracchus
2067 1700 2108 1740 in
2130 1702 2212 1742 Cas
2266 1716 2284 1727 ²

1331 1759 1500 1811 pitolio,
1523 1761 1649 1801 Caius
1671 1763 1814 1802 autem
1848 1763 1890 1802 in
1909 1764 2008 1803 luco
2039 1764 2210 1805 Furinae

1331 1829 1448 1863 trans
1467 1824 1654 1864 Tiberim
1675 1825 1807 1866 occisi
1821 1825 1925 1877 sint,
1946 1832 1994 1866 ut
2015 1822 2211 1867 auctores

1328 1893 1428 1927 sunt
1441 1887 1601 1939 Livius,
1615 1889 1886 1939 Plutarchus,
1905 1889 2146 1942 Appianas,
2166 1896 2212 1931 et

1328 1949 1416 1990 alii.
1471 1952 1608 1992 Porro
1640 1953 1811 1993 Cereris
1845 1954 2049 2006 templum
2071 1952 2210 1995 ..fuisse

1327 2012 1381 2051 ad
1401 2013 1572 2054 Circum
1588 2015 1824 2056 Maximum
1840 2027 1894 2056 ex
1908 2017 2049 2058 Tacit.
2063 2018 2141 2059 lib.
2155 2030 2207 2058 n.

1327 2081 1373 2116 et
1406 2076 1459 2115 P.
1491 2077 1671 2118 Victore
1707 2081 2020 2130 cognoscimus.
2078 2081 2208 2121 Hunc

1325 2139 1458 2191 igitur
1477 2143 1726 2194 scrupulum
1744 2156 1769 2182 a
1783 2144 1931 2195 sciolo,
1951 2145 2093 2186 nescio
2108 2158 2211 2198 quio,

1327 2203 1399 2254 qui
1427 2206 1618 2244 auctoris
1650 2211 1836 2246 mentem
1856 2218 1940 2247 non
1973 2209 2208 2259 intellexit,

1324 2265 1547 2307 inductu-m
1563 2267 1893 2310 nobiseximuut
1911 2271 2208 2322 manuscripta

1324 2333 1606 2384 exemplaria,
1620 2334 1663 2372 in
1680 2333 1834 2386 quibus
1852 2336 1985 2375 verba
2001 2335 2089 2387 illa,
2099 2335 2206 2376 inte·
2257 2384 2267 2395 μ

1323 2397 1406 2436 ritu
1420 2399 1625 2448 pollutum,
1639 2398 1808 2437 minime
1823 2397 2051 2439 hahentur.
2080 2399 2206 2440 Cam·

1325 2472 1458 2512 pense
1470 2462 1582 2501 enirn
1599 2462 1822 2512 exemplar
1836 2462 1898 2501 ita
1911 2462 2042 2513 legit:
2078 2462 2205 2503 Grac-

1323 2524 1444 2563 chuno
1476 2527 1646 2564 tumultu
1673 2525 1813 2564 moniti
1838 2537 1894 2564 ex
1922 2525 2131 2577 Sibyllinis
2155 2526 2205 2565 li-

1323 2585 1417 2625 bris.
1471 2585 1599 2626 Aliud
1631 2586 1845 2626 Theodori
1877 2587 2104 2628 Burmanni
2136 2601 2215 2638 ea·-

1325 2650 1423 2689 dem
1463 2650 1542 2689 hoc
1586 2650 1713 2689 modo
1750 2649 1924 2701 prodit:
1971 2650 2204 2692 Grai-eliano

1323 2719 1431 2754 motu
1448 2716 1587 2754 moniti
1606 2714 1812 2767 Sibyllinis
1824 2714 1954 2755 tibris.
2009 2715 2202 2755 Tertium

1323 2777 1494 2829 collegii
1527 2777 1824 2828 Winckeliani‚
1851 2777 2087 2817 Gracchano
2107 2782 2204 2823 nutu

1322 2839 1464 2880 habet.
1519 2841 1723 2880 Auctoris
1744 2849 1886 2879 autem
1915 2841 2100 2881 intentio
2119 2848 2203 2891 est,

1321 2903 1402 2943 hoc
1436 2907 1525 2943 toto
1566 2904 1830 2955 paragrapho
1868 2903 2075 2954 exemplis
2103 2915 2202 2956 pro-

1322 2966 1439 3016 bare,
1476 2974 1644 3007 veteres
1678 2967 1891 3006 Romanos
1925 2973 2200 3007 externorum

1322 3030 1451 3068 etiam
1469 3029 1696 3081 religiones
1713 3041 1795 3069 non
1812 3030 2039 3081 sprevisse,
2051 3031 2200 3070 Etrus-

1322 3103 1416 3131 cam
1458 3092 1679 3143 didicisse,
1735 3093 1883 3133 Cereri
1930 3094 2197 3134 sacerdotem

1321 3152 1521 3194 Graecam
1553 3167 1577 3193 a
1607 3156 1730 3195 Velia
1762 3155 1995 3207 accepisse,
2023 3161 2068 3196 et
2096 3155 2199 3195 civi-

1320 3220 1409 3256 tate
1423 3217 1494 3268 (ut
1514 3217 1634 3256 addit
1654 3217 2040 3269 Cicero)donasse.
2070 3217 2199 3269 Cujus

1319 3280 1425 3319 Deae
1460 3281 1563 3321 licet
1582 3281 1623 3320 in
1651 3282 1756 3320 urbe
1775 3281 2104 3332 pulcherrimum
2124 3282 2199 3320 ha-

1319 3342 1473 3383 berent
1503 3345 1727 3395 templum,
1765 3343 2010 3383 Gracchani
2051 3349 2195 3383 'tamen

1320 3407 1523 3445 tumultus
1551 3414 1744 3458 tempore
1777 3406 1945 3456 moniti,
1971 3407 2085 3446 inter
2110 3406 2197 3446 alia

1319 3480 1372 3507 ex
1409 3469 1629 3521 Sibyllinis
1677 3469 1816 3519 libris,
1861 3469 2195 3509 vetustissimam

1318 3531 1515 3571 Cererem
1531 3531 1784 3582 placandam
1801 3543 1920 3580 esse3
1942 3529 2103 3572 E'unam
2118 3544 2195 3583 po·
