2288 3990
401 274 540 329 1068

398 405 503 446 urbe
522 405 583 446 illi
602 419 696 447 cnm
715 413 879 448 armata
905 408 1173 451 multitudine
1199 423 1265 452 oc-

398 470 613 512 currisset.
644 473 855 512 oliverius.

447 535 540 575 Jovi
559 536 755 587 Feretrio]
782 537 956 588 Jupiter
981 537 1184 578 Feretrius
1201 538 1263 578 di-

396 600 574 639 cebatur
600 613 624 640 a
641 604 653 623 ⁸
674 600 866 652 feretro,'
895 601 1192 654 instrumento,
1208 603 1263 642 de

395 675 477 715 quo
497 664 866 715 suspendebantur
879 666 1028 717 spolia.
1057 667 1160 707 Erat
1177 669 1188 688 ‘
1205 665 1264 706 fe-

392 727 575 767 retrum'
593 728 776 778 ligneum
796 729 1136 783 instrumentum,
1152 731 1206 770 ad
1218 730 1262 770 id

394 796 494 842 apte
513 790 781 844 fabricatum,
807 799 855 832 ut
886 795 1020 845 spolia
1048 793 1198 841 ferret,
1220 794 1261 834 id

392 858 474 902 est,
503 854 746 895 sustineret.
798 856 943 896 Livius
973 857 1044 897 lib.
1072 869 1102 898 1.
1148 860 1160 880 ⁴
1180 859 1262 898 Ro·

390 917 562 968 mulus,’
580 918 730 971 inquit,
749 919 762 940 ‘
782 919 891 959 duce
905 921 1086 960 hostium
1107 921 1263 973 occiso,

389 980 534 1019 urbem
552 982 688 1033 primo
707 984 866 1035 impetu
882 985 1013 1036 capit,
1027 985 1128 1025 inde
1140 997 1261 1025 exer-

389 1043 477 1082 citu
500 1044 664 1085 victore
696 1047 842 1098 ducto,
875 1048 980 1099 ipse,
1012 1061 1108 1088 cum
1133 1047 1261 1090 factis

387 1107 454 1144 vir
480 1108 742 1159 magnificus,
774 1117 861 1150 tum
880 1111 1091 1153 factorum
1120 1119 1260 1153 osten-

386 1174 502 1208 tator
519 1171 631 1211 haud
664 1173 817 1224 minor,
846 1175 983 1226 spolia
1014 1176 1135 1217 ducis
1165 1177 1261 1216 hos-

389 1233 493 1273 tium
526 1236 624 1275 caesi
658 1249 861 1288 suspensa
891 1237 1103 1279 fabricato
1131 1239 1183 1278 ad
1215 1240 1259 1279 id

386 1303 486 1347 apte
517 1296 678 1338 feretro
714 1313 882 1351 gerens,
917 1302 958 1340 in
999 1302 1258 1353 Capitolium

385 1360 599 1411 ascendit3
629 1361 771 1415 ibique
785 1376 880 1403 eum
911 1377 962 1403 ea
982 1365 1036 1404 ad
1054 1378 1257 1417 quercum

382 1423 624 1472 pastoribus
653 1437 817 1465 sacram
846 1425 1116 1477 deposuisset
1135 1429 1258 1468 simul

383 1497 477 1524 cum
508 1486 638 1539 dono,
669 1487 910 1541 designavit
936 1492 1099 1542 templo
1135 1492 1259 1533 Jovis

380 1547 500 1600 fines,
518 1563 837 1605 cognomenque
850 1553 1016 1596 addidit
1031 1555 1125 1595 Deo
1141 1568 1152 1595 ε
1179 1556 1206 1597 J
1212 1568 1256 1595 u-

381 1613 497 1663 piter
518 1615 702 1667 Feretri,
724 1617 878 1668 inquit,
907 1618 978 1657 hic
1011 1618 1150 1658 victor
1177 1619 1256 1659 tibi

381 1676 585 1717 Romulus
614 1690 688 1717 rex
722 1680 838 1730 regia
867 1691 983 1719 arma
1013 1679 1120 1733 fero,
1147 1687 1255 1721 tem-

380 1740 583 1792 plumque
611 1742 675 1781 his
701 1743 962 1795 regionibus,
996 1758 1099 1797 quas
1128 1745 1253 1785 modo

380 1804 519 1844 animo
556 1812 740 1847 metatus
761 1820 868 1855 sum,
901 1809 1069 1861 dedico,
1105 1811 1253 1850 sedem

381 1868 532 1919 opimis
566 1872 728 1923 spoliis,
761 1885 842 1925 quo
863 1874 1036 1925 regibus
1056 1874 1252 1915 ducibus-

380 1944 462 1983 que
502 1935 683 1975 hostium
716 1938 839 1977 caesis
866 1950 934 1978 me
967 1944 1159 1979 autorem
1187 1952 1252 1980 se·

378 2002 559 2047 quentes
578 2001 740 2050 posteri
757 1999 928 2043 ferent!
970 2003 1179 2043 Oliverius.

430 2061 594 2102 Publica
612 2063 820 2115 religione]
841 2066 952 2107 Quia
971 2067 1188 2117 Romulus,
1208 2066 1251 2106 in

375 2124 567 2166 Deorum
603 2139 824 2170 numerum
857 2130 1100 2180 translatus,
1133 2131 1252 2171 nulla

374 2187 538 2240 indiget
566 2191 733 2241 privata
759 2192 1023 2244 laudatione,
1061 2193 1137 2233 sed
1174 2205 1252 2245 per

373 2252 559 2303 seipsum
588 2255 876 2296 laudationem
907 2259 1090 2311 amplam
1107 2256 1253 2309 habet,

373 2322 525 2369 utpote
543 2327 830 2361 consecratus.
862 2322 1075 2362 Oliverius.

428 2383 494 2433 §4
522 2383 560 2422 A
581 2383 745 2424 Romulo
770 2384 994 2436 proximus]
1029 2385 1250 2427 Secundus

374 2451 471 2497 post
501 2447 722 2487 Romulum
754 2449 880 2490 Corn.
918 2449 1073 2489 Cossus
1108 2449 1251 2501 opima

372 2509 508 2560 spolia
550 2512 747 2552 retulisse
783 2512 940 2563 fertur,
972 2524 1083 2552 caeso
1117 2513 1249 2559 Larte

372 2573 594 2614 Tolumnio
625 2575 897 2616 Fidenatium
928 2576 1063 2617 duce:
1093 2577 1136 2616 in
1166 2589 1250 2629 qua

372 2646 419 2674 re
439 2634 549 2676 dicit
564 2636 710 2677 Livius
731 2650 776 2677 se
792 2650 819 2678 a
835 2638 1003 2678 caeteris
1022 2638 1249 2678 dissentire

372 2698 673 2752 scriptoribus,
709 2701 783 2753 qui
819 2702 998 2742 eandem
1033 2714 1123 2742 rem
1164 2707 1248 2742 tra·

372 2761 495 2814 dunt,
528 2765 640 2817 quod
671 2765 789 2805 illum
822 2766 1039 2807 tribunum
1066 2765 1248 2806 militum

370 2823 502 2866 fuisse
537 2828 696 2882 dicant,
737 2830 909 2882 quando
952 2843 1039 2873 rem
1084 2835 1247 2872 tantam

372 2891 526 2941 gessit3
542 2904 587 2932 se
597 2905 698 2932 vero
714 2893 877 2933 duabus
889 2894 1123 2935 rationibus
1133 2907 1246 2935 com·

368 2956 546 3007 moveri,
565 2962 614 2996 ut
630 2957 777 2997 credat
801 2957 919 2997 illum
938 2957 1066 2998 fuisse
1085 2959 1246 2998 Consu·

368 3017 477 3068 lem;
506 3020 655 3070 altera,
689 3021 802 3074 qnod
832 3033 883 3062 ea
910 3026 1076 3061 tantum
1111 3023 1247 3074 spolia

369 3082 497 3134 opima
531 3083 747 3131 dicuntur,
780 3096 875 3137 quae
909 3085 997 3124 dux
1036 3085 1135 3125 duci
1173 3085 1245 3125 de-

368 3147 576 3199 traheret,
589 3148 799 3187 neminem
813 3154 955 3189 autem
968 3148 1120 3189 ducem
1137 3161 1246 3200 esse,

369 3210 449 3249 nisi
479 3212 598 3263 cujus
629 3212 818 3264 auspicio
850 3223 918 3251 res
950 3218 1148 3263 geratur;
1186 3213 1244 3252 al-

370 3280 480 3324 tera,
503 3275 616 3327 quod
636 3275 788 3315 titulus
809 3276 1036 3327 spoliorum
1057 3276 1245 3316 ostendit

367 3337 483 3377 illum
504 3341 719 3379 consulem
732 3338 880 3392 fuisse,
895 3344 940 3380 et
955 3352 1007 3380 ea
1021 3340 1157 3392 spolia
1175 3353 1244 3381 ce-

368 3402 500 3452 pisse.
537 3403 747 3445 Oliverius.

428 3465 564 3505 Eidem
593 3466 701 3518 Deo]
728 3467 868 3509 Testis
885 3469 1058 3509 Servius
1077 3481 1244 3522 quoque

370 3528 422 3567 ad
442 3529 569 3571 illud:
601 3531 614 3553 ‘
635 3531 741 3574 Quis
761 3537 805 3573 te
833 3544 983 3585 magne
1012 3533 1119 3574 Cato
1139 3533 1244 3574 taci-

1308 157 1330 167 x

975 292 1149 331 No'rAE
1192 293 1518 335 VARIORUM
1563 298 1628 336 IN

1330 418 1418 453 tum
1453 419 1527 454 aut
1562 421 1604 455 te
1640 416 1770 457 cosse
1803 417 2051 470 relinquat?
2099 419 2198 460 Non

1327 476 1457 528 igitur
1469 490 1612 518 verum
1628 485 1710 530 est,
1722 481 1834 532 quod
1848 480 2057 522 Ausonius
2069 484 2202 534 scrip·

1328 541 1385 580 sit
1415 541 1459 580 in
1485 543 1695 594 Eidyllio:
1728 545 1740 566 ‘
1759 545 1903 585 Tertia
1923 546 2064 597 opima
2081 547 2200 587 dedit

1325 603 1531 654 spoliatus
1549 604 1819 648 Aremoricus
1839 608 1972 649 Lars!
2019 609 2102 649 Sed
2123 623 2196 649 no-

1325 678 1421 706 men
1458 668 1568 708 illius
1601 670 1791 721 equitum
1823 672 2014 722 magistri
2049 685 2198 712 verum

1326 740 1400 768 uos
1428 729 1571 780 docet,
1592 739 1738 772 eontra
1766 746 1890 785 quam
1916 735 2199 779 Grammatici

1323 791 1499 834 faciunt.
1554 794 1797 835 Priscianus
1825 797 1897 838 lib.
1927 811 1968 838 v.
2015 800 2027 820 ‘
2049 801 2131 838 Lar
2160 799 2195 838 si

1323 854 1543 896 familiaris
1562 863 1629 897 est
1658 857 1763 898 facit
1791 860 1934 900 Laris:
1964 861 2196 901 SiTolum-

1323 917 1381 956 nii
1401 918 1652 969 Porsennae,
1669 921 1836 961 Lartis.’
1878 922 1984 962 Cum
2003 922 2196 964 Ausonio

1323 981 1473 1020 scribit
1498 989 1542 1022 et
1575 983 1718 1023 Livius
1750 985 1823 1025 lib.
1861 997 1928 1026 lv,
1975 988 1987 1008 ‘
2009 986 2196 1027 Daturos

1323 1044 1433 1096 quod
1454 1045 1557 1084 Lars
1571 1047 1818 1087 Tolumnius
1834 1047 2054 1088 dedisset!
2081 1049 2197 1090 Hinc

1323 1107 1470 1147 Graeci
1498 1121 1613 1148 more
1647 1123 1721 1149 suo
1754 1111 1877 1163 Λαρὸς
1907 1112 2120 1159 fecerunt,
2148 1117 2198 1152 ut

1322 1171 1570 1224 Dionysius,
1585 1173 1814 1227 Diodorus,
1829 1177 2098 1218 Plutarchus.
2123 1178 2198 1216 Co·

1320 1233 1438 1275 Ierus-

1375 1299 1648 1352 Fz‘denatz‘um]
1682 1302 1855 1342 Fidenae
1888 1303 1988 1344 urbs
2019 1304 2195 1344 Latino—

1321 1373 1414 1401 rum
1460 1365 1788 1418 mediterranea,
1831 1366 1955 1418 cujus
2000 1367 2195 1408 meminit

1320 1424 1486 1466 Plinius
1506 1427 1580 1468 lib.
1599 1439 1672 1470 111.
1691 1441 1786 1481 cap.
1805 1434 1846 1470 5.

1372 1489 1436 1539 §5
1467 1490 1533 1530 Ne
1571 1492 1634 1531 M.
1671 1493 1826 1543 quidem
1861 1495 2060 1546 Marcelli,
2102 1493 2195 1546 ξω]

1319 1550 1427 1590 Cum
1445 1551 1649 1593 adversus
1676 1555 1806 1596 Boios
1825 1561 1870 1596 et
1889 1556 2107 1608 Insubres,
2122 1556 2193 1610 qui

1319 1624 1432 1653 nunc
1462 1615 1809 1658 Mediolanenses
1829 1618 2047 1670 dicuntur,
2078 1619 2196 1672 (qui-

1318 1675 1493 1717 buscum
1533 1685 1626 1721 erat
1675 1680 1986 1732 Viridomarus,
2025 1682 2107 1732 vel,
2145 1689 2193 1722 ut

1316 1740 1389 1779 alii
1402 1740 1564 1793 dicunt,
1576 1742 2080 1794 Britomarus,Ga110rum
2091 1743 2193 1793 dux,

1316 1814 1411 1842 cum
1449 1804 1612 1855 ingenti
1646 1806 1844 1846 exercitu
1874 1805 2008 1846 ferme
2038 1806 2192 1847 decem

1314 1865 1530 1920 millium‚)
1566 1868 1739 1909 Marcus
1776 1870 2010 1911 Marcellus
2037 1873 2189 1913 missus

1315 1936 1428 1970 esset
1459 1942 1554 1970 cum
1584 1931 1826 1983 quingentis
1855 1939 1929 1974 aut
1956 1935 2084 1986 paulo
2103 1947 2190 1974 am-

1313 1993 1427 2045 plius
1459 1995 1683 2047 militibus,
1712 2001 1759 2036 et
1789 1996 1932 2048 paucis
1958 1998 2190 2051 equitibnS,

1314 2057 1428 2108 apud
1465 2057 1634 2098 Padum
1673 2059 1913 2100 universum
1949 2061 2190 2102 exereitum

1313 2119 1426 2160 fudit
1469 2127 1597 2174 atque
1640 2121 1822 2175 fugavit,
1865 2135 2009 2175 regem
2052 2125 2190 2176 ipsum

1314 2188 1434 2223 tanto
1461 2185 1653 2225 exercitu
1682 2185 1885 2239 stipatum
1905 2188 2192 2231 obtruncavit.

1313 2247 1420 2301 Erat
1465 2254 1607 2291 autem
1648 2250 1717 2291 hic
1753 2250 2044 2292 Viridomarus
2078 2252 2192 2292 inter

1314 2310 1462 2351 Gallos
1485 2312 1641 2353 eximia
1672 2315 1863 2366 corporis
1881 2315 2191 2368 magnitudine,

1314 2379 1530 2414 armatura
1562 2388 1664 2416 auro
1695 2383 1740 2417 et
1770 2383 1950 2431 argento
1979 2390 2029 2419 ac
2056 2379 2190 2420 variis

1313 2437 1515 2480 distincta
1527 2441 2080 2494 coloribus,fulgorisinstar
2091 2455 2188 2495 per-

1311 2502 1470 2544 lucida.
1517 2504 1626 2545 Quae
1647 2506 1721 2550 ubi
1739 2505 1974 2549 Marcellus
1992 2506 2188 2558 pulcher-

1311 2566 1418 2606 rima
1443 2578 1496 2605 ex
1524 2573 1617 2607 toto
1644 2570 1919 2619 conspicatur
1937 2569 2119 2620 agmine,
2135 2581 2190 2609 ea

1310 2627 1455 2669 futura
1473 2629 1724 2681 meditatus,
1742 2643 1837 2683 quae
1855 2638 2069 2683 concepta
2088 2633 2187 2674 Deo

1310 2698 1413 2733 vota
1445 2695 1741 2746 persolveret;
1769 2707 1865 2734 nam
1893 2696 1936 2734 in
1968 2707 2018 2734 ea
2046 2707 2188 2748 pugna

1310 2756 1541 2798 Marcellus
1561 2758 1703 2810 opima
1717 2759 1856 2810 spolia
1872 2759 1972 2801 Jovi
1992 2759 2187 2800 Feretrio

1310 2829 1500 2864 voverat.
1539 2825 1689 2864 Virum
1708 2824 1842 2876 igitur
1859 2826 2048 2875 adortus,
2065 2825 2188 2866 hasta

1309 2886 1516 2940 perfodit,
1559 2894 1606 2929 et
1647 2888 1946 2930 moribundum
1983 2901 2038 2929 ex
2075 2899 2186 2942 equo

1309 2953 1558 3004 prostravit,
1589 2958 1634 2993 et
1665 2953 1727 2993 ita
1753 2954 1895 3006 opima
1920 2954 2058 3006 spolia
2089 2964 2184 2994 cum

1307 3014 1471 3066 ingenti
1490 3016 1625 3068 gloria
1655 3018 1698 3058 in
1732 3018 1915 3069 patriam
1935 3018 2186 3070 reportavit.

1307 3080 1453 3121 Livius
1473 3081 1545 3121 lib.
1564 3092 1643 3121 XX.
1664 3086 1676 3102 ‘
1698 3081 1759 3122 M.
1779 3081 1984 3122 Claudius
1998 3081 2182 3120 Marcel-

1308 3145 1371 3184 lus
1402 3146 1574 3196 Consul,
1602 3146 1742 3186 occiso
1765 3145 2009 3186 Insubrium
2038 3145 2184 3185 Gallo-

1308 3221 1398 3248 rum
1442 3210 1551 3249 duce
1591 3208 1877 3259 Viridomaro,
1914 3207 2056 3262 opima
2090 3219 2183 3259 spo-

1307 3274 1364 3313 lia
1394 3273 1573 3314 retulit.'
1616 3274 1793 3313 Florus:
1829 3274 1944 3314 Galli
1978 3273 2182 3314 Insubres

1307 3339 1319 3361 ‘
1336 3338 1578 3378 Britomaro
1590 3338 1698 3378 duce
1718 3349 1802 3377 non
1832 3337 1949 3390 prius
1969 3339 2182 3379 soluturos

1308 3415 1353 3444 se
1374 3404 1531 3455 baltea,
1549 3416 1674 3457 quam
1706 3402 1963 3454 Capitolium
1993 3414 2088 3443 cum
2108 3402 2183 3442 Vi·

1307 3467 1518 3507 ridomaro
1567 3465 1874 3515 ascendissent,
1912 3466 2180 3517 juraverant.

1307 3533 1488 3574 Factum
1508 3537 1588 3574 est.
1628 3532 1782 3573 Victos
1803 3531 1913 3574 enim
1931 3530 2121 3571 AEmilius
2135 3529 2180 3570 in
