<?xml version="1.0" encoding="UTF-8"?>
<!DOCTYPE html PUBLIC "-//W3C//DTD XHTML 1.0 Transitional//EN"
    "http://www.w3.org/TR/xhtml1/DTD/xhtml1-transitional.dtd">
<html xmlns="http://www.w3.org/1999/xhtml" xml:lang="en" lang="en">
 <head>
  <title>
</title>
<meta http-equiv="Content-Type" content="text/html;charset=utf-8" />
  <meta name='ocr-system' content='tesseract 3.04.00' />
  <meta name='ocr-capabilities' content='ocr_page ocr_carea ocr_par ocr_line ocrx_word'/>
</head>
<body>
  <div class='ocr_page' id='page_1' title='image "./factorumdictorum03valeuoft_0133.png"; bbox 0 0 2288 3990; ppageno 0'>
   <div class='ocr_carea' id='block_1_1' title="bbox 586 251 1641 312">
    <p class='ocr_par' dir='ltr' id='par_1_1' title="bbox 586 251 1641 312">
     <span class='ocr_line' id='line_1_1' title="bbox 586 251 1641 312; baseline -0.011 1"><span class='ocrx_word' id='word_1_1' title='bbox 586 271 841 312; x_wconf 73' lang='lat' dir='ltr'><strong>vAmmn</strong></span> <span class='ocrx_word' id='word_1_2' title='bbox 887 267 1120 307; x_wconf 77' lang='grc' dir='ltr'><strong>ΜΑΧιΜι</strong></span> <span class='ocrx_word' id='word_1_3' title='bbox 1169 267 1285 304; x_wconf 75' lang='lat' dir='ltr'><strong>mu.</strong></span> <span class='ocrx_word' id='word_1_4' title='bbox 1327 266 1394 303; x_wconf 87' lang='lat'><strong>11.</strong></span> <span class='ocrx_word' id='word_1_5' title='bbox 1431 264 1564 304; x_wconf 82' lang='lat' dir='ltr'><strong>GAP.</strong></span> <span class='ocrx_word' id='word_1_6' title='bbox 1591 251 1641 304; x_wconf 86' lang='grc'><strong>6.</strong></span> 
     </span>
    </p>
   </div>
   <div class='ocr_carea' id='block_1_2' title="bbox 156 388 1108 3467">
    <p class='ocr_par' dir='ltr' id='par_1_2' title="bbox 156 388 1098 2280">
     <span class='ocr_line' id='line_1_2' title="bbox 156 388 1079 442; baseline -0.016 -3"><span class='ocrx_word' id='word_1_7' title='bbox 156 413 161 415; x_wconf 92' lang='lat'>·</span> <span class='ocrx_word' id='word_1_8' title='bbox 211 399 328 439; x_wconf 74' lang='lat' dir='ltr'><strong>Chios</strong></span> <span class='ocrx_word' id='word_1_9' title='bbox 361 402 405 436; x_wconf 86' lang='lat' dir='ltr'><strong>et</strong></span> <span class='ocrx_word' id='word_1_10' title='bbox 438 396 528 442; x_wconf 84' lang='lat' dir='ltr'><strong>Cos,</strong></span> <span class='ocrx_word' id='word_1_11' title='bbox 554 388 962 442; x_wconf 79' lang='lat' dir='ltr'><strong>cosmographorum</strong></span> <span class='ocrx_word' id='word_1_12' title='bbox 991 398 1079 425; x_wconf 89' lang='lat' dir='ltr'><strong>om·</strong></span> 
     </span>
     <span class='ocr_line' id='line_1_3' title="bbox 208 449 1079 502; baseline -0.017 0"><span class='ocrx_word' id='word_1_13' title='bbox 208 464 324 502; x_wconf 83' lang='lat' dir='ltr'><strong>nium</strong></span> <span class='ocrx_word' id='word_1_14' title='bbox 369 469 574 500; x_wconf 81' lang='lat' dir='ltr'><strong>consensu</strong></span> <span class='ocrx_word' id='word_1_15' title='bbox 621 461 666 495; x_wconf 87' lang='lat' dir='ltr'><strong>et</strong></span> <span class='ocrx_word' id='word_1_16' title='bbox 715 449 1079 492; x_wconf 75' lang='lat' dir='ltr'><strong>demonstratione</strong></span> 
     </span>
     <span class='ocr_line' id='line_1_4' title="bbox 208 511 1080 564; baseline -0.017 0"><span class='ocrx_word' id='word_1_17' title='bbox 208 522 480 564; x_wconf 80' lang='lat' dir='ltr'><strong>manifestum</strong></span> <span class='ocrx_word' id='word_1_18' title='bbox 499 523 578 559; x_wconf 84' lang='lat' dir='ltr'><strong>est.</strong></span> <span class='ocrx_word' id='word_1_19' title='bbox 633 517 698 557; x_wconf 84' lang='lat' dir='ltr'><strong>Ex</strong></span> <span class='ocrx_word' id='word_1_20' title='bbox 725 515 786 554; x_wconf 78' lang='lat' dir='ltr'><strong>his</strong></span> <span class='ocrx_word' id='word_1_21' title='bbox 807 515 923 554; x_wconf 90' lang='lat' dir='ltr'><strong>Ceon</strong></span> <span class='ocrx_word' id='word_1_22' title='bbox 941 511 1080 550; x_wconf 88' lang='lat' dir='ltr'><strong>malim</strong></span> 
     </span>
     <span class='ocr_line' id='line_1_5' title="bbox 207 576 1081 637; baseline -0.016 -10"><span class='ocrx_word' id='word_1_23' title='bbox 207 585 453 637; x_wconf 81' lang='lat' dir='ltr'><strong>tetrapolim</strong></span> <span class='ocrx_word' id='word_1_24' title='bbox 471 581 633 622; x_wconf 87' lang='lat' dir='ltr'><strong>fuisse:</strong></span> <span class='ocrx_word' id='word_1_25' title='bbox 662 584 812 632; x_wconf 76' lang='lat' dir='ltr'><strong>postea</strong></span> <span class='ocrx_word' id='word_1_26' title='bbox 830 576 994 617; x_wconf 86' lang='lat' dir='ltr'><strong>duabus</strong></span> <span class='ocrx_word' id='word_1_27' title='bbox 1012 586 1081 614; x_wconf 89' lang='lat' dir='ltr'><strong>ur-</strong></span> 
     </span>
     <span class='ocr_line' id='line_1_6' title="bbox 209 635 1082 697; baseline -0.013 -7"><span class='ocrx_word' id='word_1_28' title='bbox 209 635 333 691; x_wconf 81' lang='lat' dir='ltr'><strong>bibus</strong></span> <span class='ocrx_word' id='word_1_29' title='bbox 357 650 534 690; x_wconf 87' lang='lat' dir='ltr'><strong>Coressa</strong></span> <span class='ocrx_word' id='word_1_30' title='bbox 553 647 813 697; x_wconf 85' lang='lat' dir='ltr'><strong>Poeessaque</strong></span> <span class='ocrx_word' id='word_1_31' title='bbox 831 642 935 682; x_wconf 87' lang='lat' dir='ltr'><strong>mari</strong></span> <span class='ocrx_word' id='word_1_32' title='bbox 954 641 1082 680; x_wconf 84' lang='lat' dir='ltr'><strong>devo-</strong></span> 
     </span>
     <span class='ocr_line' id='line_1_7' title="bbox 207 704 1084 763; baseline -0.011 -10"><span class='ocrx_word' id='word_1_33' title='bbox 207 713 330 763; x_wconf 86' lang='lat' dir='ltr'><strong>ratis,</strong></span> <span class='ocrx_word' id='word_1_34' title='bbox 364 713 407 752; x_wconf 90' lang='lat' dir='ltr'><strong>in</strong></span> <span class='ocrx_word' id='word_1_35' title='bbox 443 711 547 751; x_wconf 88' lang='lat' dir='ltr'><strong>duas</strong></span> <span class='ocrx_word' id='word_1_36' title='bbox 578 710 761 763; x_wconf 86' lang='lat' dir='ltr'><strong>reliquas</strong></span> <span class='ocrx_word' id='word_1_37' title='bbox 790 705 956 754; x_wconf 81' lang='lat' dir='ltr'><strong>Julida,</strong></span> <span class='ocrx_word' id='word_1_38' title='bbox 980 704 1084 744; x_wconf 89' lang='lat' dir='ltr'><strong>Car-</strong></span> 
     </span>
     <span class='ocr_line' id='line_1_8' title="bbox 206 767 1083 828; baseline -0.011 -12"><span class='ocrx_word' id='word_1_39' title='bbox 206 776 451 828; x_wconf 78' lang='lat' dir='ltr'><strong>thaeamque</strong></span> <span class='ocrx_word' id='word_1_40' title='bbox 504 773 770 814; x_wconf 82' lang='lat' dir='ltr'><strong>habitatores</strong></span> <span class='ocrx_word' id='word_1_41' title='bbox 815 780 960 809; x_wconf 88' lang='lat' dir='ltr'><strong>earum</strong></span> <span class='ocrx_word' id='word_1_42' title='bbox 1005 767 1083 808; x_wconf 86' lang='lat' dir='ltr'><strong>mi·</strong></span> 
     </span>
     <span class='ocr_line' id='line_1_9' title="bbox 208 830 1082 889; baseline -0.009 -11"><span class='ocrx_word' id='word_1_43' title='bbox 208 849 369 889; x_wconf 81' lang='lat' dir='ltr'><strong>grasse,</strong></span> <span class='ocrx_word' id='word_1_44' title='bbox 402 837 557 877; x_wconf 86' lang='lat' dir='ltr'><strong>Strabo</strong></span> <span class='ocrx_word' id='word_1_45' title='bbox 601 841 648 876; x_wconf 92' lang='lat' dir='ltr'><strong>et</strong></span> <span class='ocrx_word' id='word_1_46' title='bbox 690 833 852 877; x_wconf 81' lang='lat' dir='ltr'>Plinius</span> <span class='ocrx_word' id='word_1_47' title='bbox 889 830 1082 871; x_wconf 86' lang='lat' dir='ltr'><strong>tradunt.</strong></span> 
     </span>
     <span class='ocr_line' id='line_1_10' title="bbox 208 894 1085 947; baseline -0.009 -5"><span class='ocrx_word' id='word_1_48' title='bbox 208 902 293 942; x_wconf 80' lang='lat' dir='ltr'><strong>Sed</strong></span> <span class='ocrx_word' id='word_1_49' title='bbox 323 907 484 943; x_wconf 80' lang='lat' dir='ltr'><strong>temere</strong></span> <span class='ocrx_word' id='word_1_50' title='bbox 512 897 834 941; x_wconf 85' lang='lat' dir='ltr'><strong>confunduntur</strong></span> <span class='ocrx_word' id='word_1_51' title='bbox 853 894 966 947; x_wconf 85' lang='lat' dir='ltr'><strong>apud</strong></span> <span class='ocrx_word' id='word_1_52' title='bbox 988 905 1085 934; x_wconf 86' lang='lat' dir='ltr'><strong>auc·</strong></span> 
     </span>
     <span class='ocr_line' id='line_1_11' title="bbox 211 957 1086 1014; baseline -0.009 -10"><span class='ocrx_word' id='word_1_53' title='bbox 211 972 324 1006; x_wconf 87' lang='lat' dir='ltr'><strong>tores</strong></span> <span class='ocrx_word' id='word_1_54' title='bbox 340 971 428 1006; x_wconf 84' lang='lat' dir='ltr'><strong>tam</strong></span> <span class='ocrx_word' id='word_1_55' title='bbox 454 965 633 1005; x_wconf 83' lang='lat' dir='ltr'><strong>Graecos</strong></span> <span class='ocrx_word' id='word_1_56' title='bbox 661 973 787 1014; x_wconf 85' lang='lat' dir='ltr'><strong>quam</strong></span> <span class='ocrx_word' id='word_1_57' title='bbox 805 960 978 1000; x_wconf 82' lang='lat' dir='ltr'><strong>Latinos</strong></span> <span class='ocrx_word' id='word_1_58' title='bbox 999 957 1086 997; x_wconf 85' lang='lat' dir='ltr'><strong>dic-</strong></span> 
     </span>
     <span class='ocr_line' id='line_1_12' title="bbox 210 1022 1086 1074; baseline -0.01 -5"><span class='ocrx_word' id='word_1_59' title='bbox 210 1034 351 1068; x_wconf 88' lang='lat' dir='ltr'><strong>tarum</strong></span> <span class='ocrx_word' id='word_1_60' title='bbox 387 1030 619 1068; x_wconf 86' lang='lat' dir='ltr'><strong>insularum</strong></span> <span class='ocrx_word' id='word_1_61' title='bbox 658 1025 843 1074; x_wconf 85' lang='lat' dir='ltr'><strong>nomina,</strong></span> <span class='ocrx_word' id='word_1_62' title='bbox 876 1023 1004 1074; x_wconf 88' lang='lat' dir='ltr'><strong>idque</strong></span> <span class='ocrx_word' id='word_1_63' title='bbox 1037 1022 1086 1061; x_wconf 90' lang='lat' dir='ltr'><strong>li-</strong></span> 
     </span>
     <span class='ocr_line' id='line_1_13' title="bbox 213 1084 1087 1141; baseline -0.009 -10"><span class='ocrx_word' id='word_1_64' title='bbox 213 1091 446 1131; x_wconf 86' lang='lat' dir='ltr'><strong>brariorum</strong></span> <span class='ocrx_word' id='word_1_65' title='bbox 465 1088 756 1141; x_wconf 81' lang='lat' dir='ltr'><strong>negligentia;</strong></span> <span class='ocrx_word' id='word_1_66' title='bbox 776 1092 824 1126; x_wconf 88' lang='lat' dir='ltr'><strong>ut</strong></span> <span class='ocrx_word' id='word_1_67' title='bbox 843 1086 886 1125; x_wconf 91' lang='lat' dir='ltr'><strong>in</strong></span> <span class='ocrx_word' id='word_1_68' title='bbox 905 1084 1087 1136; x_wconf 78' lang='lat' dir='ltr'><strong>Stepha-</strong></span> 
     </span>
     <span class='ocr_line' id='line_1_14' title="bbox 211 1147 1088 1200; baseline -0.007 -8"><span class='ocrx_word' id='word_1_69' title='bbox 211 1165 265 1192; x_wconf 87' lang='lat' dir='ltr'><strong>no</strong></span> <span class='ocrx_word' id='word_1_70' title='bbox 284 1154 339 1193; x_wconf 87' lang='lat' dir='ltr'><strong>de</strong></span> <span class='ocrx_word' id='word_1_71' title='bbox 352 1153 568 1194; x_wconf 75' lang='lat' dir='ltr'>Urbibus:</span> <span class='ocrx_word' id='word_1_72' title='bbox 594 1150 750 1200; x_wconf 80' lang='grc' dir='ltr'><strong>Ἰουλὶς,</strong></span> <span class='ocrx_word' id='word_1_73' title='bbox 763 1149 877 1190; x_wconf 79' lang='grc' dir='ltr'>πόλις</span> <span class='ocrx_word' id='word_1_74' title='bbox 895 1147 937 1188; x_wconf 77' lang='grc' dir='ltr'><strong>ἐν</strong></span> <span class='ocrx_word' id='word_1_75' title='bbox 953 1149 1019 1200; x_wconf 71' lang='grc' dir='ltr'><strong>Κῷ·</strong></span> <span class='ocrx_word' id='word_1_76' title='bbox 1035 1148 1088 1200; x_wconf 82' lang='grc' dir='ltr'><strong>τῇ</strong></span> 
     </span>
     <span class='ocr_line' id='line_1_15' title="bbox 210 1211 1090 1268; baseline -0.01 -9"><span class='ocrx_word' id='word_1_77' title='bbox 210 1216 328 1268; x_wconf 74' lang='grc' dir='ltr'><strong><em>νήσῳ.</em></strong></span> <span class='ocrx_word' id='word_1_78' title='bbox 386 1219 443 1257; x_wconf 91' lang='lat' dir='ltr'><strong>Et</strong></span> <span class='ocrx_word' id='word_1_79' title='bbox 463 1229 626 1267; x_wconf 75' lang='lat' dir='ltr'><strong>rursus,</strong></span> <span class='ocrx_word' id='word_1_80' title='bbox 659 1212 845 1268; x_wconf 79' lang='grc' dir='ltr'>Καρθαία,</span> <span class='ocrx_word' id='word_1_81' title='bbox 870 1211 940 1263; x_wconf 80' lang='grc' dir='ltr'><strong>μία</strong></span> <span class='ocrx_word' id='word_1_82' title='bbox 957 1213 1029 1259; x_wconf 78' lang='grc' dir='ltr'><strong>τῆς</strong></span> <span class='ocrx_word' id='word_1_83' title='bbox 1047 1211 1090 1251; x_wconf 84' lang='grc' dir='ltr'><strong>ἐν</strong></span> 
     </span>
     <span class='ocr_line' id='line_1_16' title="bbox 214 1275 1090 1334; baseline -0.008 -12"><span class='ocrx_word' id='word_1_84' title='bbox 214 1283 280 1332; x_wconf 70' lang='grc' dir='ltr'><strong>Κῷ</strong></span> <span class='ocrx_word' id='word_1_85' title='bbox 308 1280 586 1334; x_wconf 76' lang='grc' dir='ltr'>τετραπόλεως·</span> <span class='ocrx_word' id='word_1_86' title='bbox 618 1292 716 1320; x_wconf 90' lang='lat' dir='ltr'><strong>cum</strong></span> <span class='ocrx_word' id='word_1_87' title='bbox 752 1277 982 1329; x_wconf 76' lang='lat' dir='ltr'><strong>utrobique</strong></span> <span class='ocrx_word' id='word_1_88' title='bbox 1004 1275 1090 1328; x_wconf 86' lang='lat' dir='ltr'><strong>legi</strong></span> 
     </span>
     <span class='ocr_line' id='line_1_17' title="bbox 213 1340 1092 1396; baseline -0.008 -11"><span class='ocrx_word' id='word_1_89' title='bbox 213 1345 374 1385; x_wconf 86' lang='lat' dir='ltr'><strong>debeat</strong></span> <span class='ocrx_word' id='word_1_90' title='bbox 404 1345 445 1383; x_wconf 74' lang='grc' dir='ltr'><strong>ἐν</strong></span> <span class='ocrx_word' id='word_1_91' title='bbox 466 1343 572 1394; x_wconf 82' lang='grc' dir='ltr'>Κήῳ,</span> <span class='ocrx_word' id='word_1_92' title='bbox 592 1340 948 1396; x_wconf 84' lang='lat' dir='ltr'><strong>quemadmodum</strong></span> <span class='ocrx_word' id='word_1_93' title='bbox 972 1346 1092 1379; x_wconf 87' lang='lat' dir='ltr'><strong>recte</strong></span> 
     </span>
     <span class='ocr_line' id='line_1_18' title="bbox 214 1402 1092 1458; baseline -0.007 -10"><span class='ocrx_word' id='word_1_94' title='bbox 214 1409 434 1448; x_wconf 89' lang='lat' dir='ltr'><strong>nominant</strong></span> <span class='ocrx_word' id='word_1_95' title='bbox 464 1406 603 1456; x_wconf 74' lang='grc' dir='ltr'>Κηΐους</span> <span class='ocrx_word' id='word_1_96' title='bbox 635 1405 815 1458; x_wconf 85' lang='lat' dir='ltr'><strong>populos</strong></span> <span class='ocrx_word' id='word_1_97' title='bbox 843 1402 1092 1443; x_wconf 87' lang='lat' dir='ltr'><strong>Menandri·</strong></span> 
     </span>
     <span class='ocr_line' id='line_1_19' title="bbox 214 1466 1091 1522; baseline -0.008 -11"><span class='ocrx_word' id='word_1_98' title='bbox 214 1473 283 1511; x_wconf 88' lang='lat' dir='ltr'><strong>ani</strong></span> <span class='ocrx_word' id='word_1_99' title='bbox 314 1483 460 1511; x_wconf 80' lang='lat' dir='ltr'><strong>versus</strong></span> <span class='ocrx_word' id='word_1_100' title='bbox 487 1473 622 1522; x_wconf 86' lang='lat' dir='ltr'><strong>legem</strong></span> <span class='ocrx_word' id='word_1_101' title='bbox 648 1482 723 1509; x_wconf 89' lang='lat' dir='ltr'><strong>seu</strong></span> <span class='ocrx_word' id='word_1_102' title='bbox 738 1466 1091 1508; x_wconf 83' lang='lat' dir='ltr'><strong>consuetudinem</strong></span> 
     </span>
     <span class='ocr_line' id='line_1_20' title="bbox 213 1531 1093 1586; baseline -0.003 -12"><span class='ocrx_word' id='word_1_103' title='bbox 213 1535 323 1574; x_wconf 79' lang='lat' dir='ltr'><strong>banc</strong></span> <span class='ocrx_word' id='word_1_104' title='bbox 340 1534 618 1586; x_wconf 81' lang='lat' dir='ltr'><strong>properandae</strong></span> <span class='ocrx_word' id='word_1_105' title='bbox 635 1533 782 1572; x_wconf 90' lang='lat' dir='ltr'><strong>mortis</strong></span> <span class='ocrx_word' id='word_1_106' title='bbox 793 1531 1093 1583; x_wconf 76' lang='lat' dir='ltr'><strong>praedicantes.</strong></span> 
     </span>
     <span class='ocr_line' id='line_1_21' title="bbox 216 1594 1093 1649; baseline -0.007 -12"><span class='ocrx_word' id='word_1_107' title='bbox 216 1597 337 1639; x_wconf 80' lang='lat' dir='ltr'><strong>Quos</strong></span> <span class='ocrx_word' id='word_1_108' title='bbox 363 1597 494 1648; x_wconf 82' lang='lat' dir='ltr'><strong>ipsos,</strong></span> <span class='ocrx_word' id='word_1_109' title='bbox 518 1597 619 1649; x_wconf 86' lang='lat' dir='ltr'><strong>quia</strong></span> <span class='ocrx_word' id='word_1_110' title='bbox 645 1596 697 1635; x_wconf 85' lang='lat' dir='ltr'><strong>ad</strong></span> <span class='ocrx_word' id='word_1_111' title='bbox 726 1595 990 1634; x_wconf 86' lang='lat' dir='ltr'><strong>intellectum</strong></span> <span class='ocrx_word' id='word_1_112' title='bbox 1012 1594 1093 1632; x_wconf 84' lang='lat' dir='ltr'><strong>Va-</strong></span> 
     </span>
     <span class='ocr_line' id='line_1_22' title="bbox 215 1657 1092 1712; baseline -0.002 -14"><span class='ocrx_word' id='word_1_113' title='bbox 215 1659 389 1700; x_wconf 79' lang='lat' dir='ltr'><strong>lerianae</strong></span> <span class='ocrx_word' id='word_1_114' title='bbox 422 1660 546 1712; x_wconf 81' lang='lat' dir='ltr'><strong>hujus</strong></span> <span class='ocrx_word' id='word_1_115' title='bbox 579 1659 767 1699; x_wconf 76' lang='lat' dir='ltr'><strong>historiae</strong></span> <span class='ocrx_word' id='word_1_116' title='bbox 797 1657 977 1705; x_wconf 88' lang='lat' dir='ltr'><strong>faciunt,</strong></span> <span class='ocrx_word' id='word_1_117' title='bbox 1008 1669 1092 1697; x_wconf 90' lang='lat' dir='ltr'><strong>non</strong></span> 
     </span>
     <span class='ocr_line' id='line_1_23' title="bbox 212 1721 1093 1774; baseline -0.002 -12"><span class='ocrx_word' id='word_1_118' title='bbox 212 1724 556 1774; x_wconf 75' lang='lat' dir='ltr'><strong>praetermittam.</strong></span> <span class='ocrx_word' id='word_1_119' title='bbox 610 1724 832 1774; x_wconf 86' lang='lat' dir='ltr'><strong>Leguntur</strong></span> <span class='ocrx_word' id='word_1_120' title='bbox 868 1727 1011 1761; x_wconf 92' lang='lat' dir='ltr'><strong>autem</strong></span> <span class='ocrx_word' id='word_1_121' title='bbox 1050 1721 1093 1760; x_wconf 92' lang='lat' dir='ltr'><strong>in</strong></span> 
     </span>
     <span class='ocr_line' id='line_1_24' title="bbox 215 1784 1090 1836; baseline 0 -12"><span class='ocrx_word' id='word_1_122' title='bbox 215 1784 434 1836; x_wconf 82' lang='lat' dir='ltr'><strong>Stephano</strong></span> <span class='ocrx_word' id='word_1_123' title='bbox 470 1792 517 1826; x_wconf 89' lang='lat' dir='ltr'><strong>et</strong></span> <span class='ocrx_word' id='word_1_124' title='bbox 562 1786 773 1826; x_wconf 86' lang='lat' dir='ltr'><strong>Strabone</strong></span> <span class='ocrx_word' id='word_1_125' title='bbox 817 1786 896 1824; x_wconf 88' lang='lat' dir='ltr'><strong>hoc</strong></span> <span class='ocrx_word' id='word_1_126' title='bbox 932 1785 1090 1825; x_wconf 82' lang='lat' dir='ltr'><strong>modo:</strong></span> 
     </span>
     <span class='ocr_line' id='line_1_25' title="bbox 217 1845 1093 1902; baseline 0.002 -17"><span class='ocrx_word' id='word_1_127' title='bbox 217 1845 350 1886; x_wconf 75' lang='grc' dir='ltr'>Καλὸν</span> <span class='ocrx_word' id='word_1_128' title='bbox 362 1846 410 1886; x_wconf 79' lang='grc' dir='ltr'><strong>τὸ</strong></span> <span class='ocrx_word' id='word_1_129' title='bbox 426 1846 539 1902; x_wconf 63' lang='grc' dir='ltr'><strong>Κήῳν</strong></span> <span class='ocrx_word' id='word_1_130' title='bbox 554 1847 962 1899; x_wconf 58' lang='grc' dir='ltr'><strong>νόμιμόνὲστιὲνανία,</strong></span> <span class='ocrx_word' id='word_1_131' title='bbox 975 1849 1024 1887; x_wconf 89' lang='grc' dir='ltr'>Ὅ</span> <span class='ocrx_word' id='word_1_132' title='bbox 1040 1848 1093 1898; x_wconf 81' lang='grc' dir='ltr'><strong>μὴ</strong></span> 
     </span>
     <span class='ocr_line' id='line_1_26' title="bbox 215 1909 1093 1966; baseline 0.006 -18"><span class='ocrx_word' id='word_1_133' title='bbox 215 1909 420 1960; x_wconf 75' lang='grc' dir='ltr'>δυνάμενος</span> <span class='ocrx_word' id='word_1_134' title='bbox 436 1911 510 1965; x_wconf 70' lang='grc' dir='ltr'><strong>ζῇν</strong></span> <span class='ocrx_word' id='word_1_135' title='bbox 522 1915 652 1954; x_wconf 81' lang='grc' dir='ltr'><strong>καλῶς</strong></span> <span class='ocrx_word' id='word_1_136' title='bbox 662 1913 707 1953; x_wconf 78' lang='grc' dir='ltr'><strong>οὔ</strong></span> <span class='ocrx_word' id='word_1_137' title='bbox 724 1911 779 1966; x_wconf 75' lang='grc' dir='ltr'><strong>ζῇ</strong></span> <span class='ocrx_word' id='word_1_138' title='bbox 793 1915 930 1953; x_wconf 79' lang='grc' dir='ltr'>κακῶς.</span> <span class='ocrx_word' id='word_1_139' title='bbox 986 1914 1093 1953; x_wconf 87' lang='lat' dir='ltr'><strong>Per·</strong></span> 
     </span>
     <span class='ocr_line' id='line_1_27' title="bbox 216 1973 1094 2018; baseline 0.008 -7"><span class='ocrx_word' id='word_1_140' title='bbox 216 1973 419 2014; x_wconf 85' lang='lat' dir='ltr'><strong>mittebat</strong></span> <span class='ocrx_word' id='word_1_141' title='bbox 456 1981 601 2016; x_wconf 88' lang='lat' dir='ltr'><strong>autem</strong></span> <span class='ocrx_word' id='word_1_142' title='bbox 646 1976 721 2016; x_wconf 89' lang='lat' dir='ltr'><strong>illa</strong></span> <span class='ocrx_word' id='word_1_143' title='bbox 763 1977 835 2016; x_wconf 85' lang='lat' dir='ltr'><strong>lex</strong></span> <span class='ocrx_word' id='word_1_144' title='bbox 865 1977 1094 2018; x_wconf 88' lang='lat' dir='ltr'><strong>Ceiensum</strong></span> 
     </span>
     <span class='ocr_line' id='line_1_28' title="bbox 216 2036 1095 2090; baseline 0.007 -17"><span class='ocrx_word' id='word_1_145' title='bbox 216 2036 400 2086; x_wconf 73' lang='lat' dir='ltr'><strong>majores</strong></span> <span class='ocrx_word' id='word_1_146' title='bbox 419 2038 539 2077; x_wconf 86' lang='lat' dir='ltr'><strong>anuis</strong></span> <span class='ocrx_word' id='word_1_147' title='bbox 568 2039 793 2090; x_wconf 83' lang='lat' dir='ltr'><strong>sexaginta</strong></span> <span class='ocrx_word' id='word_1_148' title='bbox 811 2044 937 2079; x_wconf 88' lang='lat' dir='ltr'><strong>natos</strong></span> <span class='ocrx_word' id='word_1_149' title='bbox 963 2039 1095 2079; x_wconf 78' lang='grc' dir='ltr'>ἇκωνί-</span> 
     </span>
     <span class='ocr_line' id='line_1_29' title="bbox 216 2097 1096 2156; baseline 0.007 -18"><span class='ocrx_word' id='word_1_150' title='bbox 216 2097 368 2151; x_wconf 74' lang='grc' dir='ltr'><strong><em>ζεσθαι,</em></strong></span> <span class='ocrx_word' id='word_1_151' title='bbox 392 2100 472 2141; x_wconf 86' lang='lat' dir='ltr'><strong>hoc</strong></span> <span class='ocrx_word' id='word_1_152' title='bbox 495 2106 580 2152; x_wconf 90' lang='lat' dir='ltr'><strong>est,</strong></span> <span class='ocrx_word' id='word_1_153' title='bbox 619 2102 774 2142; x_wconf 75' lang='lat' dir='ltr'><strong>aconito</strong></span> <span class='ocrx_word' id='word_1_154' title='bbox 810 2103 935 2142; x_wconf 73' lang='lat' dir='ltr'><strong>vitam</strong></span> <span class='ocrx_word' id='word_1_155' title='bbox 955 2103 1096 2156; x_wconf 80' lang='lat' dir='ltr'><strong>finire.</strong></span> 
     </span>
     <span class='ocr_line' id='line_1_30' title="bbox 215 2163 1098 2219; baseline 0.006 -16"><span class='ocrx_word' id='word_1_156' title='bbox 215 2163 287 2204; x_wconf 81' lang='lat' dir='ltr'><strong>sic</strong></span> <span class='ocrx_word' id='word_1_157' title='bbox 323 2164 567 2215; x_wconf 85' lang='lat' dir='ltr'><strong>legendum,</strong></span> <span class='ocrx_word' id='word_1_158' title='bbox 609 2178 696 2205; x_wconf 87' lang='lat' dir='ltr'><strong>nou</strong></span> <span class='ocrx_word' id='word_1_159' title='bbox 737 2163 1006 2219; x_wconf 77' lang='grc' dir='ltr'><strong>ἀγωνίζεσθαι,</strong></span> <span class='ocrx_word' id='word_1_160' title='bbox 1051 2173 1098 2208; x_wconf 92' lang='lat' dir='ltr'><strong>ut</strong></span> 
     </span>
     <span class='ocr_line' id='line_1_31' title="bbox 217 2225 935 2280; baseline 0.004 -15"><span class='ocrx_word' id='word_1_161' title='bbox 217 2225 403 2266; x_wconf 83' lang='lat' dir='ltr'><strong>habetur</strong></span> <span class='ocrx_word' id='word_1_162' title='bbox 421 2228 464 2266; x_wconf 93' lang='lat' dir='ltr'><strong>in</strong></span> <span class='ocrx_word' id='word_1_163' title='bbox 481 2227 716 2280; x_wconf 88' lang='lat' dir='ltr'><strong>Stephano.</strong></span> <span class='ocrx_word' id='word_1_164' title='bbox 748 2229 935 2279; x_wconf 79' lang='lat' dir='ltr'><strong>Pighius.</strong></span> 
     </span>
    </p>

    <p class='ocr_par' dir='ltr' id='par_1_3' title="bbox 219 2289 1100 2390">
     <span class='ocr_line' id='line_1_32' title="bbox 273 2289 1100 2343; baseline 0.006 -16"><span class='ocrx_word' id='word_1_165' title='bbox 273 2289 424 2340; x_wconf 71' lang='lat' dir='ltr'><strong>Iulida]</strong></span> <span class='ocrx_word' id='word_1_166' title='bbox 462 2291 543 2331; x_wconf 87' lang='lat' dir='ltr'><strong>Est</strong></span> <span class='ocrx_word' id='word_1_167' title='bbox 578 2290 658 2331; x_wconf 87' lang='lat' dir='ltr'><strong>hoc</strong></span> <span class='ocrx_word' id='word_1_168' title='bbox 693 2291 899 2343; x_wconf 86' lang='lat' dir='ltr'><strong>oppidum</strong></span> <span class='ocrx_word' id='word_1_169' title='bbox 940 2291 1100 2332; x_wconf 85' lang='lat' dir='ltr'><strong>Insulae</strong></span> 
     </span>
     <span class='ocr_line' id='line_1_33' title="bbox 219 2349 336 2390; baseline 0.017 -2"><span class='ocrx_word' id='word_1_170' title='bbox 219 2349 336 2390; x_wconf 81' lang='lat' dir='ltr'><strong>Ceae.</strong></span> 
     </span>
    </p>

    <p class='ocr_par' dir='ltr' id='par_1_4' title="bbox 220 2413 1103 2655">
     <span class='ocr_line' id='line_1_34' title="bbox 279 2413 1102 2470; baseline 0.005 -17"><span class='ocrx_word' id='word_1_171' title='bbox 279 2413 369 2453; x_wconf 73' lang='lat' dir='ltr'><strong>Tibi</strong></span> <span class='ocrx_word' id='word_1_172' title='bbox 403 2415 572 2466; x_wconf 79' lang='lat' dir='ltr'><strong>quidem,</strong></span> <span class='ocrx_word' id='word_1_173' title='bbox 605 2414 750 2468; x_wconf 71' lang='lat' dir='ltr'><strong>inquit,</strong></span> <span class='ocrx_word' id='word_1_174' title='bbox 784 2416 878 2457; x_wconf 79' lang='lat' dir='ltr'><strong>Sex.</strong></span> <span class='ocrx_word' id='word_1_175' title='bbox 916 2417 1102 2470; x_wconf 79' lang='lat' dir='ltr'><strong>Pompei]</strong></span> 
     </span>
     <span class='ocr_line' id='line_1_35' title="bbox 222 2476 1103 2529; baseline 0.009 -14"><span class='ocrx_word' id='word_1_176' title='bbox 222 2476 274 2516; x_wconf 84' lang='lat' dir='ltr'><strong>ln</strong></span> <span class='ocrx_word' id='word_1_177' title='bbox 311 2478 419 2517; x_wconf 83' lang='lat' dir='ltr'><strong>Mss.</strong></span> <span class='ocrx_word' id='word_1_178' title='bbox 457 2479 519 2518; x_wconf 86' lang='lat' dir='ltr'><strong>ita</strong></span> <span class='ocrx_word' id='word_1_179' title='bbox 554 2479 725 2529; x_wconf 82' lang='lat' dir='ltr'><strong>legitur.</strong></span> <span class='ocrx_word' id='word_1_180' title='bbox 778 2481 849 2520; x_wconf 91' lang='lat' dir='ltr'><strong>De</strong></span> <span class='ocrx_word' id='word_1_181' title='bbox 884 2480 966 2521; x_wconf 88' lang='lat' dir='ltr'><strong>hoc</strong></span> <span class='ocrx_word' id='word_1_182' title='bbox 1003 2483 1103 2524; x_wconf 83' lang='lat' dir='ltr'><strong>Sex.</strong></span> 
     </span>
     <span class='ocr_line' id='line_1_36' title="bbox 222 2540 1103 2592; baseline 0.008 -13"><span class='ocrx_word' id='word_1_183' title='bbox 222 2540 430 2592; x_wconf 87' lang='lat' dir='ltr'><strong>Pompeio</strong></span> <span class='ocrx_word' id='word_1_184' title='bbox 449 2540 564 2582; x_wconf 82' lang='lat' dir='ltr'><strong>Asioe</strong></span> <span class='ocrx_word' id='word_1_185' title='bbox 597 2543 776 2584; x_wconf 85' lang='lat' dir='ltr'><strong>Procos.</strong></span> <span class='ocrx_word' id='word_1_186' title='bbox 803 2543 903 2583; x_wconf 89' lang='lat' dir='ltr'><strong>vide</strong></span> <span class='ocrx_word' id='word_1_187' title='bbox 931 2550 1103 2586; x_wconf 84' lang='lat' dir='ltr'><strong>nostros</strong></span> 
     </span>
     <span class='ocr_line' id='line_1_37' title="bbox 220 2600 663 2655; baseline 0.007 -13"><span class='ocrx_word' id='word_1_188' title='bbox 220 2600 424 2644; x_wconf 82' lang='lat' dir='ltr'><strong>Annales.</strong></span> <span class='ocrx_word' id='word_1_189' title='bbox 480 2605 663 2655; x_wconf 69' lang='lat' dir='ltr'><strong>Pighius.</strong></span> 
     </span>
    </p>

    <p class='ocr_par' dir='ltr' id='par_1_5' title="bbox 218 2664 1108 3350">
     <span class='ocr_line' id='line_1_38' title="bbox 274 2664 1105 2721; baseline 0.006 -15"><span class='ocrx_word' id='word_1_190' title='bbox 274 2664 392 2707; x_wconf 71' lang='lat' dir='ltr'><strong>Duas</strong></span> <span class='ocrx_word' id='word_1_191' title='bbox 407 2667 524 2720; x_wconf 77' lang='lat' dir='ltr'><strong>fitius</strong></span> <span class='ocrx_word' id='word_1_192' title='bbox 551 2672 590 2708; x_wconf 87' lang='lat' dir='ltr'><strong>et</strong></span> <span class='ocrx_word' id='word_1_193' title='bbox 622 2673 771 2720; x_wconf 78' lang='lat' dir='ltr'><strong>septem</strong></span> <span class='ocrx_word' id='word_1_194' title='bbox 797 2673 980 2721; x_wconf 76' lang='lat' dir='ltr'><strong>nepotum</strong></span> <span class='ocrx_word' id='word_1_195' title='bbox 1012 2683 1105 2721; x_wconf 83' lang='lat' dir='ltr'><strong>gre-</strong></span> 
     </span>
     <span class='ocr_line' id='line_1_39' title="bbox 218 2731 1107 2786; baseline 0.007 -17"><span class='ocrx_word' id='word_1_196' title='bbox 218 2741 312 2779; x_wconf 80' lang='lat' dir='ltr'><strong>gem</strong></span> <span class='ocrx_word' id='word_1_197' title='bbox 325 2731 574 2782; x_wconf 69' lang='lat' dir='ltr'><strong>superstitem</strong></span> <span class='ocrx_word' id='word_1_198' title='bbox 589 2732 793 2783; x_wconf 73' lang='lat' dir='ltr'><strong>relictura,</strong></span> <span class='ocrx_word' id='word_1_199' title='bbox 810 2734 1004 2786; x_wconf 74' lang='lat' dir='ltr'><strong>permuta]</strong></span> <span class='ocrx_word' id='word_1_200' title='bbox 1035 2734 1107 2775; x_wconf 85' lang='lat' dir='ltr'><strong>Ita</strong></span> 
     </span>
     <span class='ocr_line' id='line_1_40' title="bbox 223 2793 1107 2849; baseline 0.007 -17"><span class='ocrx_word' id='word_1_201' title='bbox 223 2793 266 2832; x_wconf 92' lang='lat' dir='ltr'><strong>in</strong></span> <span class='ocrx_word' id='word_1_202' title='bbox 306 2793 521 2834; x_wconf 87' lang='lat' dir='ltr'><strong>Winchel.</strong></span> <span class='ocrx_word' id='word_1_203' title='bbox 577 2794 741 2835; x_wconf 65' lang='lat' dir='ltr'><strong>Cauca.</strong></span> <span class='ocrx_word' id='word_1_204' title='bbox 783 2802 830 2836; x_wconf 87' lang='lat' dir='ltr'><strong>et</strong></span> <span class='ocrx_word' id='word_1_205' title='bbox 876 2797 1107 2849; x_wconf 85' lang='lat' dir='ltr'><strong>Campens.</strong></span> 
     </span>
     <span class='ocr_line' id='line_1_41' title="bbox 222 2847 1108 2912; baseline 0.009 -18"><span class='ocrx_word' id='word_1_206' title='bbox 222 2847 363 2907; x_wconf 79' lang='lat' dir='ltr'><strong>Vulgo</strong></span> <span class='ocrx_word' id='word_1_207' title='bbox 377 2869 389 2896; x_wconf 75' lang='grc' dir='ltr'>ι</span> <span class='ocrx_word' id='word_1_208' title='bbox 408 2857 625 2911; x_wconf 72' lang='lat' dir='ltr'><strong>dmfilias</strong></span> <span class='ocrx_word' id='word_1_209' title='bbox 639 2862 677 2898; x_wconf 81' lang='lat' dir='ltr'><strong>et</strong></span> <span class='ocrx_word' id='word_1_210' title='bbox 689 2871 807 2899; x_wconf 80' lang='lat' dir='ltr'><strong>unum</strong></span> <span class='ocrx_word' id='word_1_211' title='bbox 824 2865 1005 2912; x_wconf 82' lang='lat' dir='ltr'><strong>nepotum</strong></span> <span class='ocrx_word' id='word_1_212' title='bbox 1014 2874 1108 2911; x_wconf 85' lang='lat' dir='ltr'><strong>gre-</strong></span> 
     </span>
     <span class='ocr_line' id='line_1_42' title="bbox 218 2920 1107 2973; baseline 0.01 -18"><span class='ocrx_word' id='word_1_213' title='bbox 218 2929 309 2966; x_wconf 78' lang='lat' dir='ltr'><strong>gem</strong></span> <span class='ocrx_word' id='word_1_214' title='bbox 321 2920 569 2969; x_wconf 71' lang='lat' dir='ltr'><strong>superstitem</strong></span> <span class='ocrx_word' id='word_1_215' title='bbox 583 2920 774 2961; x_wconf 79' lang='lat' dir='ltr'><strong>relictura</strong></span> <span class='ocrx_word' id='word_1_216' title='bbox 787 2928 979 2973; x_wconf 72' lang='lat' dir='ltr'><strong>permitto.</strong></span> <span class='ocrx_word' id='word_1_217' title='bbox 1009 2925 1107 2964; x_wconf 88' lang='lat' dir='ltr'><strong>Pri-</strong></span> 
     </span>
     <span class='ocr_line' id='line_1_43' title="bbox 222 2981 1104 3034; baseline 0.009 -16"><span class='ocrx_word' id='word_1_218' title='bbox 222 2991 340 3019; x_wconf 83' lang='lat' dir='ltr'><strong>orem</strong></span> <span class='ocrx_word' id='word_1_219' title='bbox 374 2981 601 3021; x_wconf 82' lang='lat' dir='ltr'><strong>lectionem</strong></span> <span class='ocrx_word' id='word_1_220' title='bbox 630 2983 839 3034; x_wconf 85' lang='lat' dir='ltr'><strong>approbo.</strong></span> <span class='ocrx_word' id='word_1_221' title='bbox 893 2985 946 3024; x_wconf 91' lang='lat' dir='ltr'><strong>In</strong></span> <span class='ocrx_word' id='word_1_222' title='bbox 978 2985 1104 3026; x_wconf 85' lang='lat' dir='ltr'><strong>Atre·</strong></span> 
     </span>
     <span class='ocr_line' id='line_1_44' title="bbox 223 3042 1108 3101; baseline 0.009 -20"><span class='ocrx_word' id='word_1_223' title='bbox 223 3042 393 3083; x_wconf 85' lang='lat' dir='ltr'><strong>batensi</strong></span> <span class='ocrx_word' id='word_1_224' title='bbox 428 3044 602 3096; x_wconf 88' lang='lat' dir='ltr'><strong>quidem</strong></span> <span class='ocrx_word' id='word_1_225' title='bbox 638 3052 685 3085; x_wconf 86' lang='lat' dir='ltr'><strong>et</strong></span> <span class='ocrx_word' id='word_1_226' title='bbox 721 3046 900 3087; x_wconf 86' lang='lat' dir='ltr'><strong>Susiano</strong></span> <span class='ocrx_word' id='word_1_227' title='bbox 933 3049 1108 3101; x_wconf 82' lang='lat' dir='ltr'><strong>legitur,</strong></span> 
     </span>
     <span class='ocr_line' id='line_1_45' title="bbox 224 3106 1106 3159; baseline 0.008 -14"><span class='ocrx_word' id='word_1_228' title='bbox 224 3118 314 3146; x_wconf 69' lang='lat' dir='ltr'><strong>uno.</strong></span> <span class='ocrx_word' id='word_1_229' title='bbox 367 3106 612 3159; x_wconf 87' lang='lat' dir='ltr'><strong>Pulmanni,</strong></span> <span class='ocrx_word' id='word_1_230' title='bbox 643 3113 689 3148; x_wconf 90' lang='lat' dir='ltr'><strong>et</strong></span> <span class='ocrx_word' id='word_1_231' title='bbox 722 3108 1004 3151; x_wconf 87' lang='lat' dir='ltr'><strong>Colonienses</strong></span> <span class='ocrx_word' id='word_1_232' title='bbox 1036 3125 1106 3152; x_wconf 87' lang='lat' dir='ltr'><strong>co-</strong></span> 
     </span>
     <span class='ocr_line' id='line_1_46' title="bbox 224 3170 1108 3228; baseline 0.007 -19"><span class='ocrx_word' id='word_1_233' title='bbox 224 3170 344 3209; x_wconf 83' lang='lat' dir='ltr'><strong>dices</strong></span> <span class='ocrx_word' id='word_1_234' title='bbox 377 3172 638 3211; x_wconf 80' lang='lat' dir='ltr'><strong>numeralem</strong></span> <span class='ocrx_word' id='word_1_235' title='bbox 675 3178 822 3212; x_wconf 89' lang='lat' dir='ltr'><strong>notam</strong></span> <span class='ocrx_word' id='word_1_236' title='bbox 857 3177 899 3213; x_wconf 81' lang='lat'><strong>7.</strong></span> <span class='ocrx_word' id='word_1_237' title='bbox 934 3174 1108 3228; x_wconf 88' lang='lat' dir='ltr'><strong>habent,</strong></span> 
     </span>
     <span class='ocr_line' id='line_1_47' title="bbox 225 3235 1108 3286; baseline 0.009 -14"><span class='ocrx_word' id='word_1_238' title='bbox 225 3245 324 3286; x_wconf 78' lang='lat' dir='ltr'><strong>quae</strong></span> <span class='ocrx_word' id='word_1_239' title='bbox 356 3246 584 3286; x_wconf 78' lang='lat' dir='ltr'><strong>perperam</strong></span> <span class='ocrx_word' id='word_1_240' title='bbox 610 3247 635 3275; x_wconf 90' lang='lat' dir='ltr'><strong>a</strong></span> <span class='ocrx_word' id='word_1_241' title='bbox 653 3235 843 3276; x_wconf 89' lang='lat' dir='ltr'><strong>librariis</strong></span> <span class='ocrx_word' id='word_1_242' title='bbox 873 3237 915 3276; x_wconf 90' lang='lat' dir='ltr'><strong>in</strong></span> <span class='ocrx_word' id='word_1_243' title='bbox 944 3251 1020 3278; x_wconf 83' lang='lat' dir='ltr'><strong>uno</strong></span> <span class='ocrx_word' id='word_1_244' title='bbox 1037 3240 1108 3280; x_wconf 86' lang='lat' dir='ltr'><strong>vel</strong></span> 
     </span>
     <span class='ocr_line' id='line_1_48' title="bbox 222 3300 828 3350; baseline 0.008 -15"><span class='ocrx_word' id='word_1_245' title='bbox 222 3308 343 3336; x_wconf 71' lang='lat' dir='ltr'><strong>unum</strong></span> <span class='ocrx_word' id='word_1_246' title='bbox 361 3302 526 3337; x_wconf 86' lang='lat' dir='ltr'><strong>mutata</strong></span> <span class='ocrx_word' id='word_1_247' title='bbox 542 3302 624 3338; x_wconf 87' lang='lat' dir='ltr'><strong>est.</strong></span> <span class='ocrx_word' id='word_1_248' title='bbox 646 3300 828 3350; x_wconf 80' lang='lat' dir='ltr'><strong>Pighius.</strong></span> 
     </span>
    </p>

    <p class='ocr_par' dir='ltr' id='par_1_6' title="bbox 230 3357 1108 3467">
     <span class='ocr_line' id='line_1_49' title="bbox 280 3357 1108 3414; baseline 0.011 -16"><span class='ocrx_word' id='word_1_249' title='bbox 280 3357 487 3411; x_wconf 72' lang='lat' dir='ltr'><strong>Sam-isque</strong></span> <span class='ocrx_word' id='word_1_250' title='bbox 502 3361 742 3414; x_wconf 72' lang='lat' dir='ltr'><strong>domesticis]</strong></span> <span class='ocrx_word' id='word_1_251' title='bbox 771 3363 834 3404; x_wconf 87' lang='lat' dir='ltr'><strong>Ut</strong></span> <span class='ocrx_word' id='word_1_252' title='bbox 853 3364 950 3405; x_wconf 87' lang='lat' dir='ltr'><strong>Diis</strong></span> <span class='ocrx_word' id='word_1_253' title='bbox 969 3366 1108 3407; x_wconf 87' lang='lat' dir='ltr'><strong>Pena·</strong></span> 
     </span>
     <span class='ocr_line' id='line_1_50' title="bbox 230 3421 771 3467; baseline 0.007 -4"><span class='ocrx_word' id='word_1_254' title='bbox 230 3421 344 3463; x_wconf 77' lang='lat' dir='ltr'><strong>tibus</strong></span> <span class='ocrx_word' id='word_1_255' title='bbox 363 3422 572 3464; x_wconf 87' lang='lat' dir='ltr'><strong>sacrificia</strong></span> <span class='ocrx_word' id='word_1_256' title='bbox 590 3424 771 3467; x_wconf 86' lang='lat' dir='ltr'><strong>faceret.</strong></span> 
     </span>
    </p>
   </div>
   <div class='ocr_carea' id='block_1_3' title="bbox 283 3483 1110 3544">
    <p class='ocr_par' dir='ltr' id='par_1_7' title="bbox 283 3483 1110 3544">
     <span class='ocr_line' id='line_1_51' title="bbox 283 3483 1110 3544; baseline 0.011 -18"><span class='ocrx_word' id='word_1_257' title='bbox 283 3483 500 3538; x_wconf 76' lang='lat' dir='ltr'><strong>Mercurio]</strong></span> <span class='ocrx_word' id='word_1_258' title='bbox 543 3488 648 3530; x_wconf 85' lang='lat' dir='ltr'><strong>Ideo</strong></span> <span class='ocrx_word' id='word_1_259' title='bbox 684 3490 905 3535; x_wconf 82' lang='lat' dir='ltr'><strong>Mercurio</strong></span> <span class='ocrx_word' id='word_1_260' title='bbox 940 3492 1110 3544; x_wconf 86' lang='lat' dir='ltr'><strong>libavit,</strong></span> 
     </span>
    </p>
   </div>
   <div class='ocr_carea' id='block_1_4' title="bbox 1876 250 2019 304">
    <p class='ocr_par' dir='ltr' id='par_1_8' title="bbox 1876 250 2019 304">
     <span class='ocr_line' id='line_1_52' title="bbox 1876 250 2019 304; baseline 0.014 -2"><span class='ocrx_word' id='word_1_261' title='bbox 1876 250 2019 304; x_wconf 76' lang='lat'>1033</span> 
     </span>
    </p>
   </div>
   <div class='ocr_carea' id='block_1_5' title="bbox 1141 381 2056 3546">
    <p class='ocr_par' dir='ltr' id='par_1_9' title="bbox 1141 381 2026 754">
     <span class='ocr_line' id='line_1_53' title="bbox 1142 381 2022 436; baseline 0 -14"><span class='ocrx_word' id='word_1_262' title='bbox 1142 384 1241 436; x_wconf 89' lang='lat' dir='ltr'><strong>quia</strong></span> <span class='ocrx_word' id='word_1_263' title='bbox 1271 384 1430 424; x_wconf 88' lang='lat' dir='ltr'><strong>dicitur</strong></span> <span class='ocrx_word' id='word_1_264' title='bbox 1456 381 1673 422; x_wconf 79' lang='lat' dir='ltr'><strong>animabus</strong></span> <span class='ocrx_word' id='word_1_265' title='bbox 1692 393 1892 433; x_wconf 84' lang='lat' dir='ltr'><strong>praeesse.</strong></span> <span class='ocrx_word' id='word_1_266' title='bbox 1922 383 2022 422; x_wconf 83' lang='lat' dir='ltr'><strong>Vir·</strong></span> 
     </span>
     <span class='ocr_line' id='line_1_54' title="bbox 1142 447 2024 500; baseline 0.001 -12"><span class='ocrx_word' id='word_1_267' title='bbox 1142 450 1265 500; x_wconf 80' lang='lat' dir='ltr'><strong>gilius</strong></span> <span class='ocrx_word' id='word_1_268' title='bbox 1300 449 1376 490; x_wconf 89' lang='lat' dir='ltr'><strong>lib.</strong></span> <span class='ocrx_word' id='word_1_269' title='bbox 1411 460 1475 489; x_wconf 78' lang='lat' dir='ltr'><strong>w.</strong></span> <span class='ocrx_word' id='word_1_270' title='bbox 1509 450 1521 472; x_wconf 89' lang='lat'>‘</span> <span class='ocrx_word' id='word_1_271' title='bbox 1554 447 1728 488; x_wconf 81' lang='lat' dir='ltr'><strong>Animas</strong></span> <span class='ocrx_word' id='word_1_272' title='bbox 1761 448 1832 487; x_wconf 85' lang='lat' dir='ltr'><strong>ille</strong></span> <span class='ocrx_word' id='word_1_273' title='bbox 1869 456 2024 490; x_wconf 89' lang='lat' dir='ltr'><strong>evocat</strong></span> 
     </span>
     <span class='ocr_line' id='line_1_55' title="bbox 1141 511 2022 563; baseline 0 -11"><span class='ocrx_word' id='word_1_274' title='bbox 1141 524 1241 552; x_wconf 90' lang='lat' dir='ltr'><strong>orco</strong></span> <span class='ocrx_word' id='word_1_275' title='bbox 1260 513 1500 563; x_wconf 81' lang='lat' dir='ltr'><strong>Pallentes,</strong></span> <span class='ocrx_word' id='word_1_276' title='bbox 1521 512 1625 552; x_wconf 83' lang='lat' dir='ltr'><strong>alias</strong></span> <span class='ocrx_word' id='word_1_277' title='bbox 1656 511 1734 551; x_wconf 86' lang='lat' dir='ltr'><strong>sub</strong></span> <span class='ocrx_word' id='word_1_278' title='bbox 1764 512 1906 552; x_wconf 79' lang='lat' dir='ltr'><strong>tristia</strong></span> <span class='ocrx_word' id='word_1_279' title='bbox 1936 518 2022 552; x_wconf 88' lang='lat' dir='ltr'><strong>tar·</strong></span> 
     </span>
     <span class='ocr_line' id='line_1_56' title="bbox 1143 574 2026 615; baseline -0.001 -1"><span class='ocrx_word' id='word_1_280' title='bbox 1143 580 1239 614; x_wconf 90' lang='lat' dir='ltr'><strong>tara</strong></span> <span class='ocrx_word' id='word_1_281' title='bbox 1282 574 1445 615; x_wconf 59' lang='lat' dir='ltr'><strong>mittite</strong></span> <span class='ocrx_word' id='word_1_282' title='bbox 1513 576 1592 614; x_wconf 87' lang='lat' dir='ltr'><strong>Est</strong></span> <span class='ocrx_word' id='word_1_283' title='bbox 1639 581 1782 614; x_wconf 87' lang='lat' dir='ltr'><strong>autem</strong></span> <span class='ocrx_word' id='word_1_284' title='bbox 1829 575 2026 614; x_wconf 86' lang='lat' dir='ltr'><strong>Deorum</strong></span> 
     </span>
     <span class='ocr_line' id='line_1_57' title="bbox 1144 638 2026 690; baseline 0.001 -14"><span class='ocrx_word' id='word_1_285' title='bbox 1144 638 1334 686; x_wconf 83' lang='lat' dir='ltr'><strong>nuntius,</strong></span> <span class='ocrx_word' id='word_1_286' title='bbox 1355 638 1428 689; x_wconf 88' lang='lat' dir='ltr'><strong>qui</strong></span> <span class='ocrx_word' id='word_1_287' title='bbox 1448 649 1531 677; x_wconf 91' lang='lat' dir='ltr'><strong>non</strong></span> <span class='ocrx_word' id='word_1_288' title='bbox 1560 638 1695 678; x_wconf 83' lang='lat' dir='ltr'><strong>solum</strong></span> <span class='ocrx_word' id='word_1_289' title='bbox 1726 639 1822 678; x_wconf 83' lang='lat' dir='ltr'><strong>Diis</strong></span> <span class='ocrx_word' id='word_1_290' title='bbox 1843 638 2026 690; x_wconf 89' lang='lat' dir='ltr'><strong>superis,</strong></span> 
     </span>
     <span class='ocr_line' id='line_1_58' title="bbox 1145 699 1813 754; baseline 0 -13"><span class='ocrx_word' id='word_1_291' title='bbox 1145 701 1220 741; x_wconf 89' lang='lat' dir='ltr'><strong>sed</strong></span> <span class='ocrx_word' id='word_1_292' title='bbox 1239 699 1386 740; x_wconf 84' lang='lat' dir='ltr'><strong>inferis</strong></span> <span class='ocrx_word' id='word_1_293' title='bbox 1401 713 1568 754; x_wconf 90' lang='lat' dir='ltr'><strong>quoque</strong></span> <span class='ocrx_word' id='word_1_294' title='bbox 1585 702 1813 742; x_wconf 85' lang='lat' dir='ltr'><strong>ministrat.</strong></span> 
     </span>
    </p>

    <p class='ocr_par' dir='ltr' id='par_1_10' title="bbox 1147 764 2039 1513">
     <span class='ocr_line' id='line_1_59' title="bbox 1200 764 2030 816; baseline 0 -12"><span class='ocrx_word' id='word_1_295' title='bbox 1200 764 1406 804; x_wconf 80' lang='lat' dir='ltr'><strong>Meliorem</strong></span> <span class='ocrx_word' id='word_1_296' title='bbox 1444 765 1565 816; x_wconf 77' lang='lat' dir='ltr'><strong>sedis]</strong></span> <span class='ocrx_word' id='word_1_297' title='bbox 1600 765 1651 804; x_wconf 90' lang='lat' dir='ltr'><strong>In</strong></span> <span class='ocrx_word' id='word_1_298' title='bbox 1689 766 1879 816; x_wconf 84' lang='lat' dir='ltr'><strong>Elysium</strong></span> <span class='ocrx_word' id='word_1_299' title='bbox 1914 776 2030 805; x_wconf 88' lang='lat' dir='ltr'><strong>cam·</strong></span> 
     </span>
     <span class='ocr_line' id='line_1_60' title="bbox 1147 828 2031 881; baseline -0.001 -13"><span class='ocrx_word' id='word_1_300' title='bbox 1147 840 1265 880; x_wconf 85' lang='lat' dir='ltr'><strong>pum,</strong></span> <span class='ocrx_word' id='word_1_301' title='bbox 1284 829 1355 881; x_wconf 91' lang='lat' dir='ltr'><strong>qui</strong></span> <span class='ocrx_word' id='word_1_302' title='bbox 1386 829 1428 867; x_wconf 88' lang='lat' dir='ltr'><strong>in</strong></span> <span class='ocrx_word' id='word_1_303' title='bbox 1449 828 1694 867; x_wconf 86' lang='lat' dir='ltr'><strong>Fortunatis</strong></span> <span class='ocrx_word' id='word_1_304' title='bbox 1723 828 1879 868; x_wconf 88' lang='lat' dir='ltr'><strong>Insulis</strong></span> <span class='ocrx_word' id='word_1_305' title='bbox 1908 828 2031 880; x_wconf 88' lang='lat' dir='ltr'><strong>poni-</strong></span> 
     </span>
     <span class='ocr_line' id='line_1_61' title="bbox 1147 891 2029 944; baseline -0.002 -12"><span class='ocrx_word' id='word_1_306' title='bbox 1147 897 1233 932; x_wconf 86' lang='lat' dir='ltr'><strong>tur.</strong></span> <span class='ocrx_word' id='word_1_307' title='bbox 1260 891 1374 931; x_wconf 88' lang='lat' dir='ltr'><strong>idem</strong></span> <span class='ocrx_word' id='word_1_308' title='bbox 1401 897 1544 931; x_wconf 86' lang='lat' dir='ltr'><strong>autem</strong></span> <span class='ocrx_word' id='word_1_309' title='bbox 1576 899 1657 940; x_wconf 80' lang='lat' dir='ltr'><strong>est,</strong></span> <span class='ocrx_word' id='word_1_310' title='bbox 1676 899 1805 944; x_wconf 87' lang='lat' dir='ltr'><strong>atque</strong></span> <span class='ocrx_word' id='word_1_311' title='bbox 1834 892 1870 931; x_wconf 86' lang='lat' dir='ltr'><strong>si</strong></span> <span class='ocrx_word' id='word_1_312' title='bbox 1889 892 2029 932; x_wconf 90' lang='lat' dir='ltr'><strong>locum</strong></span> 
     </span>
     <span class='ocr_line' id='line_1_62' title="bbox 1147 954 2033 1007; baseline -0.001 -12"><span class='ocrx_word' id='word_1_313' title='bbox 1147 956 1382 1007; x_wconf 82' lang='lat' dir='ltr'><strong>voluptatis</strong></span> <span class='ocrx_word' id='word_1_314' title='bbox 1395 955 1488 1007; x_wconf 88' lang='lat' dir='ltr'><strong>quis</strong></span> <span class='ocrx_word' id='word_1_315' title='bbox 1502 954 1635 1003; x_wconf 78' lang='lat' dir='ltr'><strong>dicat,</strong></span> <span class='ocrx_word' id='word_1_316' title='bbox 1648 955 1758 1007; x_wconf 91' lang='lat' dir='ltr'><strong>quod</strong></span> <span class='ocrx_word' id='word_1_317' title='bbox 1774 962 1817 994; x_wconf 91' lang='lat' dir='ltr'><strong>et</strong></span> <span class='ocrx_word' id='word_1_318' title='bbox 1832 955 2033 994; x_wconf 82' lang='lat' dir='ltr'><strong>Eustath.</strong></span> 
     </span>
     <span class='ocr_line' id='line_1_63' title="bbox 1149 1016 2035 1070; baseline -0.002 -12"><span class='ocrx_word' id='word_1_319' title='bbox 1149 1024 1267 1059; x_wconf 84' lang='lat' dir='ltr'><strong>recte</strong></span> <span class='ocrx_word' id='word_1_320' title='bbox 1293 1018 1555 1068; x_wconf 86' lang='lat' dir='ltr'><strong>observavit,</strong></span> <span class='ocrx_word' id='word_1_321' title='bbox 1575 1019 1647 1070; x_wconf 88' lang='lat' dir='ltr'><strong>qui</strong></span> <span class='ocrx_word' id='word_1_322' title='bbox 1673 1019 1727 1057; x_wconf 89' lang='lat' dir='ltr'><strong>ab</strong></span> <span class='ocrx_word' id='word_1_323' title='bbox 1755 1016 1878 1067; x_wconf 75' lang='grc' dir='ltr'>ἀλύω,</span> <span class='ocrx_word' id='word_1_324' title='bbox 1898 1017 2035 1070; x_wconf 77' lang='grc' dir='ltr'><strong>χαίρω,</strong></span> 
     </span>
     <span class='ocr_line' id='line_1_64' title="bbox 1150 1081 2034 1132; baseline -0.001 -11"><span class='ocrx_word' id='word_1_325' title='bbox 1150 1082 1194 1121; x_wconf 91' lang='lat' dir='ltr'><strong>id</strong></span> <span class='ocrx_word' id='word_1_326' title='bbox 1212 1088 1295 1132; x_wconf 86' lang='lat' dir='ltr'><strong>est,</strong></span> <span class='ocrx_word' id='word_1_327' title='bbox 1310 1083 1474 1132; x_wconf 82' lang='lat' dir='ltr'><strong>gaudeo,</strong></span> <span class='ocrx_word' id='word_1_328' title='bbox 1493 1081 1674 1121; x_wconf 85' lang='lat' dir='ltr'><strong>derivat.</strong></span> <span class='ocrx_word' id='word_1_329' title='bbox 1732 1083 1829 1123; x_wconf 80' lang='lat' dir='ltr'><strong>Quo</strong></span> <span class='ocrx_word' id='word_1_330' title='bbox 1861 1089 1906 1120; x_wconf 90' lang='lat' dir='ltr'><strong>et</strong></span> <span class='ocrx_word' id='word_1_331' title='bbox 1928 1082 2034 1120; x_wconf 89' lang='lat' dir='ltr'><strong>allu-</strong></span> 
     </span>
     <span class='ocr_line' id='line_1_65' title="bbox 1151 1143 2036 1198; baseline -0.003 -12"><span class='ocrx_word' id='word_1_332' title='bbox 1151 1147 1208 1186; x_wconf 89' lang='lat' dir='ltr'><strong>sit</strong></span> <span class='ocrx_word' id='word_1_333' title='bbox 1238 1147 1439 1198; x_wconf 88' lang='lat' dir='ltr'><strong>princeps</strong></span> <span class='ocrx_word' id='word_1_334' title='bbox 1472 1144 1723 1196; x_wconf 68' lang='lat' dir='ltr'><strong>Poetarum,</strong></span> <span class='ocrx_word' id='word_1_335' title='bbox 1741 1157 1838 1184; x_wconf 90' lang='lat' dir='ltr'><strong>cum</strong></span> <span class='ocrx_word' id='word_1_336' title='bbox 1866 1143 2036 1184; x_wconf 85' lang='lat' dir='ltr'><strong>AEneid.</strong></span> 
     </span>
     <span class='ocr_line' id='line_1_66' title="bbox 1151 1207 2037 1262; baseline -0.005 -12"><span class='ocrx_word' id='word_1_337' title='bbox 1151 1221 1216 1250; x_wconf 81' lang='lat' dir='ltr'><strong>vt.</strong></span> <span class='ocrx_word' id='word_1_338' title='bbox 1233 1212 1295 1250; x_wconf 88' lang='lat' dir='ltr'><strong>ita</strong></span> <span class='ocrx_word' id='word_1_339' title='bbox 1311 1210 1524 1262; x_wconf 82' lang='lat' dir='ltr'><strong>loquitur:</strong></span> <span class='ocrx_word' id='word_1_340' title='bbox 1556 1211 1568 1230; x_wconf 85' lang='lat'><strong><em>⁴</em></strong></span> <span class='ocrx_word' id='word_1_341' title='bbox 1587 1209 1811 1248; x_wconf 84' lang='lat' dir='ltr'><strong>Devenere</strong></span> <span class='ocrx_word' id='word_1_342' title='bbox 1828 1209 1944 1248; x_wconf 86' lang='lat' dir='ltr'><strong>locos</strong></span> <span class='ocrx_word' id='word_1_343' title='bbox 1962 1207 2037 1247; x_wconf 82' lang='lat' dir='ltr'><strong>lae-</strong></span> 
     </span>
     <span class='ocr_line' id='line_1_67' title="bbox 1153 1273 2037 1323; baseline -0.003 -10"><span class='ocrx_word' id='word_1_344' title='bbox 1153 1278 1236 1323; x_wconf 88' lang='lat' dir='ltr'><strong>tos,</strong></span> <span class='ocrx_word' id='word_1_345' title='bbox 1267 1280 1313 1313; x_wconf 88' lang='lat' dir='ltr'><strong>et</strong></span> <span class='ocrx_word' id='word_1_346' title='bbox 1346 1285 1512 1312; x_wconf 84' lang='lat' dir='ltr'><strong>amoeua</strong></span> <span class='ocrx_word' id='word_1_347' title='bbox 1541 1273 1679 1312; x_wconf 84' lang='lat' dir='ltr'><strong>vireta</strong></span> <span class='ocrx_word' id='word_1_348' title='bbox 1706 1273 2037 1312; x_wconf 87' lang='lat' dir='ltr'><strong>Fortunatorum</strong></span> 
     </span>
     <span class='ocr_line' id='line_1_68' title="bbox 1154 1334 2035 1387; baseline 0 -13"><span class='ocrx_word' id='word_1_349' title='bbox 1154 1348 1388 1387; x_wconf 88' lang='lat' dir='ltr'><strong>nemorum,</strong></span> <span class='ocrx_word' id='word_1_350' title='bbox 1422 1335 1631 1387; x_wconf 84' lang='lat' dir='ltr'><strong>sedesque</strong></span> <span class='ocrx_word' id='word_1_351' title='bbox 1671 1334 1853 1374; x_wconf 86' lang='lat' dir='ltr'><strong>beatas.&#39;</strong></span> <span class='ocrx_word' id='word_1_352' title='bbox 1897 1334 2035 1374; x_wconf 60' lang='lat' dir='ltr'><strong>Item‘z</strong></span> 
     </span>
     <span class='ocr_line' id='line_1_69' title="bbox 1154 1399 2039 1451; baseline -0.002 -12"><span class='ocrx_word' id='word_1_353' title='bbox 1154 1400 1166 1422; x_wconf 88' lang='lat'>‘</span> <span class='ocrx_word' id='word_1_354' title='bbox 1190 1400 1359 1440; x_wconf 88' lang='lat' dir='ltr'><strong>Exinde</strong></span> <span class='ocrx_word' id='word_1_355' title='bbox 1381 1412 1456 1451; x_wconf 86' lang='lat' dir='ltr'><strong>per</strong></span> <span class='ocrx_word' id='word_1_356' title='bbox 1476 1400 1662 1450; x_wconf 86' lang='lat' dir='ltr'><strong>amplum</strong></span> <span class='ocrx_word' id='word_1_357' title='bbox 1697 1399 1914 1439; x_wconf 84' lang='lat' dir='ltr'><strong>Mittimur</strong></span> <span class='ocrx_word' id='word_1_358' title='bbox 1939 1399 2039 1451; x_wconf 85' lang='lat' dir='ltr'><strong>Ely-</strong></span> 
     </span>
     <span class='ocr_line' id='line_1_70' title="bbox 1154 1462 1977 1513; baseline 0.001 -12"><span class='ocrx_word' id='word_1_359' title='bbox 1154 1463 1276 1512; x_wconf 78' lang='lat' dir='ltr'><strong>sium,</strong></span> <span class='ocrx_word' id='word_1_360' title='bbox 1295 1469 1340 1502; x_wconf 91' lang='lat' dir='ltr'><strong>et</strong></span> <span class='ocrx_word' id='word_1_361' title='bbox 1361 1463 1484 1513; x_wconf 89' lang='lat' dir='ltr'><strong>pauci</strong></span> <span class='ocrx_word' id='word_1_362' title='bbox 1508 1463 1608 1502; x_wconf 83' lang='lat' dir='ltr'><strong>laeta</strong></span> <span class='ocrx_word' id='word_1_363' title='bbox 1628 1475 1728 1501; x_wconf 84' lang='lat' dir='ltr'><strong>arva</strong></span> <span class='ocrx_word' id='word_1_364' title='bbox 1751 1462 1977 1502; x_wconf 90' lang='lat' dir='ltr'><strong>tenemus.&#39;</strong></span> 
     </span>
    </p>

    <p class='ocr_par' dir='ltr' id='par_1_11' title="bbox 1154 1526 2043 1822">
     <span class='ocr_line' id='line_1_71' title="bbox 1211 1526 2041 1577; baseline 0.002 -13"><span class='ocrx_word' id='word_1_365' title='bbox 1211 1526 1562 1576; x_wconf 81' lang='lat' dir='ltr'><strong>Opprimendorum</strong></span> <span class='ocrx_word' id='word_1_366' title='bbox 1587 1526 1801 1577; x_wconf 79' lang='lat' dir='ltr'><strong>oculorum]</strong></span> <span class='ocrx_word' id='word_1_367' title='bbox 1830 1526 2041 1566; x_wconf 86' lang='lat' dir='ltr'><strong>Clauden-</strong></span> 
     </span>
     <span class='ocr_line' id='line_1_72' title="bbox 1154 1589 2043 1643; baseline 0.003 -15"><span class='ocrx_word' id='word_1_368' title='bbox 1154 1589 1302 1628; x_wconf 87' lang='lat' dir='ltr'><strong>dorum</strong></span> <span class='ocrx_word' id='word_1_369' title='bbox 1330 1591 1561 1630; x_wconf 87' lang='lat' dir='ltr'><strong>oculorum.</strong></span> <span class='ocrx_word' id='word_1_370' title='bbox 1619 1592 1852 1643; x_wconf 71' lang='lat' dir='ltr'><strong>Virgilius:</strong></span> <span class='ocrx_word' id='word_1_371' title='bbox 1883 1592 1895 1613; x_wconf 92' lang='lat'>‘</span> <span class='ocrx_word' id='word_1_372' title='bbox 1913 1592 2043 1631; x_wconf 88' lang='lat' dir='ltr'><strong>Pres-</strong></span> 
     </span>
     <span class='ocr_line' id='line_1_73' title="bbox 1154 1652 2042 1703; baseline 0.003 -13"><span class='ocrx_word' id='word_1_373' title='bbox 1154 1652 1245 1691; x_wconf 79' lang='lat' dir='ltr'><strong>sive</strong></span> <span class='ocrx_word' id='word_1_374' title='bbox 1261 1653 1426 1703; x_wconf 88' lang='lat' dir='ltr'><strong>oculos,</strong></span> <span class='ocrx_word' id='word_1_375' title='bbox 1443 1660 1487 1692; x_wconf 80' lang='lat' dir='ltr'><strong>et</strong></span> <span class='ocrx_word' id='word_1_376' title='bbox 1509 1654 1687 1692; x_wconf 83' lang='lat' dir='ltr'><strong>vulnera</strong></span> <span class='ocrx_word' id='word_1_377' title='bbox 1704 1653 1816 1692; x_wconf 86' lang='lat' dir='ltr'><strong>lavi.’</strong></span> <span class='ocrx_word' id='word_1_378' title='bbox 1852 1655 2042 1693; x_wconf 87' lang='lat' dir='ltr'><strong>Consue-</strong></span> 
     </span>
     <span class='ocr_line' id='line_1_74' title="bbox 1158 1717 2043 1771; baseline 0.005 -16"><span class='ocrx_word' id='word_1_379' title='bbox 1158 1717 1260 1756; x_wconf 87' lang='lat' dir='ltr'><strong>tudo</strong></span> <span class='ocrx_word' id='word_1_380' title='bbox 1279 1717 1390 1756; x_wconf 86' lang='lat' dir='ltr'><strong>enim</strong></span> <span class='ocrx_word' id='word_1_381' title='bbox 1411 1723 1524 1765; x_wconf 85' lang='lat' dir='ltr'><strong>erat,</strong></span> <span class='ocrx_word' id='word_1_382' title='bbox 1544 1723 1590 1758; x_wconf 89' lang='lat' dir='ltr'><strong>ut</strong></span> <span class='ocrx_word' id='word_1_383' title='bbox 1619 1719 1952 1771; x_wconf 84' lang='lat' dir='ltr'><strong>propinquiores</strong></span> <span class='ocrx_word' id='word_1_384' title='bbox 1980 1720 2043 1759; x_wconf 90' lang='lat' dir='ltr'><strong>lu-</strong></span> 
     </span>
     <span class='ocr_line' id='line_1_75' title="bbox 1155 1780 1558 1822; baseline 0.002 -2"><span class='ocrx_word' id='word_1_385' title='bbox 1155 1781 1270 1820; x_wconf 85' lang='lat' dir='ltr'><strong>mina</strong></span> <span class='ocrx_word' id='word_1_386' title='bbox 1290 1780 1558 1822; x_wconf 81' lang='lat' dir='ltr'><strong>clauderent.</strong></span> 
     </span>
    </p>

    <p class='ocr_par' dir='ltr' id='par_1_12' title="bbox 1157 1845 2055 3028">
     <span class='ocr_line' id='line_1_76' title="bbox 1210 1845 2044 1898; baseline 0.007 -16"><span class='ocrx_word' id='word_1_387' title='bbox 1210 1845 1298 1895; x_wconf 72' lang='lat'><strong>§10</strong></span> <span class='ocrx_word' id='word_1_388' title='bbox 1329 1845 1520 1884; x_wconf 74' lang='lat' dir='ltr'><strong>Pecunias</strong></span> <span class='ocrx_word' id='word_1_389' title='bbox 1538 1847 1709 1898; x_wconf 80' lang='lat' dir='ltr'><strong>mutuas]</strong></span> <span class='ocrx_word' id='word_1_390' title='bbox 1738 1846 1856 1885; x_wconf 79' lang='lat' dir='ltr'><strong>Mela</strong></span> <span class='ocrx_word' id='word_1_391' title='bbox 1877 1846 1949 1888; x_wconf 87' lang='lat' dir='ltr'><strong>lib.</strong></span> <span class='ocrx_word' id='word_1_392' title='bbox 1971 1859 2044 1888; x_wconf 86' lang='lat'><strong>111.</strong></span> 
     </span>
     <span class='ocr_line' id='line_1_77' title="bbox 1157 1907 2046 1960; baseline 0.004 -14"><span class='ocrx_word' id='word_1_393' title='bbox 1157 1919 1252 1958; x_wconf 89' lang='lat' dir='ltr'><strong>cap.</strong></span> <span class='ocrx_word' id='word_1_394' title='bbox 1271 1910 1313 1946; x_wconf 81' lang='lat'><strong>2.</strong></span> <span class='ocrx_word' id='word_1_395' title='bbox 1342 1907 1416 1946; x_wconf 90' lang='lat' dir='ltr'><strong>ubi</strong></span> <span class='ocrx_word' id='word_1_396' title='bbox 1445 1907 1500 1947; x_wconf 88' lang='lat' dir='ltr'><strong>de</strong></span> <span class='ocrx_word' id='word_1_397' title='bbox 1532 1909 1809 1960; x_wconf 86' lang='lat' dir='ltr'><strong>Druydibus:</strong></span> <span class='ocrx_word' id='word_1_398' title='bbox 1838 1911 1851 1932; x_wconf 91' lang='lat'>‘</span> <span class='ocrx_word' id='word_1_399' title='bbox 1874 1911 2046 1951; x_wconf 85' lang='lat' dir='ltr'><strong>Docent</strong></span> 
     </span>
     <span class='ocr_line' id='line_1_78' title="bbox 1158 1971 2049 2026; baseline 0.004 -16"><span class='ocrx_word' id='word_1_400' title='bbox 1158 1971 1295 2010; x_wconf 89' lang='lat' dir='ltr'><strong>multa</strong></span> <span class='ocrx_word' id='word_1_401' title='bbox 1313 1971 1598 2012; x_wconf 85' lang='lat' dir='ltr'><strong>nobilissimos</strong></span> <span class='ocrx_word' id='word_1_402' title='bbox 1614 1973 1754 2023; x_wconf 86' lang='lat' dir='ltr'><strong>gentis</strong></span> <span class='ocrx_word' id='word_1_403' title='bbox 1767 1974 1878 2013; x_wconf 87' lang='lat' dir='ltr'><strong>clam</strong></span> <span class='ocrx_word' id='word_1_404' title='bbox 1898 1981 1943 2014; x_wconf 83' lang='lat' dir='ltr'><strong>et</strong></span> <span class='ocrx_word' id='word_1_405' title='bbox 1958 1974 2049 2026; x_wconf 88' lang='lat' dir='ltr'><strong>diu,</strong></span> 
     </span>
     <span class='ocr_line' id='line_1_79' title="bbox 1159 2033 2046 2087; baseline 0.008 -15"><span class='ocrx_word' id='word_1_406' title='bbox 1159 2033 1322 2074; x_wconf 89' lang='lat' dir='ltr'><strong>vicenis</strong></span> <span class='ocrx_word' id='word_1_407' title='bbox 1343 2035 1462 2074; x_wconf 88' lang='lat' dir='ltr'><strong>aunis</strong></span> <span class='ocrx_word' id='word_1_408' title='bbox 1495 2035 1538 2074; x_wconf 90' lang='lat' dir='ltr'><strong>in</strong></span> <span class='ocrx_word' id='word_1_409' title='bbox 1558 2049 1690 2087; x_wconf 86' lang='lat' dir='ltr'><strong>specu</strong></span> <span class='ocrx_word' id='word_1_410' title='bbox 1719 2038 1854 2077; x_wconf 88' lang='lat' dir='ltr'><strong>autin</strong></span> <span class='ocrx_word' id='word_1_411' title='bbox 1886 2038 2046 2079; x_wconf 88' lang='lat' dir='ltr'><strong>abditis</strong></span> 
     </span>
     <span class='ocr_line' id='line_1_80' title="bbox 1160 2099 2048 2155; baseline 0.006 -17"><span class='ocrx_word' id='word_1_412' title='bbox 1160 2099 1352 2141; x_wconf 83' lang='lat' dir='ltr'><strong>saltibus.</strong></span> <span class='ocrx_word' id='word_1_413' title='bbox 1406 2102 1548 2140; x_wconf 87' lang='lat' dir='ltr'><strong>Unum</strong></span> <span class='ocrx_word' id='word_1_414' title='bbox 1569 2114 1624 2141; x_wconf 89' lang='lat' dir='ltr'><strong>ex</strong></span> <span class='ocrx_word' id='word_1_415' title='bbox 1649 2102 1700 2142; x_wconf 89' lang='lat' dir='ltr'><strong>iis</strong></span> <span class='ocrx_word' id='word_1_416' title='bbox 1720 2116 1816 2154; x_wconf 87' lang='lat' dir='ltr'><strong>quae</strong></span> <span class='ocrx_word' id='word_1_417' title='bbox 1844 2103 2048 2155; x_wconf 85' lang='lat' dir='ltr'><strong>praecipi-</strong></span> 
     </span>
     <span class='ocr_line' id='line_1_81' title="bbox 1162 2163 2049 2216; baseline 0.006 -14"><span class='ocrx_word' id='word_1_418' title='bbox 1162 2169 1240 2203; x_wconf 89' lang='lat' dir='ltr'><strong>unt</strong></span> <span class='ocrx_word' id='word_1_419' title='bbox 1258 2164 1302 2202; x_wconf 87' lang='lat' dir='ltr'><strong>in</strong></span> <span class='ocrx_word' id='word_1_420' title='bbox 1323 2164 1473 2214; x_wconf 86' lang='lat' dir='ltr'><strong>vulgus</strong></span> <span class='ocrx_word' id='word_1_421' title='bbox 1508 2163 1662 2216; x_wconf 87' lang='lat' dir='ltr'><strong>effluit,</strong></span> <span class='ocrx_word' id='word_1_422' title='bbox 1684 2166 1890 2207; x_wconf 88' lang='lat' dir='ltr'><strong>videlicet</strong></span> <span class='ocrx_word' id='word_1_423' title='bbox 1919 2174 1968 2207; x_wconf 93' lang='lat' dir='ltr'><strong>ut</strong></span> <span class='ocrx_word' id='word_1_424' title='bbox 1987 2165 2049 2207; x_wconf 86' lang='lat' dir='ltr'><strong>fo-</strong></span> 
     </span>
     <span class='ocr_line' id='line_1_82' title="bbox 1163 2226 2049 2280; baseline 0.006 -15"><span class='ocrx_word' id='word_1_425' title='bbox 1163 2232 1261 2265; x_wconf 86' lang='lat' dir='ltr'><strong>rent</strong></span> <span class='ocrx_word' id='word_1_426' title='bbox 1291 2226 1344 2266; x_wconf 90' lang='lat' dir='ltr'><strong>ad</strong></span> <span class='ocrx_word' id='word_1_427' title='bbox 1364 2227 1478 2266; x_wconf 84' lang='lat' dir='ltr'><strong>bella</strong></span> <span class='ocrx_word' id='word_1_428' title='bbox 1508 2229 1723 2280; x_wconf 82' lang='lat' dir='ltr'><strong>meliores,</strong></span> <span class='ocrx_word' id='word_1_429' title='bbox 1744 2235 1926 2269; x_wconf 81' lang='lat' dir='ltr'><strong>aeternas</strong></span> <span class='ocrx_word' id='word_1_430' title='bbox 1954 2242 2049 2270; x_wconf 88' lang='lat' dir='ltr'><strong>esse</strong></span> 
     </span>
     <span class='ocr_line' id='line_1_83' title="bbox 1164 2289 2048 2344; baseline 0.007 -17"><span class='ocrx_word' id='word_1_431' title='bbox 1164 2289 1324 2328; x_wconf 86' lang='lat' dir='ltr'><strong>animas</strong></span> <span class='ocrx_word' id='word_1_432' title='bbox 1346 2290 1562 2342; x_wconf 85' lang='lat' dir='ltr'><strong>vitamque</strong></span> <span class='ocrx_word' id='word_1_433' title='bbox 1582 2292 1762 2331; x_wconf 86' lang='lat' dir='ltr'><strong>alteram</strong></span> <span class='ocrx_word' id='word_1_434' title='bbox 1784 2293 1917 2344; x_wconf 79' lang='lat' dir='ltr'><strong>sequi.</strong></span> <span class='ocrx_word' id='word_1_435' title='bbox 1960 2293 2048 2333; x_wconf 87' lang='lat' dir='ltr'><strong>lta-</strong></span> 
     </span>
     <span class='ocr_line' id='line_1_84' title="bbox 1165 2355 2051 2403; baseline 0.009 -14"><span class='ocrx_word' id='word_1_436' title='bbox 1165 2363 1248 2403; x_wconf 91' lang='lat' dir='ltr'><strong>que</strong></span> <span class='ocrx_word' id='word_1_437' title='bbox 1267 2364 1363 2391; x_wconf 90' lang='lat' dir='ltr'><strong>cum</strong></span> <span class='ocrx_word' id='word_1_438' title='bbox 1383 2358 1571 2392; x_wconf 84' lang='lat' dir='ltr'><strong>mortuos</strong></span> <span class='ocrx_word' id='word_1_439' title='bbox 1599 2362 1792 2398; x_wconf 86' lang='lat' dir='ltr'><strong>cremant</strong></span> <span class='ocrx_word' id='word_1_440' title='bbox 1812 2369 1861 2396; x_wconf 89' lang='lat' dir='ltr'><strong>ac</strong></span> <span class='ocrx_word' id='word_1_441' title='bbox 1882 2355 2051 2397; x_wconf 89' lang='lat' dir='ltr'><strong>defodi-</strong></span> 
     </span>
     <span class='ocr_line' id='line_1_85' title="bbox 1167 2415 2051 2470; baseline 0.009 -18"><span class='ocrx_word' id='word_1_442' title='bbox 1167 2420 1262 2465; x_wconf 89' lang='lat' dir='ltr'><strong>unt,</strong></span> <span class='ocrx_word' id='word_1_443' title='bbox 1283 2419 1384 2466; x_wconf 85' lang='lat' dir='ltr'><strong>apta</strong></span> <span class='ocrx_word' id='word_1_444' title='bbox 1399 2415 1644 2455; x_wconf 88' lang='lat' dir='ltr'><strong>viventibus</strong></span> <span class='ocrx_word' id='word_1_445' title='bbox 1662 2417 1762 2457; x_wconf 90' lang='lat' dir='ltr'><strong>olim</strong></span> <span class='ocrx_word' id='word_1_446' title='bbox 1782 2420 2051 2470; x_wconf 82' lang='lat' dir='ltr'><strong>negotiorum</strong></span> 
     </span>
     <span class='ocr_line' id='line_1_86' title="bbox 1166 2477 2052 2522; baseline 0.007 -6"><span class='ocrx_word' id='word_1_447' title='bbox 1166 2478 1275 2517; x_wconf 87' lang='lat' dir='ltr'><strong>ratio</strong></span> <span class='ocrx_word' id='word_1_448' title='bbox 1293 2477 1423 2517; x_wconf 86' lang='lat' dir='ltr'><strong>etiam</strong></span> <span class='ocrx_word' id='word_1_449' title='bbox 1451 2484 1495 2518; x_wconf 89' lang='lat' dir='ltr'><strong>et</strong></span> <span class='ocrx_word' id='word_1_450' title='bbox 1515 2480 1687 2519; x_wconf 87' lang='lat' dir='ltr'><strong>exactio</strong></span> <span class='ocrx_word' id='word_1_451' title='bbox 1706 2481 1863 2522; x_wconf 89' lang='lat' dir='ltr'><strong>crediti</strong></span> <span class='ocrx_word' id='word_1_452' title='bbox 1881 2481 2052 2522; x_wconf 85' lang='lat' dir='ltr'><strong>defere-</strong></span> 
     </span>
     <span class='ocr_line' id='line_1_87' title="bbox 1168 2539 2051 2597; baseline 0.006 -17"><span class='ocrx_word' id='word_1_453' title='bbox 1168 2539 1324 2581; x_wconf 65' lang='lat' dir='ltr'><strong>batur!</strong></span> <span class='ocrx_word' id='word_1_454' title='bbox 1380 2540 1452 2579; x_wconf 92' lang='lat' dir='ltr'><strong>De</strong></span> <span class='ocrx_word' id='word_1_455' title='bbox 1469 2541 1574 2581; x_wconf 83' lang='lat' dir='ltr'><strong>istac</strong></span> <span class='ocrx_word' id='word_1_456' title='bbox 1594 2543 1823 2583; x_wconf 88' lang='lat' dir='ltr'><strong>exactione</strong></span> <span class='ocrx_word' id='word_1_457' title='bbox 1842 2556 2051 2597; x_wconf 85' lang='lat' dir='ltr'><strong>nusquam</strong></span> 
     </span>
     <span class='ocr_line' id='line_1_88' title="bbox 1165 2604 2051 2656; baseline 0.006 -12"><span class='ocrx_word' id='word_1_458' title='bbox 1165 2604 1269 2656; x_wconf 89' lang='lat' dir='ltr'><strong>legi,</strong></span> <span class='ocrx_word' id='word_1_459' title='bbox 1302 2611 1463 2656; x_wconf 81' lang='lat' dir='ltr'><strong>praeter</strong></span> <span class='ocrx_word' id='word_1_460' title='bbox 1495 2605 1610 2656; x_wconf 87' lang='lat' dir='ltr'><strong>apud</strong></span> <span class='ocrx_word' id='word_1_461' title='bbox 1642 2606 1859 2647; x_wconf 89' lang='lat' dir='ltr'><strong>Valerium</strong></span> <span class='ocrx_word' id='word_1_462' title='bbox 1888 2615 1933 2648; x_wconf 88' lang='lat' dir='ltr'><strong>et</strong></span> <span class='ocrx_word' id='word_1_463' title='bbox 1957 2608 2051 2649; x_wconf 88' lang='lat' dir='ltr'><strong>Me-</strong></span> 
     </span>
     <span class='ocr_line' id='line_1_89' title="bbox 1167 2667 2053 2720; baseline 0.006 -14"><span class='ocrx_word' id='word_1_464' title='bbox 1167 2667 1267 2708; x_wconf 88' lang='lat' dir='ltr'><strong>lam.</strong></span> <span class='ocrx_word' id='word_1_465' title='bbox 1322 2667 1389 2706; x_wconf 88' lang='lat' dir='ltr'><strong>De</strong></span> <span class='ocrx_word' id='word_1_466' title='bbox 1420 2667 1594 2720; x_wconf 90' lang='lat' dir='ltr'><strong>reliquis</strong></span> <span class='ocrx_word' id='word_1_467' title='bbox 1623 2669 1930 2710; x_wconf 84' lang='lat' dir='ltr'><strong>Braccatorum</strong></span> <span class='ocrx_word' id='word_1_468' title='bbox 1961 2671 2053 2712; x_wconf 87' lang='lat' dir='ltr'><strong>sive</strong></span> 
     </span>
     <span class='ocr_line' id='line_1_90' title="bbox 1170 2730 2055 2782; baseline 0.007 -13"><span class='ocrx_word' id='word_1_469' title='bbox 1170 2730 1447 2782; x_wconf 87' lang='lat' dir='ltr'><strong>Druydarum</strong></span> <span class='ocrx_word' id='word_1_470' title='bbox 1510 2731 1693 2772; x_wconf 84' lang='lat' dir='ltr'><strong>Placitis</strong></span> <span class='ocrx_word' id='word_1_471' title='bbox 1747 2735 2055 2775; x_wconf 87' lang='lat' dir='ltr'><strong>convenienter</strong></span> 
     </span>
     <span class='ocr_line' id='line_1_91' title="bbox 1168 2794 2055 2849; baseline 0.006 -15"><span class='ocrx_word' id='word_1_472' title='bbox 1168 2794 1348 2835; x_wconf 87' lang='lat' dir='ltr'><strong>tradunt</strong></span> <span class='ocrx_word' id='word_1_473' title='bbox 1365 2794 1522 2835; x_wconf 89' lang='lat' dir='ltr'><strong>Strabo</strong></span> <span class='ocrx_word' id='word_1_474' title='bbox 1541 2795 1617 2836; x_wconf 89' lang='lat' dir='ltr'><strong>lib.</strong></span> <span class='ocrx_word' id='word_1_475' title='bbox 1631 2808 1692 2837; x_wconf 78' lang='lat' dir='ltr'><strong>tv.</strong></span> <span class='ocrx_word' id='word_1_476' title='bbox 1710 2798 1940 2849; x_wconf 87' lang='lat' dir='ltr'><strong>Diodorus,</strong></span> <span class='ocrx_word' id='word_1_477' title='bbox 1953 2798 2055 2839; x_wconf 90' lang='lat' dir='ltr'><strong>Am·</strong></span> 
     </span>
     <span class='ocr_line' id='line_1_92' title="bbox 1169 2861 2053 2914; baseline 0.003 -13"><span class='ocrx_word' id='word_1_478' title='bbox 1169 2861 1350 2910; x_wconf 88' lang='lat' dir='ltr'><strong>miauus,</strong></span> <span class='ocrx_word' id='word_1_479' title='bbox 1371 2861 1461 2902; x_wconf 85' lang='lat' dir='ltr'><strong>alii.</strong></span> <span class='ocrx_word' id='word_1_480' title='bbox 1481 2862 1548 2901; x_wconf 93' lang='lat' dir='ltr'><strong>De</strong></span> <span class='ocrx_word' id='word_1_481' title='bbox 1566 2861 1834 2914; x_wconf 85' lang='lat' dir='ltr'><strong>Pythagora,</strong></span> <span class='ocrx_word' id='word_1_482' title='bbox 1853 2864 1958 2903; x_wconf 87' lang='lat' dir='ltr'><strong>nulli</strong></span> <span class='ocrx_word' id='word_1_483' title='bbox 1979 2875 2053 2904; x_wconf 90' lang='lat' dir='ltr'><strong>no-</strong></span> 
     </span>
     <span class='ocr_line' id='line_1_93' title="bbox 1170 2925 2054 2976; baseline 0.003 -12"><span class='ocrx_word' id='word_1_484' title='bbox 1170 2931 1216 2964; x_wconf 88' lang='lat' dir='ltr'><strong>ta</strong></span> <span class='ocrx_word' id='word_1_485' title='bbox 1234 2925 1371 2976; x_wconf 86' lang='lat' dir='ltr'><strong>magis</strong></span> <span class='ocrx_word' id='word_1_486' title='bbox 1390 2925 1540 2964; x_wconf 88' lang='lat' dir='ltr'><strong>domus</strong></span> <span class='ocrx_word' id='word_1_487' title='bbox 1561 2932 1629 2966; x_wconf 85' lang='lat' dir='ltr'><strong>est</strong></span> <span class='ocrx_word' id='word_1_488' title='bbox 1650 2938 1740 2976; x_wconf 89' lang='lat' dir='ltr'><strong>sna,</strong></span> <span class='ocrx_word' id='word_1_489' title='bbox 1760 2932 1808 2966; x_wconf 92' lang='lat' dir='ltr'><strong>ut</strong></span> <span class='ocrx_word' id='word_1_490' title='bbox 1837 2927 1897 2967; x_wconf 89' lang='lat' dir='ltr'><strong>ait</strong></span> <span class='ocrx_word' id='word_1_491' title='bbox 1922 2927 2054 2968; x_wconf 86' lang='lat' dir='ltr'><strong>Juve-</strong></span> 
     </span>
     <span class='ocr_line' id='line_1_94' title="bbox 1165 2988 1663 3028; baseline 0.004 -1"><span class='ocrx_word' id='word_1_492' title='bbox 1165 2989 1289 3028; x_wconf 85' lang='lat' dir='ltr'><strong>nalis.</strong></span> <span class='ocrx_word' id='word_1_493' title='bbox 1344 2988 1472 3028; x_wconf 80' lang='lat' dir='ltr'><strong>Coler.</strong></span> <span class='ocrx_word' id='word_1_494' title='bbox 1658 2997 1663 2999; x_wconf 63' lang='grc'><em>“</em></span> 
     </span>
    </p>

    <p class='ocr_par' dir='ltr' id='par_1_13' title="bbox 1166 3051 2056 3546">
     <span class='ocr_line' id='line_1_95' title="bbox 1221 3051 2055 3105; baseline 0.004 -14"><span class='ocrx_word' id='word_1_495' title='bbox 1221 3051 1431 3105; x_wconf 79' lang='lat' dir='ltr'><strong>Bruccati]</strong></span> <span class='ocrx_word' id='word_1_496' title='bbox 1461 3051 1593 3092; x_wconf 81' lang='lat' dir='ltr'><strong>Gaui.</strong></span> <span class='ocrx_word' id='word_1_497' title='bbox 1620 3052 1734 3092; x_wconf 89' lang='lat' dir='ltr'><strong>Tota</strong></span> <span class='ocrx_word' id='word_1_498' title='bbox 1770 3053 1871 3092; x_wconf 91' lang='lat' dir='ltr'><strong>olim</strong></span> <span class='ocrx_word' id='word_1_499' title='bbox 1907 3054 2055 3094; x_wconf 84' lang='lat' dir='ltr'><strong>Gallia</strong></span> 
     </span>
     <span class='ocr_line' id='line_1_96' title="bbox 1168 3114 2052 3170; baseline 0.003 -16"><span class='ocrx_word' id='word_1_500' title='bbox 1168 3115 1209 3154; x_wconf 87' lang='lat' dir='ltr'><strong>in</strong></span> <span class='ocrx_word' id='word_1_501' title='bbox 1239 3119 1326 3155; x_wconf 85' lang='lat' dir='ltr'><strong>tres</strong></span> <span class='ocrx_word' id='word_1_502' title='bbox 1351 3122 1499 3166; x_wconf 86' lang='lat' dir='ltr'><strong>partes</strong></span> <span class='ocrx_word' id='word_1_503' title='bbox 1530 3114 1686 3165; x_wconf 83' lang='lat' dir='ltr'><strong>divisa,</strong></span> <span class='ocrx_word' id='word_1_504' title='bbox 1703 3117 1929 3168; x_wconf 87' lang='lat' dir='ltr'><strong>Togatam,</strong></span> <span class='ocrx_word' id='word_1_505' title='bbox 1956 3129 2052 3170; x_wconf 80' lang='lat' dir='ltr'><strong>quae</strong></span> 
     </span>
     <span class='ocr_line' id='line_1_97' title="bbox 1168 3177 2056 3232; baseline 0.001 -14"><span class='ocrx_word' id='word_1_506' title='bbox 1168 3185 1214 3218; x_wconf 89' lang='lat' dir='ltr'><strong>et</strong></span> <span class='ocrx_word' id='word_1_507' title='bbox 1228 3179 1460 3231; x_wconf 84' lang='lat' dir='ltr'><strong>Cisalpina,</strong></span> <span class='ocrx_word' id='word_1_508' title='bbox 1476 3184 1522 3219; x_wconf 93' lang='lat' dir='ltr'><strong>et</strong></span> <span class='ocrx_word' id='word_1_509' title='bbox 1541 3177 1726 3231; x_wconf 90' lang='lat' dir='ltr'><strong>Alpibus</strong></span> <span class='ocrx_word' id='word_1_510' title='bbox 1744 3179 1967 3232; x_wconf 67' lang='lat' dir='ltr'><strong>Italiaeque</strong></span> <span class='ocrx_word' id='word_1_511' title='bbox 1981 3192 2056 3219; x_wconf 92' lang='lat' dir='ltr'><strong>an·</strong></span> 
     </span>
     <span class='ocr_line' id='line_1_98' title="bbox 1168 3242 2056 3295; baseline 0.001 -12"><span class='ocrx_word' id='word_1_512' title='bbox 1168 3243 1290 3295; x_wconf 90' lang='lat' dir='ltr'><strong>tiquo</strong></span> <span class='ocrx_word' id='word_1_513' title='bbox 1312 3244 1446 3284; x_wconf 86' lang='lat' dir='ltr'><strong>limite</strong></span> <span class='ocrx_word' id='word_1_514' title='bbox 1466 3243 1691 3283; x_wconf 88' lang='lat' dir='ltr'><strong>Rubicone</strong></span> <span class='ocrx_word' id='word_1_515' title='bbox 1718 3242 1890 3282; x_wconf 78' lang='lat' dir='ltr'><strong>flumine</strong></span> <span class='ocrx_word' id='word_1_516' title='bbox 1911 3244 2056 3284; x_wconf 84' lang='lat' dir='ltr'><strong>termi-</strong></span> 
     </span>
     <span class='ocr_line' id='line_1_99' title="bbox 1166 3306 2056 3357; baseline 0.004 -13"><span class='ocrx_word' id='word_1_517' title='bbox 1166 3311 1320 3356; x_wconf 89' lang='lat' dir='ltr'><strong>natur;</strong></span> <span class='ocrx_word' id='word_1_518' title='bbox 1350 3306 1588 3356; x_wconf 88' lang='lat' dir='ltr'><strong>Comatam,</strong></span> <span class='ocrx_word' id='word_1_519' title='bbox 1616 3318 1713 3357; x_wconf 88' lang='lat' dir='ltr'><strong>quae</strong></span> <span class='ocrx_word' id='word_1_520' title='bbox 1741 3307 1876 3344; x_wconf 88' lang='lat' dir='ltr'><strong>omnis</strong></span> <span class='ocrx_word' id='word_1_521' title='bbox 1895 3306 2056 3348; x_wconf 82' lang='lat' dir='ltr'><strong>Trans-</strong></span> 
     </span>
     <span class='ocr_line' id='line_1_100' title="bbox 1169 3369 2055 3421; baseline 0.003 -13"><span class='ocrx_word' id='word_1_522' title='bbox 1169 3369 1314 3420; x_wconf 83' lang='lat' dir='ltr'><strong>alpina</strong></span> <span class='ocrx_word' id='word_1_523' title='bbox 1333 3369 1493 3420; x_wconf 83' lang='lat' dir='ltr'><strong>Gallia,</strong></span> <span class='ocrx_word' id='word_1_524' title='bbox 1507 3375 1553 3409; x_wconf 90' lang='lat' dir='ltr'><strong>et</strong></span> <span class='ocrx_word' id='word_1_525' title='bbox 1579 3370 1731 3408; x_wconf 89' lang='lat' dir='ltr'><strong>iterum</strong></span> <span class='ocrx_word' id='word_1_526' title='bbox 1753 3369 1795 3407; x_wconf 90' lang='lat' dir='ltr'><strong>in</strong></span> <span class='ocrx_word' id='word_1_527' title='bbox 1816 3370 2055 3421; x_wconf 85' lang='lat' dir='ltr'><strong>Belgicam,</strong></span> 
     </span>
     <span class='ocr_line' id='line_1_101' title="bbox 1168 3430 2054 3483; baseline 0.001 -11"><span class='ocrx_word' id='word_1_528' title='bbox 1168 3433 1396 3483; x_wconf 85' lang='lat' dir='ltr'><strong>Celticam,</strong></span> <span class='ocrx_word' id='word_1_529' title='bbox 1453 3430 1756 3483; x_wconf 88' lang='lat' dir='ltr'><strong>Aquitanicam</strong></span> <span class='ocrx_word' id='word_1_530' title='bbox 1815 3431 2054 3483; x_wconf 59' lang='lat' dir='ltr'><strong>dividuum</strong></span> 
     </span>
     <span class='ocr_line' id='line_1_102' title="bbox 1167 3494 2054 3546; baseline 0 -9"><span class='ocrx_word' id='word_1_531' title='bbox 1167 3495 1424 3537; x_wconf 87' lang='lat' dir='ltr'><strong>Braccatam</strong></span> <span class='ocrx_word' id='word_1_532' title='bbox 1444 3494 1646 3546; x_wconf 86' lang='lat' dir='ltr'><strong>denique,</strong></span> <span class='ocrx_word' id='word_1_533' title='bbox 1661 3505 1755 3545; x_wconf 86' lang='lat' dir='ltr'><strong>quae</strong></span> <span class='ocrx_word' id='word_1_534' title='bbox 1777 3500 1870 3534; x_wconf 84' lang='lat' dir='ltr'><strong>erat</strong></span> <span class='ocrx_word' id='word_1_535' title='bbox 1891 3496 2054 3536; x_wconf 86' lang='lat' dir='ltr'><strong>Narbo-</strong></span> 
     </span>
    </p>
   </div>
  </div>
 </body>
</html>
