2346 3996
429 272 570 327 1380

428 410 474 445 et
493 406 622 460 aliqui
640 407 865 460 Tarpeiam
884 409 1092 462 virginem
1111 410 1154 451 in
1174 412 1302 465 Capi-

1191 293 1367 334 NOTAE
1407 297 1473 335 IN

1362 414 1423 454 sic
1442 414 1645 457 habetur:
1669 417 1856 459 Numeris
1872 419 2138 471 εοὶαραιήοιά
2148 431 2248 471 gem

426 470 531 509 tolio
551 472 682 511 scutis
701 483 974 523 oppressam3
1005 472 1131 526 idque
1152 474 1194 514 in
1214 475 1300 526 pri·
1351 477 1512 524 familia
1527 484 1583 519 est
1601 492 1670 520 usa
1687 481 1821 521 Fabiae
1838 495 2056 533 praenomen
2071 486 2143 524 est.
2171 483 2243 524 lbi

424 536 593 575 micum
615 537 814 576 Romanis
831 536 931 576 belli
961 537 1222 587 memoriam,
1255 546 1301 580 et

424 599 631 638 consortii
669 611 746 649 per
782 597 1036 640 affinitatem
1075 602 1298 642 contracti.

423 662 541 702 Quos
568 674 760 701 nummos
789 663 831 701 in
859 663 1070 716 principio
1089 663 1297 706 fastorum

420 735 589 764 suorum
606 726 827 767 Hubertus
847 727 1040 768 Goltzius
1066 740 1120 768 ex
1149 730 1298 768 Lauri-

418 789 556 829 nianis
574 789 803 830 bellissime
818 790 1063 831 delineavit.
1094 792 1298 833 Fortasse

416 851 549 903 igitur
575 853 805 905 legendum
833 858 924 905 est3
955 855 1069 894 Titus
1099 867 1120 894 e
1149 855 1296 896 Sabino

415 916 569 956 nomine
587 917 894 970 Tituriofluxit,
903 919 988 969 vel,
1004 918 1294 971 Tituliofluxit.

416 976 624 1031 EJusdem
654 986 798 1022 autem
823 981 999 1035 originis
1019 989 1064 1022 et
1084 982 1295 1035 significa-

415 1044 544 1085 tionis
566 1051 632 1085 est
646 1046 908 1096 gentilitium
929 1058 1083 1086 nomen
1102 1047 1257 1088 Titius.

467 1107 622 1160 Appius
647 1109 695 1149 ab
725 1108 878 1161 Actaeo]
920 1109 1122 1149 Sambuci
1155 1111 1293 1151 codex

411 1170 564 1222 habet,
591 1172 655 1211 Ab
682 1172 797 1212 Atto.
854 1173 962 1214 Quae
986 1185 1069 1212 vox
1087 1174 1292 1225 majorem

412 1232 591 1275 formam
619 1235 891 1287 praenominis
917 1235 1110 1288 praefert.
1165 1237 1291 1277 Unde

410 1298 563 1337 Atteia
582 1311 686 1350 gens
702 1300 823 1339 dicta
841 1311 933 1339 esse
951 1300 1133 1351 videtur,
1149 1306 1195 1341 et
1210 1301 1292 1341 At-

410 1359 495 1408 tia3
527 1373 622 1413 quae
642 1361 797 1401 deinde
813 1362 995 1414 simplici
1025 1370 1291 1405 consonante

406 1422 538 1463 scribi
558 1429 798 1475 coeperunt.

464 1488 588 1531 Quasi
609 1489 772 1541 Epopae]
804 1489 855 1529 In
878 1489 1125 1541 Campensi,
1154 1491 1292 1542 Epopa

407 1551 478 1590 aziz·
494 1563 507 1589 .·
534 1551 577 1590 in
592 1550 792 1591 Sambuci
809 1552 934 1602 libro,
953 1552 1198 1603 Ethiopam·;
1226 1559 1290 1593 at-

409 1627 491 1667 que
514 1615 575 1655 ita
595 1616 635 1655 in
657 1615 853 1656 omnibus
876 1617 968 1656 aliis
983 1617 1203 1657 codicibus
1223 1618 1289 1657 hic

406 1677 525 1719 locus
555 1678 782 1719 admodum
794 1684 1031 1719 monstrose
1061 1686 1289 1733 corruptus

405 1746 487 1792 est,
515 1747 564 1781 ut
583 1742 787 1782 hactenus
808 1754 931 1783 nemo
950 1756 1044 1783 eum
1073 1745 1290 1796 corrigere

403 1808 612 1858 potuerit.
680 1808 789 1847 Mihi
826 1813 968 1848 autem
1017 1809 1059 1848 in
1100 1815 1288 1849 mentem

403 1870 524 1910 venit
552 1871 733 1922 opinari,
761 1872 956 1912 librarios
985 1872 1207 1924 imperitos
1229 1873 1289 1913 ibi

402 1931 446 1971 in
482 1933 679 1974 Graecam
708 1946 854 1975 vocem
885 1938 1090 1987 ΣΠΟΡΟῙ,
1133 1936 1176 1976 id
1206 1942 1287 1983 est,

404 1997 582 2048 semina,
617 1998 874 2050 impegisse:
917 1999 1102 2052 ideoque
1122 2000 1288 2040 Latinis

401 2060 720 2102 characteribus
752 2063 960 2102 imitando
987 2067 1031 2105 Σ.
1045 2063 1088 2102 in
1111 2068 1155 2103 E.
1174 2069 1219 2103 et
1248 2069 1288 2106 P.

401 2123 444 2163 in
462 2137 503 2175 p.
533 2125 636 2164 item
657 2130 726 2175 01,
754 2126 795 2165 in
815 2140 862 2173 oe,
893 2128 959 2166 vel
990 2140 1040 2179 ae,
1058 2139 1285 2179 perperam

400 2192 601 2228 mutasse.
657 2190 836 2230 Constat
885 2190 995 2230 enim
1049 2192 1284 2244 antiquitus

399 2252 575 2304 Spurios
597 2254 741 2294 vocari
762 2256 916 2306 solere,
947 2257 1016 2295 vel
1054 2258 1180 2307 vulgo
1216 2257 1285 2296 vel

399 2315 611 2357 adulterio
631 2325 886 2371 conceptos3
907 2325 953 2360 et
971 2320 1105 2361 veluti
1121 2327 1283 2361 temere

398 2391 546 2430 sparsa
575 2386 751 2433 semina,
789 2388 912 2435 patre
945 2383 1111 2423 incerto
1144 2390 1283 2425 natos.

398 2443 544 2497 Atque
574 2446 617 2485 id
642 2447 778 2498 ipsum
799 2453 969 2488 veteres
987 2448 1280 2489 Jurisconsul-

398 2513 465 2546 tos
484 2509 611 2548 etiam
634 2508 882 2560 affirmasse,
904 2511 1161 2551 Plutarchus
1177 2512 1279 2552 scri-

397 2569 463 2609 bit
509 2570 551 2609 in
588 2571 936 2614 Problematibus
957 2591 968 2624 ;
997 2587 1095 2614 nam
1131 2577 1280 2616 volunt

396 2632 457 2672 ita
475 2635 586 2674 natis
604 2649 626 2674 a
643 2648 743 2676 vero
765 2644 809 2676 et
825 2638 1008 2687 genuino
1030 2643 1154 2690 patre
1171 2651 1279 2691 prae-

396 2702 463 2734 ter
482 2709 627 2736 semen
652 2699 755 2738 nihil
789 2711 881 2739 esse
910 2701 1132 2752 reliquum.
1189 2700 1276 2740 Ad-

390 2758 516 2809 jecta
535 2768 676 2800 autem
700 2774 780 2801 vox
799 2764 931 2814 aliter,
959 2764 1026 2803 vel
1059 2765 1142 2815 ani,
1176 2777 1276 2804 sane

395 2822 568 2862 videtur
600 2836 652 2862 ex
683 2825 895 2864 variorum
915 2826 1140 2865 lectionum
1162 2827 1275 2866 notis

396 2886 623 2937 emargine
653 2886 827 2927 fluxisse
861 2889 903 2926 in
941 2894 1204 2940 contextum,
1233 2896 1276 2929 et

394 2961 567 3001 prorsus
587 2952 703 2990 nihili
723 2963 832 2991 esse.

448 3013 632 3064 Numeri,
649 3016 729 3053 sola
744 3014 915 3064 patricia
937 3014 1098 3063 familia
1116 3028 1186 3055 usa
1215 3020 1274 3055 est

394 3072 538 3127 Fabia]
559 3065 637 3117 'Ita
658 3078 798 3128 vulgo,
826 3083 874 3116 ut
893 3085 939 3117 et
959 3079 1000 3116 in
1021 3078 1272 3130 quibusdam

393 3141 498 3179 Mss.
519 3142 561 3179 iu
583 3140 675 3179 aliis
697 3146 840 3180 autem
861 3153 945 3180 vox
955 3140 1118 3188 familia
1137 3141 1272 3181 deest.

392 3203 658 3244 InSambuci
679 3204 785 3243 libro
805 3204 894 3243 sic:
926 3204 1090 3243 Numeri
1105 3205 1185 3243 sola
1200 3217 1270 3255 pa·

392 3268 511 3307 tricia
529 3269 791 3307 tantummodo
810 3280 878 3306 usa
907 3271 964 3307 est
988 3267 1129 3307 Fabia.
1186 3268 1270 3308 Ubi

391 3331 605 3371 redundat
626 3344 708 3371 vox
727 3322 1003 3381 tantummo‘do,
1020 3344 1076 3371 ex
1095 3337 1269 3372 annota-

392 3395 593 3445 tionibus,
611 3401 655 3435 ut
674 3399 874 3447 apparet,
891 3395 1073 3444 inserta,
1097 3400 1143 3435 et
1173 3397 1267 3435 aliae

393 3458 565 3498 desunt.
620 3458 672 3497 ln
701 3458 929 3510 Campensi
949 3463 1093 3499 autem
1114 3460 1267 3499 clarius

393 3522 564 3562 elucent
603 3522 710 3564 tales
747 3522 1104 3564 annotatiunculae
1117 3538 1131 3573 3
1169 3534 1267 3562 nam

1359 553 1513 593 nempe
1550 549 1815 584 monstratur
1848 546 1931 586 alia
1967 545 2246 598 supposititia

1362 617 1442 643 vox
1462 603 1640 654 familia,
1674 618 1768 658 quae
1799 608 1968 648 omnino
2003 606 2242 660 rejicienda

1359 672 1439 707 est.
1497 668 1704 719 Loquitur
1747 670 1859 709 enim
1894 670 1965 711 hic
2000 675 2151 712 auctor
2177 671 2242 710 'de

1358 735 1453 769 tota
1471 735 1599 782 gente
1621 730 1754 771 Fabia
1771 732 1825 772 ad
1854 733 2098 774 Cremeram
2115 745 2245 778 caesaae

1357 805 1443 833 non
1459 794 1612 844 denna
1625 794 1851 835 Fabiorum
1866 795 2044 847 familia,
2064 808 2242 850 quorum

1357 862 1510 908 postea
1529 858 1676 909 plures
1690 857 1864 899 familiae
1884 870 2132 910 praenomen
2147 860 2239 901 Nu·

1356 921 1479 960 merii
1541 927 1824 973 acceptarunt
1844 932 1856 959 ε
1898 921 2012 962 sicut
2056 922 2240 974 primum

1355 983 1578 1036 Vibulani,
1595 983 1751 1025 deinde
1783 983 2001 1036 Ambusti,
2026 984 2241 1036 Pictores‚

1355 1052 1401 1086 et
1413 1048 1645 1089 Buteones.
1696 1049 1851 1088 Posset
1870 1047 2002 1100 igitur
2019 1048 2073 1089 ab
2089 1049 2154 1090 his
2173 1060 2241 1089 er-

1355 1110 1520 1150 roribus
1558 1111 1621 1151 ita
1655 1112 1863 1151 vindicari
1899 1111 2022 1152 locus
2058 1113 2156 1163 iste,
2191 1118 2238 1153 et

1354 1179 1476 1212 recte
1497 1175 1715 1225 suppleri:
1749 1175 1938 1214 Numerii
1953 1176 2035 1216 sota
2062 1176 2238 1227 patricia

1350 1251 1449 1289 gens
1467 1253 1536 1279 usa
1556 1240 1681 1280 Fabia
1709 1246 1768 1281 est
1798 1242 2050 1292 praenomine.
2104 1241 2239 1282 Vide—

1351 1302 1456 1342 licet
1471 1302 1705 1342 auferendo
1719 1316 1843 1343 voces
1857 1303 1961 1343 duas
1976 1302 2234 1355 superflum

1352 1370 1396 1404 et
1413 1367 1617 1405 mutando
1644 1366 1845 1416 Numeri-3,
1875 1366 1927 1405 in'
1951 1366 2160 1414 Numerii}
2189 1373 2237 1407 et

1358 1427 1490 1467 Fabioe
1506 1440 1729 1479 praenomen
1747 1433 1819 1480 est,
1845 1428 1889 1468 in
1925 1429 2051 1469 Fabia
2080 1442 2237 1482 proeno-

1350 1491 1465 1531 mz'ne.
1522 1492 1695 1532 Fabiam
1712 1505 1813 1532 vero
1834 1499 2006 1544 gentem
2025 1493 2141 1534 inter
2160 1507 2235 1546 pa-

1350 1556 1496 1596 tricias
1517 1557 1698 1608 primam
1732 1555 1879 1607 fuisse,
1907 1569 2003 1609 quae
2039 1558 2235 1598 Numerii

1351 1632 1598 1671 praenomen
1617 1620 1818 1672 adscivit,
1847 1621 2083 1664 etiamSex.
2105 1614 2232 1663 Po'm-

1351 1683 1471 1733 peius
1492 1682 1658 1734 scribit,
1676 1688 1720 1722 et
1739 1683 1918 1723 eandem
1938 1683 2082 1725 adfert
2102 1686 2234 1726 ratio·

1350 1758 1463 1786 nem.
2123 1746 2126 1749 ⁴

1407 1809 1576 1848 Numeri
1597 1810 1770 1850 Iotalz'cii
1791 1811 2059 1863 Malemitani]
2105 1813 2159 1852 V.
2180 1814 2231 1854 C.

1351 1879 1565 1924 correcte,
1578 1874 1760 1913 Numerii
1775 1875 1940 1916 Otacilii
1949 1875 2233 1919 Maleventum.

1349 1935 1421 1975 Sic
1471 1947 1638 1988 quoque
1676 1937 1868 1976 nominat
1900 1938 2086 1978 eundem
2126 1939 2228 1981 Sext.

1350 1997 1502 2050 Pomp.

1407 2061 1460 2100 Ei
1480 2062 1655 2102 Numeri·
1669 2075 1892 2114 praenomen
1910 2063 2143 2118 imponeret]
2171 2067 2228 2107 V.

1349 2125 1398 2165 C.
1417 2125 1594 2164 Materni
1607 2127 1673 2165 avi
1691 2138 1924 2178 praenomen.
1952 2127 2114 2177 Recte;
2145 2129 2228 2173 sic-

1348 2195 1396 2227 ut
1428 2193 1474 2228 et
1506 2189 1606 2228 Sex.
1654 2188 1899 2240 Pompeius.
1965 2189 2229 2233 Inusitatum

1347 2252 1456 2292 enim
1478 2258 1572 2291 erat
1597 2252 1711 2303 apud
1741 2253 1950 2292 Romanos
1979 2265 2225 2305 praenomen

1346 2327 1370 2354 a
1389 2321 1513 2366 parte
1532 2321 1726 2354 materna
1746 2315 1957 2366 accipere.

1398 2378 1573 2428 Rutilia,
1593 2379 1789 2428 Caesellia,
1810 2378 2026 2431 Roda-illa,
2050 2380 2226 2420 Matral-

1342 2440 1398 2492 la]
1445 2442 1494 2480 In
1515 2442 1572 2481 V.
1595 2442 1644 2481 C.
1665 2450 1828 2490 nostro,
1847 2442 2018 2493 Rutilia,
2047 2442 2227 2495 Gaeaeua,

1342 2507 1565 2555 Rodumna,
1586 2506 1758 2557 legitur.
1813 2506 1871 2545 Et
1891 2511 2084 2546 veterum
2115 2518 2225 2559 prae-

1341 2569 1556 2608 nominum
1588 2567 1767 2608 formam
1797 2569 1889 2609 haec
1908 2570 2043 2620 magis
2064 2581 2224 2621 reprae-

1339 2637 1525 2671 sentam.
1593 2631 1692 2671 Sex.
1728 2631 1959 2684 Pompeius
1996 2633 2221 2675 Caesunam

1340 2700 1485 2739 vocari
1504 2699 1625 2748 dicit,
1646 2712 1671 2738 a
1703 2698 1839 2738 caesiis
1869 2699 2035 2749 oculis3
2064 2704 2110 2740 et
2139 2701 2220 2740 Ra-

1340 2763 1482 2801 villam
1515 2775 1541 2801 a
1570 2762 1698 2812 ravis,
1728 2762 1840 2814 quod
1877 2769 2030 2814 postea
2061 2776 2219 2816 cogno-

1338 2835 1434 2862 men
1458 2824 1499 2862 in
1520 2823 1668 2864 Cassia
1687 2829 1830 2874 gente.
1884 2824 1990 2874 Pro,
2008 2825 2222 2879 Mutruua,

1337 2887 1534 2926 Sambuci
1554 2887 1692 2926 codex
1707 2886 1851 2935 habet,
1868 2888 2066 2940 Mur-cula,
2087 2895 2218 2942 atque

1337 2949 1378 2988 id
1402 2949 1654 2989 diminutive
1668 2949 1861 2989 fortassis
1880 2963 1906 2990 a
1921 2951 2101 3003 Murcus,
2118 2964 2219 3005 cog—

1337 3015 1505 3053 nomine
1528 3013 1656 3054 virili.

1391 3079 1524 3117 Burro
1543 3087 1567 3116 α
1585 3078 1710 3117 calore
1727 3077 1853 3128 dicta]
1890 3079 1945 3118 V.
1965 3077 2014 3118 C.
2037 3090 2062 3118 a
2079 3079 2216 3120 colore.

1337 3141 1430 3180 Nec
1453 3141 1575 3180 male.
1631 3142 1790 3180 Burros
1811 3141 1924 3180 enim
1945 3141 2124 3180 Romani
2141 3154 2216 3193 ap-

1335 3206 1552 3257 pellarunt
1580 3204 1718 3244 fulvos
1740 3217 1790 3244 ac
1813 3204 2087 3255 rubicundos,
2109 3219 2214 3258 quos

1335 3268 1482 3308 Graeci
1522 3266 1698 3318 πυῤῥούς.
1754 3267 1865 3307 Haec
1913 3267 2084 3319 quidem
2121 3268 2215 3320 jam

1333 3332 1448 3372 dicta
1462 3331 1724 3382 praenomina
1744 3343 1768 3369 a
1790 3330 2124 3381 proprietatibus
2139 3331 2214 3372 de-

1331 3399 1501 3445 sumpta
1521 3393 1740 3434 transiisse
1761 3392 1918 3433 deinde
1937 3393 1979 3432 in
1999 3394 2217 3445 cognomi-

1330 3471 1385 3498 na
1421 3457 1672 3508 reperimus,
1702 3457 1811 3496 sicut
1831 3456 2081 3506 etRutilia,
2097 3461 2210 3496 teste

1331 3523 1427 3562 Sex.
1450 3521 1675 3572 Pompeio,
1694 3519 1765 3572 qui
1785 3519 1895 3560 dicit
1918 3519 2034 3559 rutili
2052 3519 2208 3560 coloris
