2288 3990
395 314 534 368 1012

395 445 561 485 Rostris
597 443 788 493 sedebat,
823 445 1042 482 currentes
1063 440 1260 491 lupercos

391 510 690 560 inspecturus:
729 510 905 547 currunt
933 503 1042 542 enim
1068 507 1113 541 et
1144 501 1262 541 nobi-

390 573 493 612 lium
514 573 732 623 juvennm‚
766 573 810 608 et
841 579 1001 615 eorum,
1022 566 1092 618 qui
1112 566 1261 617 magis-

390 642 549 675 tratum
572 639 738 683 gerunt,
755 631 993 682 complures
1009 630 1109 669 nudi
1127 635 1259 682 atque

390 699 520 738 cincti
566 697 662 737 loris
709 694 814 735 albis
846 693 991 733 obvios
1027 691 1260 733 ferientes-⁹

398 761 548 801 Oliver.
1252 789 1266 798 ,

439 820 686 874 Lupercalia]
713 818 810 858 XV.
837 818 1056 858 Kalendas
1075 816 1258 857 Martias

388 892 509 926 erant
530 883 811 935 Lupercalia:
839 883 904 922 his
935 882 1044 922 unde
1071 881 1257 932 initium,

386 954 442 988 ex‘
478 946 677 987 Historiis
709 951 844 997 patet.
873 957 1026 985 nomen
1056 957 1156 984 vero
1186 944 1257 983 ha-

384 1013 516 1052 buere
538 1023 562 1050 a
594 1009 814 1061 Lupercis,
834 1021 1011 1060 quorum
1033 1009 1175 1058 plures
1190 1019 1257 1047 so·

384 1075 596 1114 (lalitates.
652 1073 750 1112 Una
764 1072 1007 1120 Fabiorum,
1023 1071 1104 1110 alia
1121 1070 1257 1112 Quin-

384 1137 573 1177 tiliorum
591 1149 602 1184 3
619 1141 662 1174 et
678 1136 740 1174 hae
757 1134 1086 1187 antiquissimae:
1108 1133 1258 1172 addita

383 1206 534 1252 postea
569 1200 776 1241 Juliorum
813 1209 839 1237 a
876 1198 923 1238 C.
961 1198 1035 1237 illo
1071 1197 1256 1237 Caesare.

386 1265 516 1316 Cujus
554 1261 829 1302 institutionis
858 1263 1019 1302 mentio
1044 1261 1156 1314 apud
1176 1261 1259 1301 Di-

385 1341 508 1368 onem
541 1327 613 1367 lib.
651 1336 776 1366 xmv.
808 1326 938 1365 verba
974 1331 1099 1365 sunt:
1143 1324 1258 1377 Ἱερο-

382 1389 511 1431 mamis
526 1406 572 1430 τε
591 1390 630 1430 ἐς
655 1390 726 1429 τὰς
749 1390 821 1429 τοῦ
837 1388 961 1429 Πανὸς
973 1387 1261 1440 γυμνοπαιδίας,

382 1455 515 1505 τρίτην
532 1453 616 1493 τινὰ
643 1451 825 1504 ἑταιρίαν,
854 1452 901 1500 ἢν
928 1452 1094 1493 Ἰουλίαν
1114 1452 1258 1502 ὠνόμα-

382 1533 468 1559 σαν.
524 1518 627 1558 Tria
660 1529 764 1569 ergo
794 1518 939 1558 Romae
962 1518 1259 1570 Lupercorum

381 1581 581 1633 collegia,
621 1593 715 1632 quae
753 1592 876 1620 sacra
913 1580 1140 1632 quotannis
1175 1581 1260 1619 rite

381 1645 590 1695 facerent,
624 1644 714 1683 haec
745 1644 1052 1695 aliquantulum
1087 1644 1261 1683 remissa

381 1708 567 1760 Augusti
584 1720 691 1757 aevo,
702 1707 777 1747 sed
793 1707 1033 1747 eodemmet
1047 1708 1261 1749 restituta.

383 1772 609 1813 Suetonius
626 1771 699 1811 lib.
722 1783 774 1811 11.
810 1772 822 1793 ‘
844 1771 1089 1822 Nonnulla‚'
1108 1771 1259 1824 inquit,

384 1838 397 1859 ‘
417 1836 547 1876 etiam
565 1848 618 1874 ex
646 1834 826 1887 antiquis
854 1835 1117 1874 caeremoniis
1143 1835 1260 1886 paul—

381 1901 505 1941 latim
546 1899 706 1939 abolita
753 1899 959 1946 restituit,
1005 1904 1054 1939 ut
1099 1899 1259 1939 Salutis

384 1963 620 2014 augurium,
653 1963 783 2003 Diale
819 1961 1066 2014 flaminium,
1093 1976 1259 2004 sacrum

384 2025 648 2079 Lupercale.²
681 2026 844 2066 Mansit
862 2027 940 2066 hoc
959 2033 1108 2079 postea
1127 2040 1260 2080 usqne

383 2092 437 2131 ad
477 2090 690 2130 Anastasii
733 2090 1010 2142 Imperatoris
1049 2097 1263 2143 tempora,

383 2154 647 2196 The-odorico
664 2154 815 2194 Amalo
829 2155 869 2194 iu
883 2155 1011 2195 Italia
1027 2161 1257 2207 regnante:

385 2220 445 2260 sic
466 2232 519 2259 ex
547 2219 727 2272 quodam
747 2219 920 2271 antiquo
939 2219 982 2258 S.
1003 2220 1054 2258 R.
1074 2225 1260 2270 regesto,

384 2282 497 2335 qnod
531 2282 732 2322 oculatim
774 2281 894 2332 vidit,
924 2287 1109 2321 testatur
1145 2281 1262 2322 Onu-

384 2346 530 2397 phrius
546 2344 986 2395 Panvinius,Veronae
1004 2358 1090 2385 suae
1111 2345 1258 2387 decus.

383 2411 495 2452 Vide
514 2417 560 2452 et
579 2412 816 2462 Epistolam
845 2411 1026 2464 Gelasii,
1046 2413 1100 2452 P.
1119 2414 1182 2454 M.
1205 2413 1260 2453 ad

384 2474 725 2515 Andromachum
743 2475 867 2515 Tom.
888 2487 939 2515 11.
956 2475 1120 2516 Concil.
1151 2477 1260 2517 Nea-

382 2537 486 2589 polis
503 2538 552 2576 ad
572 2538 684 2576 Fast.
705 2538 858 2579 Ovidii.

440 2600 576 2639 Monte
596 2599 799 2651 Palatino]
842 2601 1010 2642 Romuli
1027 2603 1169 2655 sedes,
1184 2616 1261 2644 un-

389 2662 444 2702 de
473 2670 519 2702 et
553 2663 564 2684 ‘
583 2663 819 2703 Romulius'
855 2666 1143 2720 aTremellio,
1164 2675 1210 2709 et
1237 2681 1263 2708 a

389 2726 598 2766 Strabone
626 2728 697 2774 τῆς
726 2725 843 2779 ἄκρας
878 2730 1062 2780 nomine,
1083 2737 1263 2783 propter

388 2790 567 2841 primam
613 2790 758 2829 sedem
791 2791 970 2843 regiam,
1006 2795 1263 2846 appellatur.

387 2852 459 2892 Ad
478 2857 618 2892 ortum
637 2852 769 2892 habet
787 2854 983 2906 Coelium,
1012 2857 1065 2897 ad
1092 2859 1264 2899 meridi·

389 2927 455 2956 em
484 2914 764 2967 Aventinum,
791 2917 846 2956 ad
874 2930 1070 2959 occasum
1091 2921 1265 2974 Capito·

386 2978 536 3029 linum,
552 2976 606 3017 ad
627 2979 960 3029 septentrionem
976 2982 1147 3025 Forum.
1174 2985 1266 3027 Ad-

383 3043 507 3093 jacet
525 3054 578 3081 ex
598 3053 649 3081 eo
669 3042 821 3092 latere,
846 3043 958 3094 quod
986 3050 1122 3086 ortum
1142 3060 1265 3100 spec-

390 3111 471 3157 tat,
504 3116 626 3145 arcus
662 3103 959 3157 Constantini3
994 3110 1107 3161 quod
1144 3111 1268 3151 meri.

390 3169 519 3220 diem,
550 3168 699 3209 Circus
732 3167 968 3219 maximus;
1002 3172 1112 3223 qnod
1142 3186 1269 3216 occa·

390 3246 498 3283 snm,
544 3231 714 3271 Romuli
755 3230 886 3280 aedeS,
928 3238 972 3272 et
1006 3235 1264 3288 Velabrum,

392 3296 507 3349 quod
536 3293 895 3347 septentrionem,
920 3298 1082 3348 templa
1109 3313 1202 3352 quae
1223 3303 1268 3342 in

392 3363 484 3413 ipso
508 3361 600 3400 foro
630 3364 744 3410 sunt,
772 3364 819 3400 et
846 3359 1100 3412 Vespasiani
1130 3377 1268 3407 arcus.

392 3425 524 3465 Hunc
556 3423 762 3474 Virgilius
801 3435 825 3461 a
857 3422 1067 3465 Palanteo
1108 3430 1270 3479 oppido

395 3488 658 3527 nominatum
677 3487 792 3535 vult,
830 3485 1084 3538 Propertius
1105 3498 1148 3530 et
1167 3492 1272 3531 Ovi-

396 3552 507 3602 dius,
537 3549 646 3604 quod
666 3550 725 3591 ibi
747 3549 934 3602 pecudes
954 3553 1107 3608 palari,
1126 3555 1169 3596 id
1190 3563 1272 3609 est,

958 323 1133 363 NOTAE
1175 319 1506 362 VARIORUM
1548 323 1612 364 IN

1330 450 1475 479 errare
1503 438 1819 480 consueverint.
1878 438 2020 492 Hujus
2047 441 2203 483 montis

1324 514 1424 553 pars
1457 501 1596 541 forum
1629 514 1795 553 versus,
1822 503 2018 544 Germali
2051 517 2201 546 nomen

1321 566 1497 614 habuit3
1532 564 1711 604 Coelium
1745 571 1888 606 autem
1923 579 2088 619 versus,
2118 570 2204 609 Ve-

1321 627 1407 666 liae.
1441 626 1554 668 Quia
1574 628 1875 680 autem'prima
1891 629 2058 682 imperii
2078 631 2202 671 sedes

1320 689 1363 729 in
1398 701 1448 729 eo
1478 689 1734 740 constituta,
1766 692 1957 744 cujtisvis
1993 687 2201 747 principis

1321 753 1478 802 aulam,
1491 758 1566 792 aut
1582 754 1796 805 splendidi
1813 755 1993 796 hominis
2013 756 2204 806 domum,

1322 815 1582 856 ‘Palatium'
1619 817 1901 859 nominamus.
1958 817 2102 858 Hodie
2119 819 2206 860 suf·

1318 880 1579 921 fossionibus
1609 887 1654 921 et
1678 881 1968 922 subterraneis
1988 883 2202 924 meatibus

1323 949 1437 984 totns
1463 945 1581 996 quasi
1609 945 1798 996 pensilis,
1826 945 1956 984 ruinis
1985 945 2203 998 deformis,

1320 1013 1395 1046 aut
1415 1008 1549 1047 hortis
1570 1013 1822 1058 occupatus.
1856 1006 1909 1047 G.
1925 1007 2079 1048 Fabriae.

1373 1073 1558 1112 Evander
1586 1071 1785 1123 Argivus]
1825 1070 1877 1111 Id
1909 1077 1992 1123 est,
2011 1072 2206 1124 Graecus,

1321 1134 1422 1186 qnia
1440 1133 1592 1173 Arcas.
2166 1143 2170 1145 ’

1372 1198 1668 1238 Immolatarum
1686 1196 1924 1250 hostiarum]
1947 1198 2059 1239 Vide
2075 1210 2205 1252 supra

1321 1260 1375 1301 ad
1395 1261 1594 1311 Exempl.
1623 1264 1664 1300 8.

1376 1326 1604 1378 Feriarum]
1631 1325 1887 1366 Festorum:
1913 1337 2011 1366 nam
2036 1326 2050 1351 ⁴
2066 1325 2203 1368 feriae'

1322 1390 1413 1430 dies
1434 1388 1536 1429 festi
1556 1388 1661 1429 dicti
1689 1394 1790 1429 sunt
1815 1401 1841 1429 a
1859 1388 2065 1430 feriendis
2080 1390 2205 1431 victi-

1321 1466 1416 1494 mis.
2107 1478 2110 1480 v

1376 1515 1606 1567 Trabeatos]
1635 1515 1800 1556 Plinius
1820 1516 1850 1557 J
1854 1516 1977 1557 unior
1995 1515 2128 1558 tradit
2146 1518 2205 1561 Q·-

1321 1581 1498 1621 Fabium
1518 1581 1707 1629 Rullum,
1725 1581 1910 1632 primum
1939 1593 1991 1621 ex
2013 1593 2064 1620 ea
2081 1581 2205 1622 fami-

1319 1646 1377 1686 lia
1394 1645 1448 1685 ob
1463 1646 1668 1685 virtutem
1684 1645 1920 1686 Maximum
1928 1645 2206 1697 ‚instituisse‚

1322 1716 1370 1749 nt
1401 1709 1568 1762 equites
1599 1709 1725 1748 Rom.
1759 1708 1909 1749 Idibus
1938 1708 2203 1759 Quintilibus

1326 1772 1380 1813 ab
1414 1773 1509 1812 aede
1537 1772 1724 1819 Honoris
1752 1771 1875 1824 equis
1902 1771 2138 1813 insidentes
2159 1773 2203 1812 in

1323 1837 1582 1890 Capitolium
1605 1837 1853 1877 transirent.
1885 1836 2033 1877 Oliver.

1379 1900 1609 1952 Trabeatos]
1653 1900 1821 1941 Trabea
1851 1906 1975 1941 veste
2007 1900 2206 1942 indutos:

1321 1976 1417 2005 nam
1435 1964 1587 2005 trabea
1607 1964 1738 2004 vestis
1756 1968 1868 2015 erat,
1884 1975 2010 2016 quam
2023 1964 2205 2005 honora·

1322 2034 1392 2070 tus
1411 2029 1593 2081 quisque
1623 2039 1756 2080 super
1784 2027 1973 2069 tunicam
1993 2027 2207 2076 sumebat,

1322 2105 1434 2133 nunc
1472 2097 1733 2146 praetextam
1764 2096 1934 2142 vocant,
1957 2102 2052 2143 quae
2072 2091 2116 2130 in
2136 2102 2208 2131 exa-

1322 2157 1540 2198 tremitate
1561 2167 1795 2208 purpuram
1817 2153 2004 2196 habebat
2024 2155 2206 2196 circum-

1322 2226 1506 2262 textam.

1377 2286 1516 2326 Idibus
1542 2283 1686 2337 Jutiis]
1716 2283 1955 2324 Meminere
1970 2283 2116 2324 Livius
2133 2283 2206 2324 lib.

1321 2361 1389 2390 lx.
1419 2350 1656 2401 Dionysius
1691 2348 2061 2390 Halicarnassaeus
2082 2347 2156 2389 lib.
2177 2359 2208 2388 Ι.

1324 2414 1489 2454 Plinius
1525 2414 1599 2454 lib.
1634 2425 1712 2454 xv.
1749 2424 1846 2464 cap.
1876 2414 1918 2452 4.
1966 2409 2135 2452 Auctor
2153 2410 2208 2451 de

1323 2477 1441 2517 Viris
1460 2475 1725 2517 Illustribns.

1383 2539 1624 2590 aransvehi]
1677 2539 1770 2579 Diu
1805 2535 1922 2577 istud
1964 2535 2208 2578 institutum

1323 2609 1572 2658 neglectum
1592 2605 1691 2646 fuit.
1719 2603 1940 2655 Augustus
1954 2601 2124 2641 demum
2145 2613 2210 2642 re-

1324 2671 1450 2712 duxit
1465 2676 1510 2710 et
1530 2667 1732 2710 excoluit.
1757 2664 2013 2706 Suetonius:
2052 2663 2208 2716 ‘Equi-

1326 2740 1415 2775 tum
1454 2740 1619 2774 turmas
1656 2731 1908 2784 frequenter
1944 2726 2212 2778 recognovit,

1325 2803 1425 2851 post
1443 2798 1610 2848 longam
1635 2791 2006 2846 intercapedinem
2027 2789 2211 2834 reducto

1326 2873 1447 2902 more
1478 2857 1820 2900 transvectionis.
1876 2855 1959 2896 Sed
1979 2866 2117 2908 neque
2135 2854 2208 2894 de-

1328 2925 1444 2967 trahi
1479 2935 1721 2977 quenquam
1741 2921 1784 2961 in
1805 2917 2136 2961 transvehendo·
2155 2918 2209 2959 ab

1329 2994 1581 3030 accusatore
1602 2997 1751 3038 passus
1782 2988 1867 3035 est,
1896 2982 2011 3037 quod
2029 2981 2125 3023 fieri
2144 2994 2212 3023 so·

1328 3051 1475 3092 lebat!
1530 3051 1714 3091 Factum
1745 3047 1788 3088 id
1816 3046 2046 3100 aliquando
2075 3043 2211 3087 fuisse

1327 3115 1468 3156 innuit
1485 3112 1746 3154 Plutarchus
1765 3111 1808 3151 in
1829 3109 2056 3161 Pompeio,
2075 3113 2122 3148 et
2144 3119 2211 3147 ar-

1330 3185 1535 3233 gumento
1573 3183 1642 3220 est
1674 3177 1752 3218 lib.
1784 3187 1840 3218 11.
1870 3175 1927 3216 D.
1958 3173 2014 3214 de
2049 3173 2102 3215 In
2128 3172 2210 3214 Jus

1327 3245 1436 3286 Voc.
1465 3244 1594 3284 Celer.
2210 3283 2212 3286 ,

1386 3309 1501 3348 Idem
1530 3305 1685 3359 censor]
1713 3301 1908 3344 Eundem
1928 3311 2147 3342 censorem
2165 3300 2214 3339 li-

1333 3369 1528 3410 bertinos
1562 3368 1760 3410 tribubus
1796 3364 2019 3414 amovisse,
2066 3362 2214 3403 Livius

1332 3433 1407 3473 lib.
1438 3444 1506 3473 lx.
1544 3435 1750 3472 testatur:
1800 3425 2014 3478 ‘Fabius,'
2059 3426 2215 3478 inquit,

1333 3497 1345 3518 ‘
1362 3495 1604 3536 concordiae
1625 3505 1771 3543 causa,
1796 3490 1919 3531 simul
1944 3501 1998 3529 ne
2030 3488 2212 3529 humilli-

1333 3569 1498 3599 morum
1531 3559 1575 3599 in
1601 3568 1728 3599 manu
1746 3554 1920 3596 comitia
1950 3558 2213 3604 essent,om·
