<?xml version="1.0" encoding="UTF-8"?>
<!DOCTYPE html PUBLIC "-//W3C//DTD XHTML 1.0 Transitional//EN"
    "http://www.w3.org/TR/xhtml1/DTD/xhtml1-transitional.dtd">
<html xmlns="http://www.w3.org/1999/xhtml" xml:lang="en" lang="en">
 <head>
  <title>
</title>
<meta http-equiv="Content-Type" content="text/html;charset=utf-8" />
  <meta name='ocr-system' content='tesseract 3.04.00' />
  <meta name='ocr-capabilities' content='ocr_page ocr_carea ocr_par ocr_line ocrx_word'/>
</head>
<body>
  <div class='ocr_page' id='page_1' title='image "./factorumdictorum03valeuoft_0374.png"; bbox 0 0 2346 3996; ppageno 0'>
   <div class='ocr_carea' id='block_1_1' title="bbox 320 310 461 363">
    <p class='ocr_par' dir='ltr' id='par_1_1' title="bbox 320 310 461 363">
     <span class='ocr_line' id='line_1_1' title="bbox 320 310 461 363; baseline 0 -2"><span class='ocrx_word' id='word_1_1' title='bbox 320 310 461 363; x_wconf 75' lang='lat'>1274</span> 
     </span>
    </p>
   </div>
   <div class='ocr_carea' id='block_1_2' title="bbox 312 442 1202 3598">
    <p class='ocr_par' dir='ltr' id='par_1_2' title="bbox 318 442 1202 1431">
     <span class='ocr_line' id='line_1_2' title="bbox 323 442 1202 494; baseline -0.001 -11"><span class='ocrx_word' id='word_1_2' title='bbox 323 443 460 483; x_wconf 86' lang='lat' dir='ltr'>ironia</span> <span class='ocrx_word' id='word_1_3' title='bbox 480 447 691 494; x_wconf 88' lang='lat' dir='ltr'>perstare,</span> <span class='ocrx_word' id='word_1_4' title='bbox 721 442 819 494; x_wconf 86' lang='lat' dir='ltr'>quia</span> <span class='ocrx_word' id='word_1_5' title='bbox 853 443 884 481; x_wconf 89' lang='lat' dir='ltr'>si</span> <span class='ocrx_word' id='word_1_6' title='bbox 917 443 1080 483; x_wconf 89' lang='lat' dir='ltr'>neutris</span> <span class='ocrx_word' id='word_1_7' title='bbox 1111 443 1202 494; x_wconf 89' lang='lat' dir='ltr'>opi·</span> 
     </span>
     <span class='ocr_line' id='line_1_3' title="bbox 323 507 1202 557; baseline -0.002 -10"><span class='ocrx_word' id='word_1_8' title='bbox 323 507 543 547; x_wconf 79' lang='lat' dir='ltr'>tutandum</span> <span class='ocrx_word' id='word_1_9' title='bbox 565 513 659 546; x_wconf 86' lang='lat' dir='ltr'>erat</span> <span class='ocrx_word' id='word_1_10' title='bbox 680 507 720 544; x_wconf 90' lang='lat' dir='ltr'>in</span> <span class='ocrx_word' id='word_1_11' title='bbox 738 511 822 544; x_wconf 83' lang='lat' dir='ltr'>tarn</span> <span class='ocrx_word' id='word_1_12' title='bbox 842 517 1041 557; x_wconf 82' lang='lat' dir='ltr'>perversa</span> <span class='ocrx_word' id='word_1_13' title='bbox 1060 507 1202 545; x_wconf 92' lang='lat' dir='ltr'>volun-</span> 
     </span>
     <span class='ocr_line' id='line_1_4' title="bbox 321 569 1202 620; baseline 0 -11"><span class='ocrx_word' id='word_1_14' title='bbox 321 576 430 620; x_wconf 85' lang='lat' dir='ltr'>tate,</span> <span class='ocrx_word' id='word_1_15' title='bbox 447 571 564 608; x_wconf 88' lang='lat' dir='ltr'>nulla</span> <span class='ocrx_word' id='word_1_16' title='bbox 583 574 675 608; x_wconf 86' lang='lat' dir='ltr'>erat</span> <span class='ocrx_word' id='word_1_17' title='bbox 689 581 842 608; x_wconf 90' lang='lat' dir='ltr'>revera</span> <span class='ocrx_word' id='word_1_18' title='bbox 854 570 1088 609; x_wconf 83' lang='lat' dir='ltr'>necessitas</span> <span class='ocrx_word' id='word_1_19' title='bbox 1107 569 1202 609; x_wconf 90' lang='lat' dir='ltr'>talis</span> 
     </span>
     <span class='ocr_line' id='line_1_5' title="bbox 320 633 1201 684; baseline 0 -12"><span class='ocrx_word' id='word_1_20' title='bbox 320 633 704 682; x_wconf 86' lang='lat' dir='ltr'>Senatusconsulti‚</span> <span class='ocrx_word' id='word_1_21' title='bbox 746 633 842 684; x_wconf 87' lang='lat' dir='ltr'>quia</span> <span class='ocrx_word' id='word_1_22' title='bbox 883 634 1025 683; x_wconf 89' lang='lat' dir='ltr'>potius</span> <span class='ocrx_word' id='word_1_23' title='bbox 1071 633 1201 672; x_wconf 78' lang='lat' dir='ltr'>debe-</span> 
     </span>
     <span class='ocr_line' id='line_1_6' title="bbox 322 694 1201 747; baseline 0.001 -13"><span class='ocrx_word' id='word_1_24' title='bbox 322 695 442 745; x_wconf 88' lang='lat' dir='ltr'>bant,</span> <span class='ocrx_word' id='word_1_25' title='bbox 478 694 603 734; x_wconf 89' lang='lat' dir='ltr'>salvis</span> <span class='ocrx_word' id='word_1_26' title='bbox 639 696 901 735; x_wconf 82' lang='lat' dir='ltr'>ornamentis</span> <span class='ocrx_word' id='word_1_27' title='bbox 931 697 1201 747; x_wconf 87' lang='lat' dir='ltr'>templorum,</span> 
     </span>
     <span class='ocr_line' id='line_1_7' title="bbox 320 756 1200 798; baseline 0.002 -2"><span class='ocrx_word' id='word_1_28' title='bbox 320 757 364 797; x_wconf 91' lang='lat' dir='ltr'>in</span> <span class='ocrx_word' id='word_1_29' title='bbox 380 756 575 796; x_wconf 86' lang='lat' dir='ltr'>manibus</span> <span class='ocrx_word' id='word_1_30' title='bbox 598 757 802 797; x_wconf 65' lang='lat' dir='ltr'>Marianas</span> <span class='ocrx_word' id='word_1_31' title='bbox 828 756 1027 798; x_wconf 79' lang='lat' dir='ltr'>factionis</span> <span class='ocrx_word' id='word_1_32' title='bbox 1060 759 1200 798; x_wconf 90' lang='lat' dir='ltr'>dimit-</span> 
     </span>
     <span class='ocr_line' id='line_1_8' title="bbox 322 819 1199 873; baseline 0 -13"><span class='ocrx_word' id='word_1_33' title='bbox 322 825 432 871; x_wconf 85' lang='lat' dir='ltr'><strong>tere,</strong></span> <span class='ocrx_word' id='word_1_34' title='bbox 458 831 583 871; x_wconf 87' lang='lat' dir='ltr'>quam</span> <span class='ocrx_word' id='word_1_35' title='bbox 619 819 661 858; x_wconf 91' lang='lat' dir='ltr'>in</span> <span class='ocrx_word' id='word_1_36' title='bbox 680 819 895 872; x_wconf 85' lang='lat' dir='ltr'>Syllanam</span> <span class='ocrx_word' id='word_1_37' title='bbox 929 821 1199 873; x_wconf 81' lang='lat' dir='ltr'>tyrannidem</span> 
     </span>
     <span class='ocr_line' id='line_1_9' title="bbox 321 882 1198 940; baseline 0.001 -17"><span class='ocrx_word' id='word_1_38' title='bbox 321 895 371 923; x_wconf 93' lang='lat' dir='ltr'>eo</span> <span class='ocrx_word' id='word_1_39' title='bbox 391 882 516 922; x_wconf 91' lang='lat' dir='ltr'>modo</span> <span class='ocrx_word' id='word_1_40' title='bbox 537 883 772 940; x_wconf 81' lang='lat' dir='ltr'>retrahere.</span> <span class='ocrx_word' id='word_1_41' title='bbox 829 884 912 924; x_wconf 87' lang='lat' dir='ltr'>Sed</span> <span class='ocrx_word' id='word_1_42' title='bbox 943 885 1072 924; x_wconf 89' lang='lat' dir='ltr'>latuit</span> <span class='ocrx_word' id='word_1_43' title='bbox 1102 897 1198 924; x_wconf 91' lang='lat' dir='ltr'>eum</span> 
     </span>
     <span class='ocr_line' id='line_1_10' title="bbox 320 946 1199 1000; baseline 0.002 -15"><span class='ocrx_word' id='word_1_44' title='bbox 320 946 484 985; x_wconf 90' lang='lat' dir='ltr'>animus</span> <span class='ocrx_word' id='word_1_45' title='bbox 504 946 652 998; x_wconf 85' lang='lat' dir='ltr'>Syllae,</span> <span class='ocrx_word' id='word_1_46' title='bbox 680 947 966 1000; x_wconf 78' lang='lat' dir='ltr'>speravitque,</span> <span class='ocrx_word' id='word_1_47' title='bbox 985 948 1199 1000; x_wconf 81' lang='lat' dir='ltr'>oppressis</span> 
     </span>
     <span class='ocr_line' id='line_1_11' title="bbox 319 1009 1198 1062; baseline 0.002 -14"><span class='ocrx_word' id='word_1_48' title='bbox 319 1009 543 1061; x_wconf 82' lang='lat' dir='ltr'>Marianis,</span> <span class='ocrx_word' id='word_1_49' title='bbox 597 1010 807 1062; x_wconf 89' lang='lat' dir='ltr'>rempubl.</span> <span class='ocrx_word' id='word_1_50' title='bbox 853 1011 1032 1050; x_wconf 87' lang='lat' dir='ltr'>liberam</span> <span class='ocrx_word' id='word_1_51' title='bbox 1087 1009 1198 1051; x_wconf 87' lang='lat' dir='ltr'>fore.</span> 
     </span>
     <span class='ocr_line' id='line_1_12' title="bbox 319 1072 1198 1125; baseline 0.001 -12"><span class='ocrx_word' id='word_1_52' title='bbox 319 1072 536 1113; x_wconf 85' lang='lat' dir='ltr'>Quocirca</span> <span class='ocrx_word' id='word_1_53' title='bbox 581 1084 760 1113; x_wconf 90' lang='lat' dir='ltr'>necesse</span> <span class='ocrx_word' id='word_1_54' title='bbox 803 1073 1047 1125; x_wconf 88' lang='lat' dir='ltr'>videbatur,</span> <span class='ocrx_word' id='word_1_55' title='bbox 1094 1080 1198 1114; x_wconf 87' lang='lat' dir='ltr'>tunc</span> 
     </span>
     <span class='ocr_line' id='line_1_13' title="bbox 318 1135 1200 1188; baseline 0.002 -13"><span class='ocrx_word' id='word_1_56' title='bbox 318 1135 490 1188; x_wconf 89' lang='lat' dir='ltr'>quidem</span> <span class='ocrx_word' id='word_1_57' title='bbox 510 1135 571 1177; x_wconf 90' lang='lat' dir='ltr'>sic</span> <span class='ocrx_word' id='word_1_58' title='bbox 591 1136 720 1187; x_wconf 84' lang='lat' dir='ltr'>Syllae</span> <span class='ocrx_word' id='word_1_59' title='bbox 742 1137 962 1188; x_wconf 86' lang='lat' dir='ltr'>suppetias</span> <span class='ocrx_word' id='word_1_60' title='bbox 983 1137 1095 1176; x_wconf 85' lang='lat' dir='ltr'>ferre</span> <span class='ocrx_word' id='word_1_61' title='bbox 1113 1151 1124 1177; x_wconf 76' lang='lat' dir='ltr'><strong><em>z</em></strong></span> <span class='ocrx_word' id='word_1_62' title='bbox 1153 1142 1200 1177; x_wconf 90' lang='lat' dir='ltr'>et</span> 
     </span>
     <span class='ocr_line' id='line_1_14' title="bbox 318 1199 1199 1253; baseline 0.001 -14"><span class='ocrx_word' id='word_1_63' title='bbox 318 1199 380 1241; x_wconf 85' lang='lat' dir='ltr'>ita</span> <span class='ocrx_word' id='word_1_64' title='bbox 399 1199 442 1239; x_wconf 88' lang='lat' dir='ltr'>in</span> <span class='ocrx_word' id='word_1_65' title='bbox 460 1200 539 1239; x_wconf 89' lang='lat' dir='ltr'>hac</span> <span class='ocrx_word' id='word_1_66' title='bbox 561 1206 683 1251; x_wconf 88' lang='lat' dir='ltr'>parte</span> <span class='ocrx_word' id='word_1_67' title='bbox 704 1201 823 1239; x_wconf 89' lang='lat' dir='ltr'>nulla</span> <span class='ocrx_word' id='word_1_68' title='bbox 840 1206 908 1240; x_wconf 90' lang='lat' dir='ltr'>est</span> <span class='ocrx_word' id='word_1_69' title='bbox 926 1201 1077 1250; x_wconf 89' lang='lat' dir='ltr'>ironia,</span> <span class='ocrx_word' id='word_1_70' title='bbox 1105 1213 1199 1253; x_wconf 88' lang='lat' dir='ltr'>quae</span> 
     </span>
     <span class='ocr_line' id='line_1_15' title="bbox 318 1263 1201 1316; baseline 0.002 -14"><span class='ocrx_word' id='word_1_71' title='bbox 318 1263 353 1302; x_wconf 91' lang='lat' dir='ltr'>si</span> <span class='ocrx_word' id='word_1_72' title='bbox 374 1263 692 1315; x_wconf 79' lang='lat' dir='ltr'>admitteretur,</span> <span class='ocrx_word' id='word_1_73' title='bbox 719 1276 802 1303; x_wconf 92' lang='lat' dir='ltr'>non</span> <span class='ocrx_word' id='word_1_74' title='bbox 823 1269 938 1304; x_wconf 82' lang='lat' dir='ltr'>esset</span> <span class='ocrx_word' id='word_1_75' title='bbox 962 1265 1086 1316; x_wconf 90' lang='lat' dir='ltr'>hujus</span> <span class='ocrx_word' id='word_1_76' title='bbox 1118 1265 1201 1305; x_wconf 90' lang='lat' dir='ltr'>loci</span> 
     </span>
     <span class='ocr_line' id='line_1_16' title="bbox 319 1326 1201 1376; baseline 0.001 -10"><span class='ocrx_word' id='word_1_77' title='bbox 319 1326 577 1376; x_wconf 86' lang='lat' dir='ltr'>exemplum.</span> <span class='ocrx_word' id='word_1_78' title='bbox 635 1326 734 1366; x_wconf 86' lang='lat' dir='ltr'>Non</span> <span class='ocrx_word' id='word_1_79' title='bbox 756 1326 866 1365; x_wconf 90' lang='lat' dir='ltr'>enim</span> <span class='ocrx_word' id='word_1_80' title='bbox 896 1338 1046 1366; x_wconf 90' lang='lat' dir='ltr'>revera</span> <span class='ocrx_word' id='word_1_81' title='bbox 1078 1338 1201 1367; x_wconf 85' lang='lat' dir='ltr'>coac-</span> 
     </span>
     <span class='ocr_line' id='line_1_17' title="bbox 319 1388 1146 1431; baseline 0.005 -4"><span class='ocrx_word' id='word_1_82' title='bbox 319 1394 386 1428; x_wconf 91' lang='lat' dir='ltr'>tus</span> <span class='ocrx_word' id='word_1_83' title='bbox 405 1393 519 1428; x_wconf 87' lang='lat' dir='ltr'>esset</span> <span class='ocrx_word' id='word_1_84' title='bbox 533 1388 715 1428; x_wconf 86' lang='lat' dir='ltr'>Senatus</span> <span class='ocrx_word' id='word_1_85' title='bbox 734 1390 1011 1431; x_wconf 88' lang='lat' dir='ltr'>necessitate.</span> <span class='ocrx_word' id='word_1_86' title='bbox 1040 1391 1146 1431; x_wconf 84' lang='lat' dir='ltr'>Bad.</span> 
     </span>
    </p>

    <p class='ocr_par' dir='ltr' id='par_1_3' title="bbox 312 1451 1201 3339">
     <span class='ocr_line' id='line_1_18' title="bbox 373 1451 1201 1506; baseline 0.005 -16"><span class='ocrx_word' id='word_1_87' title='bbox 373 1452 439 1503; x_wconf 74' lang='lat'>§5</span> <span class='ocrx_word' id='word_1_88' title='bbox 470 1451 570 1491; x_wconf 83' lang='lat' dir='ltr'>Divi</span> <span class='ocrx_word' id='word_1_89' title='bbox 602 1453 723 1502; x_wconf 81' lang='lat' dir='ltr'>Julii,</span> <span class='ocrx_word' id='word_1_90' title='bbox 756 1452 842 1504; x_wconf 56' lang='grc' dir='ltr'>ξω]</span> <span class='ocrx_word' id='word_1_91' title='bbox 884 1453 981 1494; x_wconf 88' lang='lat' dir='ltr'>Hoc</span> <span class='ocrx_word' id='word_1_92' title='bbox 1020 1453 1201 1506; x_wconf 88' lang='lat' dir='ltr'>contigit</span> 
     </span>
     <span class='ocr_line' id='line_1_19' title="bbox 317 1515 1199 1569; baseline 0.003 -15"><span class='ocrx_word' id='word_1_93' title='bbox 317 1515 429 1555; x_wconf 90' lang='lat' dir='ltr'>bello</span> <span class='ocrx_word' id='word_1_94' title='bbox 447 1515 561 1568; x_wconf 90' lang='lat' dir='ltr'>quod</span> <span class='ocrx_word' id='word_1_95' title='bbox 592 1516 640 1568; x_wconf 34' lang='lat' dir='ltr'>in,</span> <span class='ocrx_word' id='word_1_96' title='bbox 669 1516 882 1568; x_wconf 82' lang='lat' dir='ltr'>Hispania</span> <span class='ocrx_word' id='word_1_97' title='bbox 910 1517 1042 1569; x_wconf 85' lang='lat' dir='ltr'>gessit</span> <span class='ocrx_word' id='word_1_98' title='bbox 1059 1517 1199 1558; x_wconf 88' lang='lat' dir='ltr'>Julius</span> 
     </span>
     <span class='ocr_line' id='line_1_20' title="bbox 319 1579 1198 1621; baseline 0 -1"><span class='ocrx_word' id='word_1_99' title='bbox 319 1579 467 1620; x_wconf 82' lang='lat' dir='ltr'>Caesar</span> <span class='ocrx_word' id='word_1_100' title='bbox 485 1579 689 1620; x_wconf 84' lang='lat' dir='ltr'>adversus</span> <span class='ocrx_word' id='word_1_101' title='bbox 712 1580 789 1620; x_wconf 89' lang='lat' dir='ltr'>Cn.</span> <span class='ocrx_word' id='word_1_102' title='bbox 808 1587 850 1621; x_wconf 92' lang='lat' dir='ltr'>et</span> <span class='ocrx_word' id='word_1_103' title='bbox 871 1581 1049 1621; x_wconf 86' lang='lat' dir='ltr'>Sextum</span> <span class='ocrx_word' id='word_1_104' title='bbox 1070 1581 1198 1621; x_wconf 90' lang='lat' dir='ltr'>Pom-</span> 
     </span>
     <span class='ocr_line' id='line_1_21' title="bbox 318 1641 1198 1696; baseline 0.002 -14"><span class='ocrx_word' id='word_1_105' title='bbox 318 1644 453 1695; x_wconf 88' lang='lat' dir='ltr'>peios,</span> <span class='ocrx_word' id='word_1_106' title='bbox 496 1641 569 1682; x_wconf 88' lang='lat' dir='ltr'>ubi</span> <span class='ocrx_word' id='word_1_107' title='bbox 605 1644 786 1694; x_wconf 90' lang='lat' dir='ltr'>primum</span> <span class='ocrx_word' id='word_1_108' title='bbox 828 1645 870 1683; x_wconf 89' lang='lat' dir='ltr'>in</span> <span class='ocrx_word' id='word_1_109' title='bbox 909 1645 1001 1696; x_wconf 90' lang='lat' dir='ltr'>ipso</span> <span class='ocrx_word' id='word_1_110' title='bbox 1033 1645 1198 1685; x_wconf 87' lang='lat' dir='ltr'>Oceani</span> 
     </span>
     <span class='ocr_line' id='line_1_22' title="bbox 317 1707 1196 1760; baseline 0 -14"><span class='ocrx_word' id='word_1_111' title='bbox 317 1707 427 1746; x_wconf 87' lang='lat' dir='ltr'>ostio</span> <span class='ocrx_word' id='word_1_112' title='bbox 464 1707 605 1746; x_wconf 85' lang='lat' dir='ltr'>Varus</span> <span class='ocrx_word' id='word_1_113' title='bbox 643 1707 887 1760; x_wconf 87' lang='lat' dir='ltr'>Didiusque</span> <span class='ocrx_word' id='word_1_114' title='bbox 927 1709 1058 1760; x_wconf 85' lang='lat' dir='ltr'>legati</span> <span class='ocrx_word' id='word_1_115' title='bbox 1096 1719 1196 1747; x_wconf 89' lang='lat' dir='ltr'>con-</span> 
     </span>
     <span class='ocr_line' id='line_1_23' title="bbox 315 1766 1195 1824; baseline 0.005 -17"><span class='ocrx_word' id='word_1_116' title='bbox 315 1766 482 1820; x_wconf 86' lang='lat' dir='ltr'>flixere,</span> <span class='ocrx_word' id='word_1_117' title='bbox 509 1781 603 1809; x_wconf 92' lang='lat' dir='ltr'>cum</span> <span class='ocrx_word' id='word_1_118' title='bbox 624 1770 765 1810; x_wconf 88' lang='lat' dir='ltr'>subito</span> <span class='ocrx_word' id='word_1_119' title='bbox 786 1778 937 1811; x_wconf 85' lang='lat' dir='ltr'>exorta</span> <span class='ocrx_word' id='word_1_120' title='bbox 966 1776 1195 1824; x_wconf 79' lang='lat' dir='ltr'>tempestas</span> 
     </span>
     <span class='ocr_line' id='line_1_24' title="bbox 317 1832 1196 1885; baseline 0.005 -15"><span class='ocrx_word' id='word_1_121' title='bbox 317 1832 496 1871; x_wconf 80' lang='lat' dir='ltr'>classem</span> <span class='ocrx_word' id='word_1_122' title='bbox 530 1839 756 1885; x_wconf 88' lang='lat' dir='ltr'>utramque</span> <span class='ocrx_word' id='word_1_123' title='bbox 791 1833 1033 1874; x_wconf 85' lang='lat' dir='ltr'>submersit.</span> <span class='ocrx_word' id='word_1_124' title='bbox 1089 1835 1196 1874; x_wconf 86' lang='lat' dir='ltr'>Mox</span> 
     </span>
     <span class='ocr_line' id='line_1_25' title="bbox 316 1895 1197 1951; baseline 0.003 -17"><span class='ocrx_word' id='word_1_125' title='bbox 316 1895 370 1934; x_wconf 87' lang='lat' dir='ltr'>ad</span> <span class='ocrx_word' id='word_1_126' title='bbox 408 1895 649 1936; x_wconf 90' lang='lat' dir='ltr'>obsidiones</span> <span class='ocrx_word' id='word_1_127' title='bbox 681 1898 882 1951; x_wconf 91' lang='lat' dir='ltr'>utrinque</span> <span class='ocrx_word' id='word_1_128' title='bbox 928 1897 1197 1949; x_wconf 84' lang='lat' dir='ltr'>discurritur,</span> 
     </span>
     <span class='ocr_line' id='line_1_26' title="bbox 317 1958 1196 2011; baseline 0.003 -13"><span class='ocrx_word' id='word_1_129' title='bbox 317 1958 504 1998; x_wconf 86' lang='lat' dir='ltr'>omnium</span> <span class='ocrx_word' id='word_1_130' title='bbox 569 1965 784 2011; x_wconf 84' lang='lat' dir='ltr'>postrema</span> <span class='ocrx_word' id='word_1_131' title='bbox 854 1961 1196 2002; x_wconf 87' lang='lat' dir='ltr'>circumsedetur</span> 
     </span>
     <span class='ocr_line' id='line_1_27' title="bbox 315 2022 1196 2076; baseline 0.003 -15"><span class='ocrx_word' id='word_1_132' title='bbox 315 2022 495 2074; x_wconf 86' lang='lat' dir='ltr'>Munda,</span> <span class='ocrx_word' id='word_1_133' title='bbox 523 2023 595 2062; x_wconf 89' lang='lat' dir='ltr'>ubi</span> <span class='ocrx_word' id='word_1_134' title='bbox 613 2035 770 2076; x_wconf 87' lang='lat' dir='ltr'>anceps</span> <span class='ocrx_word' id='word_1_135' title='bbox 790 2024 861 2064; x_wconf 90' lang='lat' dir='ltr'>diu</span> <span class='ocrx_word' id='word_1_136' title='bbox 881 2030 926 2064; x_wconf 87' lang='lat' dir='ltr'>et</span> <span class='ocrx_word' id='word_1_137' title='bbox 946 2025 1069 2064; x_wconf 89' lang='lat' dir='ltr'>triste</span> <span class='ocrx_word' id='word_1_138' title='bbox 1090 2037 1196 2076; x_wconf 85' lang='lat' dir='ltr'>proe·</span> 
     </span>
     <span class='ocr_line' id='line_1_28' title="bbox 317 2085 1194 2127; baseline 0.003 -4"><span class='ocrx_word' id='word_1_139' title='bbox 317 2085 431 2126; x_wconf 88' lang='lat' dir='ltr'>lium.</span> <span class='ocrx_word' id='word_1_140' title='bbox 503 2086 743 2127; x_wconf 86' lang='lat' dir='ltr'>Novissime</span> <span class='ocrx_word' id='word_1_141' title='bbox 788 2087 891 2127; x_wconf 90' lang='lat' dir='ltr'>illud</span> <span class='ocrx_word' id='word_1_142' title='bbox 944 2087 1194 2127; x_wconf 87' lang='lat' dir='ltr'>inusitatum</span> 
     </span>
     <span class='ocr_line' id='line_1_29' title="bbox 317 2149 1196 2203; baseline 0.003 -16"><span class='ocrx_word' id='word_1_143' title='bbox 317 2149 501 2188; x_wconf 87' lang='lat' dir='ltr'>Caesaris</span> <span class='ocrx_word' id='word_1_144' title='bbox 536 2151 672 2189; x_wconf 82' lang='lat' dir='ltr'>oculis</span> <span class='ocrx_word' id='word_1_145' title='bbox 710 2149 840 2202; x_wconf 76' lang='lat' dir='ltr'>nefas,</span> <span class='ocrx_word' id='word_1_146' title='bbox 867 2157 964 2203; x_wconf 89' lang='lat' dir='ltr'>post</span> <span class='ocrx_word' id='word_1_147' title='bbox 995 2157 1196 2203; x_wconf 87' lang='lat' dir='ltr'>quatuor-</span> 
     </span>
     <span class='ocr_line' id='line_1_30' title="bbox 316 2211 1196 2266; baseline 0.005 -16"><span class='ocrx_word' id='word_1_148' title='bbox 316 2211 455 2251; x_wconf 89' lang='lat' dir='ltr'>decim</span> <span class='ocrx_word' id='word_1_149' title='bbox 495 2225 624 2252; x_wconf 90' lang='lat' dir='ltr'>annos</span> <span class='ocrx_word' id='word_1_150' title='bbox 663 2215 846 2266; x_wconf 90' lang='lat' dir='ltr'>probata</span> <span class='ocrx_word' id='word_1_151' title='bbox 897 2219 1196 2254; x_wconf 85' lang='lat' dir='ltr'>veteranorum</span> 
     </span>
     <span class='ocr_line' id='line_1_31' title="bbox 316 2276 1198 2328; baseline 0.003 -15"><span class='ocrx_word' id='word_1_152' title='bbox 316 2286 463 2314; x_wconf 77' lang='lat' dir='ltr'>manus</span> <span class='ocrx_word' id='word_1_153' title='bbox 511 2276 663 2316; x_wconf 84' lang='lat' dir='ltr'>retulit</span> <span class='ocrx_word' id='word_1_154' title='bbox 709 2277 875 2328; x_wconf 84' lang='lat' dir='ltr'>pedem.</span> <span class='ocrx_word' id='word_1_155' title='bbox 931 2277 1016 2316; x_wconf 87' lang='lat' dir='ltr'>Hic</span> <span class='ocrx_word' id='word_1_156' title='bbox 1053 2277 1198 2317; x_wconf 86' lang='lat' dir='ltr'>Caesar</span> 
     </span>
     <span class='ocr_line' id='line_1_32' title="bbox 315 2338 1197 2392; baseline 0.002 -16"><span class='ocrx_word' id='word_1_157' title='bbox 315 2338 419 2376; x_wconf 81' lang='lat' dir='ltr'>nihil</span> <span class='ocrx_word' id='word_1_158' title='bbox 466 2339 638 2391; x_wconf 88' lang='lat' dir='ltr'>reliquit</span> <span class='ocrx_word' id='word_1_159' title='bbox 684 2339 971 2391; x_wconf 82' lang='lat' dir='ltr'>inexpertum.</span> <span class='ocrx_word' id='word_1_160' title='bbox 1026 2339 1079 2379; x_wconf 92' lang='lat' dir='ltr'>In</span> <span class='ocrx_word' id='word_1_161' title='bbox 1115 2352 1197 2392; x_wconf 91' lang='lat' dir='ltr'>qua</span> 
     </span>
     <span class='ocr_line' id='line_1_33' title="bbox 316 2402 1196 2454; baseline -0.001 -12"><span class='ocrx_word' id='word_1_162' title='bbox 316 2402 641 2454; x_wconf 80' lang='lat' dir='ltr'>perturbatione</span> <span class='ocrx_word' id='word_1_163' title='bbox 688 2403 845 2443; x_wconf 88' lang='lat' dir='ltr'>dicitur</span> <span class='ocrx_word' id='word_1_164' title='bbox 891 2403 946 2442; x_wconf 92' lang='lat' dir='ltr'>de</span> <span class='ocrx_word' id='word_1_165' title='bbox 993 2402 1196 2442; x_wconf 87' lang='lat' dir='ltr'>extremis</span> 
     </span>
     <span class='ocr_line' id='line_1_34' title="bbox 315 2466 1195 2516; baseline -0.001 -10"><span class='ocrx_word' id='word_1_166' title='bbox 315 2466 445 2506; x_wconf 90' lang='lat' dir='ltr'>etiam</span> <span class='ocrx_word' id='word_1_167' title='bbox 462 2467 688 2516; x_wconf 85' lang='lat' dir='ltr'>cogitasse,</span> <span class='ocrx_word' id='word_1_168' title='bbox 705 2467 786 2506; x_wconf 90' lang='lat' dir='ltr'>nisi</span> <span class='ocrx_word' id='word_1_169' title='bbox 800 2466 997 2507; x_wconf 88' lang='lat' dir='ltr'>cohortes</span> <span class='ocrx_word' id='word_1_170' title='bbox 1013 2467 1195 2506; x_wconf 86' lang='lat' dir='ltr'>hostium</span> 
     </span>
     <span class='ocr_line' id='line_1_35' title="bbox 314 2531 1196 2582; baseline 0.001 -13"><span class='ocrx_word' id='word_1_171' title='bbox 314 2531 500 2582; x_wconf 90' lang='lat' dir='ltr'>quinque</span> <span class='ocrx_word' id='word_1_172' title='bbox 521 2543 598 2582; x_wconf 89' lang='lat' dir='ltr'>per</span> <span class='ocrx_word' id='word_1_173' title='bbox 618 2536 898 2571; x_wconf 84' lang='lat' dir='ltr'>transversam</span> <span class='ocrx_word' id='word_1_174' title='bbox 915 2531 1052 2572; x_wconf 89' lang='lat' dir='ltr'>aciem</span> <span class='ocrx_word' id='word_1_175' title='bbox 1070 2536 1196 2582; x_wconf 79' lang='lat' dir='ltr'>actae,</span> 
     </span>
     <span class='ocr_line' id='line_1_36' title="bbox 315 2593 1197 2646; baseline -0.001 -13"><span class='ocrx_word' id='word_1_176' title='bbox 315 2607 421 2644; x_wconf 87' lang='lat' dir='ltr'>quas</span> <span class='ocrx_word' id='word_1_177' title='bbox 443 2595 785 2646; x_wconf 80' lang='lat' dir='ltr'>periclitantibus</span> <span class='ocrx_word' id='word_1_178' title='bbox 806 2595 960 2635; x_wconf 84' lang='lat' dir='ltr'>castris</span> <span class='ocrx_word' id='word_1_179' title='bbox 993 2593 1197 2646; x_wconf 82' lang='lat' dir='ltr'>praesidio</span> 
     </span>
     <span class='ocr_line' id='line_1_37' title="bbox 315 2654 1196 2709; baseline 0 -15"><span class='ocrx_word' id='word_1_180' title='bbox 315 2656 528 2696; x_wconf 87' lang='lat' dir='ltr'>Labienus</span> <span class='ocrx_word' id='word_1_181' title='bbox 565 2658 756 2707; x_wconf 88' lang='lat' dir='ltr'>miserat,</span> <span class='ocrx_word' id='word_1_182' title='bbox 783 2669 902 2709; x_wconf 90' lang='lat' dir='ltr'>spem</span> <span class='ocrx_word' id='word_1_183' title='bbox 935 2654 1048 2708; x_wconf 83' lang='lat' dir='ltr'>fugae</span> <span class='ocrx_word' id='word_1_184' title='bbox 1086 2668 1196 2707; x_wconf 86' lang='lat' dir='ltr'>prae-</span> 
     </span>
     <span class='ocr_line' id='line_1_38' title="bbox 316 2719 1197 2771; baseline -0.003 -11"><span class='ocrx_word' id='word_1_185' title='bbox 316 2720 522 2760; x_wconf 82' lang='lat' dir='ltr'>buissent.</span> <span class='ocrx_word' id='word_1_186' title='bbox 579 2721 676 2761; x_wconf 91' lang='lat' dir='ltr'>Hoc</span> <span class='ocrx_word' id='word_1_187' title='bbox 698 2727 771 2761; x_wconf 91' lang='lat' dir='ltr'>aut</span> <span class='ocrx_word' id='word_1_188' title='bbox 801 2727 846 2760; x_wconf 88' lang='lat' dir='ltr'>et</span> <span class='ocrx_word' id='word_1_189' title='bbox 878 2721 969 2771; x_wconf 91' lang='lat' dir='ltr'>ipse</span> <span class='ocrx_word' id='word_1_190' title='bbox 996 2719 1197 2768; x_wconf 90' lang='lat' dir='ltr'>credidit,</span> 
     </span>
     <span class='ocr_line' id='line_1_39' title="bbox 316 2781 1197 2834; baseline -0.005 -11"><span class='ocrx_word' id='word_1_191' title='bbox 316 2789 395 2823; x_wconf 84' lang='lat' dir='ltr'>aut</span> <span class='ocrx_word' id='word_1_192' title='bbox 413 2783 499 2823; x_wconf 87' lang='lat' dir='ltr'>dux</span> <span class='ocrx_word' id='word_1_193' title='bbox 519 2783 695 2824; x_wconf 82' lang='lat' dir='ltr'>callidus</span> <span class='ocrx_word' id='word_1_194' title='bbox 724 2783 907 2834; x_wconf 89' lang='lat' dir='ltr'>arripuit</span> <span class='ocrx_word' id='word_1_195' title='bbox 938 2782 980 2821; x_wconf 93' lang='lat' dir='ltr'>in</span> <span class='ocrx_word' id='word_1_196' title='bbox 1013 2781 1197 2822; x_wconf 83' lang='lat' dir='ltr'>occasio-</span> 
     </span>
     <span class='ocr_line' id='line_1_40' title="bbox 315 2846 1198 2900; baseline -0.005 -13"><span class='ocrx_word' id='word_1_197' title='bbox 315 2860 440 2891; x_wconf 85' lang='lat' dir='ltr'>nem:</span> <span class='ocrx_word' id='word_1_198' title='bbox 471 2854 516 2887; x_wconf 91' lang='lat' dir='ltr'>et</span> <span class='ocrx_word' id='word_1_199' title='bbox 536 2847 654 2900; x_wconf 88' lang='lat' dir='ltr'>quasi</span> <span class='ocrx_word' id='word_1_200' title='bbox 677 2848 717 2886; x_wconf 91' lang='lat' dir='ltr'>in</span> <span class='ocrx_word' id='word_1_201' title='bbox 747 2846 960 2898; x_wconf 89' lang='lat' dir='ltr'>fugientes</span> <span class='ocrx_word' id='word_1_202' title='bbox 987 2846 1198 2895; x_wconf 89' lang='lat' dir='ltr'>invectus,</span> 
     </span>
     <span class='ocr_line' id='line_1_41' title="bbox 315 2908 1195 2957; baseline -0.005 -7"><span class='ocrx_word' id='word_1_203' title='bbox 315 2912 438 2952; x_wconf 89' lang='lat' dir='ltr'>simul</span> <span class='ocrx_word' id='word_1_204' title='bbox 473 2917 518 2951; x_wconf 89' lang='lat' dir='ltr'>et</span> <span class='ocrx_word' id='word_1_205' title='bbox 555 2923 725 2950; x_wconf 89' lang='lat' dir='ltr'>suorum</span> <span class='ocrx_word' id='word_1_206' title='bbox 763 2910 902 2949; x_wconf 88' lang='lat' dir='ltr'>erexit</span> <span class='ocrx_word' id='word_1_207' title='bbox 939 2908 1117 2957; x_wconf 86' lang='lat' dir='ltr'>animos,</span> <span class='ocrx_word' id='word_1_208' title='bbox 1149 2914 1195 2947; x_wconf 91' lang='lat' dir='ltr'>et</span> 
     </span>
     <span class='ocr_line' id='line_1_42' title="bbox 314 2972 1195 3029; baseline -0.006 -13"><span class='ocrx_word' id='word_1_209' title='bbox 314 2977 447 3017; x_wconf 90' lang='lat' dir='ltr'>hostis</span> <span class='ocrx_word' id='word_1_210' title='bbox 478 2976 678 3029; x_wconf 85' lang='lat' dir='ltr'>perculit.</span> <span class='ocrx_word' id='word_1_211' title='bbox 733 2975 829 3015; x_wconf 88' lang='lat' dir='ltr'>Hoc</span> <span class='ocrx_word' id='word_1_212' title='bbox 850 2974 998 3027; x_wconf 85' lang='lat' dir='ltr'>proelio</span> <span class='ocrx_word' id='word_1_213' title='bbox 1025 2972 1195 3024; x_wconf 85' lang='lat' dir='ltr'>profugi</span> 
     </span>
     <span class='ocr_line' id='line_1_43' title="bbox 316 3036 1197 3089; baseline -0.007 -9"><span class='ocrx_word' id='word_1_214' title='bbox 316 3052 413 3080; x_wconf 92' lang='lat' dir='ltr'>cum</span> <span class='ocrx_word' id='word_1_215' title='bbox 434 3052 479 3079; x_wconf 92' lang='lat' dir='ltr'>se</span> <span class='ocrx_word' id='word_1_216' title='bbox 501 3039 706 3079; x_wconf 89' lang='lat' dir='ltr'>Mundam</span> <span class='ocrx_word' id='word_1_217' title='bbox 726 3037 975 3089; x_wconf 89' lang='lat' dir='ltr'>recepisset,</span> <span class='ocrx_word' id='word_1_218' title='bbox 989 3042 1031 3075; x_wconf 86' lang='lat' dir='ltr'>et</span> <span class='ocrx_word' id='word_1_219' title='bbox 1054 3036 1197 3075; x_wconf 63' lang='lat' dir='ltr'>Ca‘sar</span> 
     </span>
     <span class='ocr_line' id='line_1_44' title="bbox 315 3102 1195 3153; baseline -0.009 -7"><span class='ocrx_word' id='word_1_220' title='bbox 315 3106 462 3146; x_wconf 85' lang='lat' dir='ltr'>statim</span> <span class='ocrx_word' id='word_1_221' title='bbox 484 3106 622 3145; x_wconf 84' lang='lat' dir='ltr'>victos</span> <span class='ocrx_word' id='word_1_222' title='bbox 641 3103 826 3143; x_wconf 90' lang='lat' dir='ltr'>obsideri</span> <span class='ocrx_word' id='word_1_223' title='bbox 847 3102 1112 3153; x_wconf 85' lang='lat' dir='ltr'>imperasset,</span> <span class='ocrx_word' id='word_1_224' title='bbox 1141 3112 1195 3139; x_wconf 84' lang='lat' dir='ltr'>ex</span> 
     </span>
     <span class='ocr_line' id='line_1_45' title="bbox 315 3163 1194 3222; baseline -0.009 -12"><span class='ocrx_word' id='word_1_225' title='bbox 315 3170 530 3222; x_wconf 87' lang='lat' dir='ltr'>congestis</span> <span class='ocrx_word' id='word_1_226' title='bbox 567 3168 846 3209; x_wconf 82' lang='lat' dir='ltr'>cadaveribus</span> <span class='ocrx_word' id='word_1_227' title='bbox 885 3177 1016 3217; x_wconf 80' lang='lat' dir='ltr'>agger</span> <span class='ocrx_word' id='word_1_228' title='bbox 1052 3163 1194 3204; x_wconf 87' lang='lat' dir='ltr'>factus</span> 
     </span>
     <span class='ocr_line' id='line_1_46' title="bbox 315 3226 1195 3287; baseline -0.011 -12"><span class='ocrx_word' id='word_1_229' title='bbox 315 3240 400 3284; x_wconf 85' lang='lat' dir='ltr'>est,</span> <span class='ocrx_word' id='word_1_230' title='bbox 421 3246 513 3287; x_wconf 86' lang='lat' dir='ltr'>quae</span> <span class='ocrx_word' id='word_1_231' title='bbox 536 3226 1195 3285; x_wconf 84' lang='lat' dir='ltr'>pilisjaculisqueconfixainter</span> 
     </span>
     <span class='ocr_line' id='line_1_47' title="bbox 312 3297 779 3339; baseline -0.013 0"><span class='ocrx_word' id='word_1_232' title='bbox 312 3311 358 3339; x_wconf 88' lang='lat' dir='ltr'>se</span> <span class='ocrx_word' id='word_1_233' title='bbox 379 3298 599 3338; x_wconf 88' lang='lat' dir='ltr'>tenebant.</span> <span class='ocrx_word' id='word_1_234' title='bbox 629 3297 779 3335; x_wconf 76' lang='lat' dir='ltr'>Oliver.</span> 
     </span>
    </p>

    <p class='ocr_par' dir='ltr' id='par_1_4' title="bbox 371 3354 1096 3412">
     <span class='ocr_line' id='line_1_48' title="bbox 371 3354 1096 3412; baseline -0.01 -11"><span class='ocrx_word' id='word_1_235' title='bbox 371 3361 582 3412; x_wconf 82' lang='lat' dir='ltr'>Mundam]</span> <span class='ocrx_word' id='word_1_236' title='bbox 613 3357 836 3411; x_wconf 86' lang='lat' dir='ltr'>Oppidum</span> <span class='ocrx_word' id='word_1_237' title='bbox 858 3354 1096 3407; x_wconf 78' lang='lat' dir='ltr'>Hispaniae.</span> 
     </span>
    </p>

    <p class='ocr_par' dir='ltr' id='par_1_5' title="bbox 373 3420 936 3473">
     <span class='ocr_line' id='line_1_49' title="bbox 373 3420 936 3473; baseline -0.007 -10"><span class='ocrx_word' id='word_1_238' title='bbox 373 3422 578 3473; x_wconf 79' lang='lat' dir='ltr'>Tragulis]</span> <span class='ocrx_word' id='word_1_239' title='bbox 607 3423 721 3462; x_wconf 84' lang='lat' dir='ltr'>Telis</span> <span class='ocrx_word' id='word_1_240' title='bbox 739 3420 936 3461; x_wconf 84' lang='lat' dir='ltr'>Gallicis.</span> 
     </span>
    </p>

    <p class='ocr_par' dir='ltr' id='par_1_6' title="bbox 316 3483 1194 3598">
     <span class='ocr_line' id='line_1_50' title="bbox 372 3483 1194 3538; baseline -0.009 -12"><span class='ocrx_word' id='word_1_241' title='bbox 372 3483 514 3538; x_wconf 80' lang='lat' dir='ltr'>Sudes]</span> <span class='ocrx_word' id='word_1_242' title='bbox 547 3485 637 3526; x_wconf 88' lang='lat' dir='ltr'>Pali</span> <span class='ocrx_word' id='word_1_243' title='bbox 656 3484 771 3525; x_wconf 85' lang='lat' dir='ltr'>acuti</span> <span class='ocrx_word' id='word_1_244' title='bbox 790 3495 841 3524; x_wconf 84' lang='lat' dir='ltr'>ex</span> <span class='ocrx_word' id='word_1_245' title='bbox 858 3488 1039 3534; x_wconf 84' lang='lat' dir='ltr'>utraque</span> <span class='ocrx_word' id='word_1_246' title='bbox 1054 3485 1194 3533; x_wconf 88' lang='lat' dir='ltr'>parte,</span> 
     </span>
     <span class='ocr_line' id='line_1_51' title="bbox 316 3544 1189 3598; baseline -0.007 -8"><span class='ocrx_word' id='word_1_247' title='bbox 316 3554 364 3590; x_wconf 83' lang='lat' dir='ltr'>et</span> <span class='ocrx_word' id='word_1_248' title='bbox 396 3550 439 3589; x_wconf 85' lang='lat' dir='ltr'>in</span> <span class='ocrx_word' id='word_1_249' title='bbox 476 3549 719 3590; x_wconf 84' lang='lat' dir='ltr'>summitate</span> <span class='ocrx_word' id='word_1_250' title='bbox 751 3547 905 3589; x_wconf 85' lang='lat' dir='ltr'>exusti.</span> <span class='ocrx_word' id='word_1_251' title='bbox 962 3544 1189 3598; x_wconf 81' lang='lat' dir='ltr'>Virgilius:</span> 
     </span>
    </p>
   </div>
   <div class='ocr_carea' id='block_1_3' title="bbox 902 325 1557 367">
    <p class='ocr_par' dir='ltr' id='par_1_7' title="bbox 902 325 1557 367">
     <span class='ocr_line' id='line_1_52' title="bbox 902 325 1557 367; baseline 0.005 -3"><span class='ocrx_word' id='word_1_252' title='bbox 902 325 1078 364; x_wconf 86' lang='lat' dir='ltr'><strong>NOTAE</strong></span> <span class='ocrx_word' id='word_1_253' title='bbox 1120 326 1451 366; x_wconf 84' lang='lat' dir='ltr'>VARIORUM</span> <span class='ocrx_word' id='word_1_254' title='bbox 1495 329 1557 367; x_wconf 88' lang='lat' dir='ltr'>IN</span> 
     </span>
    </p>
   </div>
   <div class='ocr_carea' id='block_1_4' title="bbox 1252 444 2166 3594">
    <p class='ocr_par' dir='ltr' id='par_1_8' title="bbox 1266 444 1964 496">
     <span class='ocr_line' id='line_1_53' title="bbox 1266 444 1964 496; baseline -0.001 -12"><span class='ocrx_word' id='word_1_255' title='bbox 1266 444 1279 466; x_wconf 80' lang='lat'>‘</span> <span class='ocrx_word' id='word_1_256' title='bbox 1294 444 1537 484; x_wconf 87' lang='lat' dir='ltr'>Sudibusve</span> <span class='ocrx_word' id='word_1_257' title='bbox 1560 444 1786 496; x_wconf 78' lang='lat' dir='ltr'>praeustis.&#39;</span> <span class='ocrx_word' id='word_1_258' title='bbox 1817 445 1964 484; x_wconf 71' lang='lat' dir='ltr'>Obiter.</span> 
     </span>
    </p>

    <p class='ocr_par' dir='ltr' id='par_1_9' title="bbox 1260 507 2166 2002">
     <span class='ocr_line' id='line_1_54' title="bbox 1316 507 2139 559; baseline -0.001 -12"><span class='ocrx_word' id='word_1_259' title='bbox 1316 509 1338 559; x_wconf 51' lang='grc' dir='ltr'><em>ᾧ</em></span> <span class='ocrx_word' id='word_1_260' title='bbox 1358 512 1384 547; x_wconf 89' lang='grc'><strong>6</strong></span> <span class='ocrx_word' id='word_1_261' title='bbox 1411 508 1542 559; x_wconf 79' lang='lat' dir='ltr'>Atque</span> <span class='ocrx_word' id='word_1_262' title='bbox 1559 513 1603 547; x_wconf 85' lang='lat' dir='ltr'>ut</span> <span class='ocrx_word' id='word_1_263' title='bbox 1628 509 1818 559; x_wconf 74' lang='lat' dir='ltr'>divinam]</span> <span class='ocrx_word' id='word_1_264' title='bbox 1850 509 1958 547; x_wconf 89' lang='lat' dir='ltr'>Cum</span> <span class='ocrx_word' id='word_1_265' title='bbox 1979 507 2139 547; x_wconf 89' lang='lat' dir='ltr'>Phraa-</span> 
     </span>
     <span class='ocr_line' id='line_1_55' title="bbox 1263 570 2140 621; baseline 0 -11"><span class='ocrx_word' id='word_1_266' title='bbox 1263 574 1328 610; x_wconf 89' lang='lat' dir='ltr'>tes</span> <span class='ocrx_word' id='word_1_267' title='bbox 1348 571 1605 609; x_wconf 88' lang='lat' dir='ltr'>Parthorum</span> <span class='ocrx_word' id='word_1_268' title='bbox 1629 582 1702 609; x_wconf 87' lang='lat' dir='ltr'>rex</span> <span class='ocrx_word' id='word_1_269' title='bbox 1731 570 1969 621; x_wconf 89' lang='lat' dir='ltr'>provincias</span> <span class='ocrx_word' id='word_1_270' title='bbox 1990 571 2140 610; x_wconf 88' lang='lat' dir='ltr'>Roma-</span> 
     </span>
     <span class='ocr_line' id='line_1_56' title="bbox 1263 633 2166 684; baseline 0.002 -12"><span class='ocrx_word' id='word_1_271' title='bbox 1263 646 1338 673; x_wconf 90' lang='lat' dir='ltr'>nas</span> <span class='ocrx_word' id='word_1_272' title='bbox 1379 633 1489 673; x_wconf 90' lang='lat' dir='ltr'>bello</span> <span class='ocrx_word' id='word_1_273' title='bbox 1527 634 1737 684; x_wconf 88' lang='lat' dir='ltr'>petiturus</span> <span class='ocrx_word' id='word_1_274' title='bbox 1774 645 1870 673; x_wconf 89' lang='lat' dir='ltr'>esse</span> <span class='ocrx_word' id='word_1_275' title='bbox 1906 633 2166 683; x_wconf 64' lang='lat' dir='ltr'>videretur,</span> 
     </span>
     <span class='ocr_line' id='line_1_57' title="bbox 1263 695 2140 747; baseline 0.001 -12"><span class='ocrx_word' id='word_1_276' title='bbox 1263 702 1366 736; x_wconf 84' lang='lat' dir='ltr'>tunc</span> <span class='ocrx_word' id='word_1_277' title='bbox 1384 695 1704 747; x_wconf 89' lang='lat' dir='ltr'>Bosphoranam</span> <span class='ocrx_word' id='word_1_278' title='bbox 1742 696 1957 747; x_wconf 84' lang='lat' dir='ltr'>regionem</span> <span class='ocrx_word' id='word_1_279' title='bbox 1993 696 2140 747; x_wconf 85' lang='lat' dir='ltr'>ingens</span> 
     </span>
     <span class='ocr_line' id='line_1_58' title="bbox 1263 756 2139 810; baseline 0.002 -14"><span class='ocrx_word' id='word_1_280' title='bbox 1263 769 1400 797; x_wconf 87' lang='lat' dir='ltr'>rerum</span> <span class='ocrx_word' id='word_1_281' title='bbox 1421 758 1598 809; x_wconf 87' lang='lat' dir='ltr'>penuria</span> <span class='ocrx_word' id='word_1_282' title='bbox 1618 765 1661 796; x_wconf 90' lang='lat' dir='ltr'>et</span> <span class='ocrx_word' id='word_1_283' title='bbox 1681 756 1817 797; x_wconf 88' lang='lat' dir='ltr'>fames</span> <span class='ocrx_word' id='word_1_284' title='bbox 1838 757 2139 810; x_wconf 81' lang='lat' dir='ltr'>incessit‚quae</span> 
     </span>
     <span class='ocr_line' id='line_1_59' title="bbox 1263 821 2142 874; baseline 0.001 -13"><span class='ocrx_word' id='word_1_285' title='bbox 1263 822 1442 862; x_wconf 85' lang='lat' dir='ltr'>Romam</span> <span class='ocrx_word' id='word_1_286' title='bbox 1462 833 1630 874; x_wconf 81' lang='lat' dir='ltr'>quoque</span> <span class='ocrx_word' id='word_1_287' title='bbox 1650 821 1857 872; x_wconf 84' lang='lat' dir='ltr'>pervasit.</span> <span class='ocrx_word' id='word_1_288' title='bbox 1913 822 2009 863; x_wconf 85' lang='lat' dir='ltr'>Quo</span> <span class='ocrx_word' id='word_1_289' title='bbox 2035 829 2142 862; x_wconf 87' lang='lat' dir='ltr'>tem-</span> 
     </span>
     <span class='ocr_line' id='line_1_60' title="bbox 1261 884 2141 937; baseline 0 -12"><span class='ocrx_word' id='word_1_290' title='bbox 1261 897 1365 937; x_wconf 89' lang='lat' dir='ltr'>pore</span> <span class='ocrx_word' id='word_1_291' title='bbox 1399 887 1540 926; x_wconf 83' lang='lat' dir='ltr'>Caesar</span> <span class='ocrx_word' id='word_1_292' title='bbox 1572 884 1794 936; x_wconf 85' lang='lat' dir='ltr'>Augustus</span> <span class='ocrx_word' id='word_1_293' title='bbox 1829 884 1873 923; x_wconf 90' lang='lat' dir='ltr'>in</span> <span class='ocrx_word' id='word_1_294' title='bbox 1910 884 2141 925; x_wconf 83' lang='lat' dir='ltr'>sterilitate</span> 
     </span>
     <span class='ocr_line' id='line_1_61' title="bbox 1261 947 2142 1000; baseline 0 -13"><span class='ocrx_word' id='word_1_295' title='bbox 1261 960 1416 1000; x_wconf 89' lang='lat' dir='ltr'>magna</span> <span class='ocrx_word' id='word_1_296' title='bbox 1435 961 1484 988; x_wconf 92' lang='lat' dir='ltr'>ac</span> <span class='ocrx_word' id='word_1_297' title='bbox 1505 947 1669 987; x_wconf 86' lang='lat' dir='ltr'>difficili</span> <span class='ocrx_word' id='word_1_298' title='bbox 1689 947 1878 987; x_wconf 85' lang='lat' dir='ltr'>remedio</span> <span class='ocrx_word' id='word_1_299' title='bbox 1898 959 1994 988; x_wconf 87' lang='lat' dir='ltr'>cum</span> <span class='ocrx_word' id='word_1_300' title='bbox 2015 959 2142 987; x_wconf 84' lang='lat' dir='ltr'>vena-</span> 
     </span>
     <span class='ocr_line' id='line_1_62' title="bbox 1260 1010 2142 1062; baseline 0 -11"><span class='ocrx_word' id='word_1_301' title='bbox 1260 1012 1373 1051; x_wconf 87' lang='lat' dir='ltr'>litias</span> <span class='ocrx_word' id='word_1_302' title='bbox 1392 1017 1438 1051; x_wconf 91' lang='lat' dir='ltr'>et</span> <span class='ocrx_word' id='word_1_303' title='bbox 1456 1012 1700 1051; x_wconf 87' lang='lat' dir='ltr'>lanistarum</span> <span class='ocrx_word' id='word_1_304' title='bbox 1730 1010 1925 1062; x_wconf 78' lang='lat' dir='ltr'>familias,</span> <span class='ocrx_word' id='word_1_305' title='bbox 1950 1011 2142 1062; x_wconf 79' lang='lat' dir='ltr'>peregri·</span> 
     </span>
     <span class='ocr_line' id='line_1_63' title="bbox 1260 1073 2142 1127; baseline -0.001 -13"><span class='ocrx_word' id='word_1_306' title='bbox 1260 1087 1420 1127; x_wconf 88' lang='lat' dir='ltr'>nosque</span> <span class='ocrx_word' id='word_1_307' title='bbox 1453 1087 1613 1121; x_wconf 88' lang='lat' dir='ltr'>omnes,</span> <span class='ocrx_word' id='word_1_308' title='bbox 1652 1075 1849 1125; x_wconf 88' lang='lat' dir='ltr'>exceptis</span> <span class='ocrx_word' id='word_1_309' title='bbox 1882 1073 2060 1113; x_wconf 89' lang='lat' dir='ltr'>medicis</span> <span class='ocrx_word' id='word_1_310' title='bbox 2097 1080 2142 1113; x_wconf 88' lang='lat' dir='ltr'>et</span> 
     </span>
     <span class='ocr_line' id='line_1_64' title="bbox 1262 1137 2142 1190; baseline -0.002 -12"><span class='ocrx_word' id='word_1_311' title='bbox 1262 1139 1616 1190; x_wconf 62' lang='lat' dir='ltr'>praeceptoribus,</span> <span class='ocrx_word' id='word_1_312' title='bbox 1654 1143 1908 1190; x_wconf 87' lang='lat' dir='ltr'>partemque</span> <span class='ocrx_word' id='word_1_313' title='bbox 1945 1137 2142 1177; x_wconf 87' lang='lat' dir='ltr'>servitio-</span> 
     </span>
     <span class='ocr_line' id='line_1_65' title="bbox 1263 1199 2140 1252; baseline 0.001 -13"><span class='ocrx_word' id='word_1_314' title='bbox 1263 1213 1354 1240; x_wconf 87' lang='lat' dir='ltr'>rum</span> <span class='ocrx_word' id='word_1_315' title='bbox 1376 1201 1481 1240; x_wconf 88' lang='lat' dir='ltr'>urbe</span> <span class='ocrx_word' id='word_1_316' title='bbox 1499 1201 1751 1252; x_wconf 86' lang='lat' dir='ltr'>expulisset,</span> <span class='ocrx_word' id='word_1_317' title='bbox 1779 1199 1948 1239; x_wconf 86' lang='lat' dir='ltr'>tandem</span> <span class='ocrx_word' id='word_1_318' title='bbox 1974 1210 2140 1240; x_wconf 83' lang='lat' dir='ltr'>annona</span> 
     </span>
     <span class='ocr_line' id='line_1_66' title="bbox 1263 1263 2142 1315; baseline -0.001 -11"><span class='ocrx_word' id='word_1_319' title='bbox 1263 1263 1498 1314; x_wconf 90' lang='lat' dir='ltr'>convaluit,</span> <span class='ocrx_word' id='word_1_320' title='bbox 1526 1263 1731 1315; x_wconf 88' lang='lat' dir='ltr'>impetum</span> <span class='ocrx_word' id='word_1_321' title='bbox 1767 1275 1812 1303; x_wconf 86' lang='lat' dir='ltr'>se</span> <span class='ocrx_word' id='word_1_322' title='bbox 1841 1263 2011 1314; x_wconf 89' lang='lat' dir='ltr'>cepisse</span> <span class='ocrx_word' id='word_1_323' title='bbox 2038 1263 2142 1303; x_wconf 86' lang='lat' dir='ltr'>scri-</span> 
     </span>
     <span class='ocr_line' id='line_1_67' title="bbox 1263 1325 2140 1379; baseline -0.002 -12"><span class='ocrx_word' id='word_1_324' title='bbox 1263 1327 1327 1367; x_wconf 89' lang='lat' dir='ltr'>bit</span> <span class='ocrx_word' id='word_1_325' title='bbox 1344 1327 1699 1366; x_wconf 86' lang='lat' dir='ltr'>frumentationes</span> <span class='ocrx_word' id='word_1_326' title='bbox 1719 1325 1914 1377; x_wconf 87' lang='lat' dir='ltr'>publicas</span> <span class='ocrx_word' id='word_1_327' title='bbox 1937 1331 2140 1379; x_wconf 81' lang='lat' dir='ltr'>perpetu-</span> 
     </span>
     <span class='ocr_line' id='line_1_68' title="bbox 1265 1389 2141 1443; baseline 0 -13"><span class='ocrx_word' id='word_1_328' title='bbox 1265 1403 1334 1430; x_wconf 91' lang='lat' dir='ltr'>um</span> <span class='ocrx_word' id='word_1_329' title='bbox 1377 1390 1592 1441; x_wconf 86' lang='lat' dir='ltr'>abolendi,</span> <span class='ocrx_word' id='word_1_330' title='bbox 1633 1390 1742 1443; x_wconf 92' lang='lat' dir='ltr'>quod</span> <span class='ocrx_word' id='word_1_331' title='bbox 1790 1402 1938 1430; x_wconf 85' lang='lat' dir='ltr'>earum</span> <span class='ocrx_word' id='word_1_332' title='bbox 1983 1389 2141 1438; x_wconf 81' lang='lat' dir='ltr'>fiducia</span> 
     </span>
     <span class='ocr_line' id='line_1_69' title="bbox 1264 1454 2141 1505; baseline 0.001 -13"><span class='ocrx_word' id='word_1_333' title='bbox 1264 1465 1462 1505; x_wconf 89' lang='lat' dir='ltr'>agrorum</span> <span class='ocrx_word' id='word_1_334' title='bbox 1482 1454 1649 1493; x_wconf 86' lang='lat' dir='ltr'>cultura</span> <span class='ocrx_word' id='word_1_335' title='bbox 1673 1457 1892 1494; x_wconf 89' lang='lat' dir='ltr'>cessaret:</span> <span class='ocrx_word' id='word_1_336' title='bbox 1921 1463 2058 1505; x_wconf 89' lang='lat' dir='ltr'>neque</span> <span class='ocrx_word' id='word_1_337' title='bbox 2079 1457 2141 1493; x_wconf 84' lang='lat' dir='ltr'>ta-</span> 
     </span>
     <span class='ocr_line' id='line_1_70' title="bbox 1264 1515 2142 1568; baseline -0.001 -12"><span class='ocrx_word' id='word_1_338' title='bbox 1264 1529 1361 1556; x_wconf 88' lang='lat' dir='ltr'>men</span> <span class='ocrx_word' id='word_1_339' title='bbox 1396 1527 1707 1568; x_wconf 82' lang='lat' dir='ltr'>perseverasse‚</span> <span class='ocrx_word' id='word_1_340' title='bbox 1735 1516 1834 1568; x_wconf 89' lang='lat' dir='ltr'>quia</span> <span class='ocrx_word' id='word_1_341' title='bbox 1868 1521 2034 1556; x_wconf 88' lang='lat' dir='ltr'>certum</span> <span class='ocrx_word' id='word_1_342' title='bbox 2070 1515 2142 1555; x_wconf 86' lang='lat' dir='ltr'>ba·</span> 
     </span>
     <span class='ocr_line' id='line_1_71' title="bbox 1264 1579 2141 1632; baseline -0.001 -13"><span class='ocrx_word' id='word_1_343' title='bbox 1264 1580 1403 1630; x_wconf 84' lang='lat' dir='ltr'>beret,</span> <span class='ocrx_word' id='word_1_344' title='bbox 1424 1591 1548 1631; x_wconf 88' lang='lat' dir='ltr'>posse</span> <span class='ocrx_word' id='word_1_345' title='bbox 1569 1591 1644 1631; x_wconf 91' lang='lat' dir='ltr'>per</span> <span class='ocrx_word' id='word_1_346' title='bbox 1662 1580 1934 1619; x_wconf 88' lang='lat' dir='ltr'>ambitionem</span> <span class='ocrx_word' id='word_1_347' title='bbox 1953 1579 2141 1632; x_wconf 87' lang='lat' dir='ltr'>quando-</span> 
     </span>
     <span class='ocr_line' id='line_1_72' title="bbox 1263 1643 2140 1696; baseline -0.001 -13"><span class='ocrx_word' id='word_1_348' title='bbox 1263 1656 1346 1696; x_wconf 92' lang='lat' dir='ltr'>que</span> <span class='ocrx_word' id='word_1_349' title='bbox 1383 1643 1567 1683; x_wconf 88' lang='lat' dir='ltr'>restitui.</span> <span class='ocrx_word' id='word_1_350' title='bbox 1627 1643 1770 1695; x_wconf 86' lang='lat' dir='ltr'>Atque</span> <span class='ocrx_word' id='word_1_351' title='bbox 1807 1643 1865 1682; x_wconf 86' lang='lat' dir='ltr'>ita</span> <span class='ocrx_word' id='word_1_352' title='bbox 1902 1648 2000 1694; x_wconf 85' lang='lat' dir='ltr'>post</span> <span class='ocrx_word' id='word_1_353' title='bbox 2030 1643 2140 1682; x_wconf 87' lang='lat' dir='ltr'>hanc</span> 
     </span>
     <span class='ocr_line' id='line_1_73' title="bbox 1262 1705 2140 1759; baseline -0.002 -13"><span class='ocrx_word' id='word_1_354' title='bbox 1262 1719 1351 1747; x_wconf 91' lang='lat' dir='ltr'>rem</span> <span class='ocrx_word' id='word_1_355' title='bbox 1371 1705 1643 1759; x_wconf 82' lang='lat' dir='ltr'>temperavit,</span> <span class='ocrx_word' id='word_1_356' title='bbox 1659 1712 1705 1745; x_wconf 93' lang='lat' dir='ltr'>ut</span> <span class='ocrx_word' id='word_1_357' title='bbox 1727 1718 1807 1745; x_wconf 91' lang='lat' dir='ltr'>non</span> <span class='ocrx_word' id='word_1_358' title='bbox 1824 1706 2026 1745; x_wconf 89' lang='lat' dir='ltr'>minorem</span> <span class='ocrx_word' id='word_1_359' title='bbox 2049 1715 2140 1745; x_wconf 90' lang='lat' dir='ltr'>ara-</span> 
     </span>
     <span class='ocr_line' id='line_1_74' title="bbox 1262 1767 2138 1820; baseline -0.005 -10"><span class='ocrx_word' id='word_1_360' title='bbox 1262 1776 1400 1811; x_wconf 84' lang='lat' dir='ltr'>torum</span> <span class='ocrx_word' id='word_1_361' title='bbox 1426 1775 1471 1810; x_wconf 90' lang='lat' dir='ltr'>et</span> <span class='ocrx_word' id='word_1_362' title='bbox 1501 1768 1812 1820; x_wconf 88' lang='lat' dir='ltr'>negotiantium</span> <span class='ocrx_word' id='word_1_363' title='bbox 1842 1780 1969 1820; x_wconf 86' lang='lat' dir='ltr'>quam</span> <span class='ocrx_word' id='word_1_364' title='bbox 1991 1767 2138 1819; x_wconf 88' lang='lat' dir='ltr'>populi</span> 
     </span>
     <span class='ocr_line' id='line_1_75' title="bbox 1260 1830 2139 1873; baseline -0.005 0"><span class='ocrx_word' id='word_1_365' title='bbox 1260 1833 1469 1873; x_wconf 89' lang='lat' dir='ltr'>rationem</span> <span class='ocrx_word' id='word_1_366' title='bbox 1506 1831 1702 1871; x_wconf 87' lang='lat' dir='ltr'>duceret.</span> <span class='ocrx_word' id='word_1_367' title='bbox 1756 1831 1868 1871; x_wconf 85' lang='lat' dir='ltr'>Haec</span> <span class='ocrx_word' id='word_1_368' title='bbox 1896 1830 2139 1870; x_wconf 85' lang='lat' dir='ltr'>Suetonius.</span> 
     </span>
     <span class='ocr_line' id='line_1_76' title="bbox 1263 1894 2138 1947; baseline -0.006 -9"><span class='ocrx_word' id='word_1_369' title='bbox 1263 1899 1409 1938; x_wconf 78' lang='lat' dir='ltr'>Oliver.</span> <span class='ocrx_word' id='word_1_370' title='bbox 1467 1896 1659 1947; x_wconf 86' lang='lat' dir='ltr'>Contigit</span> <span class='ocrx_word' id='word_1_371' title='bbox 1692 1894 1747 1936; x_wconf 87' lang='lat' dir='ltr'>A.</span> <span class='ocrx_word' id='word_1_372' title='bbox 1781 1894 1835 1935; x_wconf 91' lang='lat' dir='ltr'>U.</span> <span class='ocrx_word' id='word_1_373' title='bbox 1867 1904 2138 1934; x_wconf 82' lang='lat' dir='ltr'>nccxxxcu.</span> 
     </span>
     <span class='ocr_line' id='line_1_77' title="bbox 1260 1961 1445 2002; baseline -0.016 0"><span class='ocrx_word' id='word_1_374' title='bbox 1260 1961 1445 2002; x_wconf 84' lang='lat' dir='ltr'>circiter.</span> 
     </span>
    </p>

    <p class='ocr_par' dir='ltr' id='par_1_10' title="bbox 1260 2019 2136 2143">
     <span class='ocr_line' id='line_1_78' title="bbox 1313 2019 2136 2075; baseline -0.006 -11"><span class='ocrx_word' id='word_1_375' title='bbox 1313 2024 1432 2075; x_wconf 77' lang='lat' dir='ltr'>Filii]</span> <span class='ocrx_word' id='word_1_376' title='bbox 1460 2021 1645 2075; x_wconf 90' lang='lat' dir='ltr'>Augusti</span> <span class='ocrx_word' id='word_1_377' title='bbox 1664 2021 1845 2062; x_wconf 83' lang='lat' dir='ltr'>Caesaris</span> <span class='ocrx_word' id='word_1_378' title='bbox 1871 2033 1896 2060; x_wconf 86' lang='lat' dir='ltr'>a</span> <span class='ocrx_word' id='word_1_379' title='bbox 1913 2019 2032 2063; x_wconf 78' lang='lat' dir='ltr'>Julio</span> <span class='ocrx_word' id='word_1_380' title='bbox 2065 2019 2136 2060; x_wconf 88' lang='lat' dir='ltr'>ad-</span> 
     </span>
     <span class='ocr_line' id='line_1_79' title="bbox 1260 2090 1416 2143; baseline -0.006 -13"><span class='ocrx_word' id='word_1_381' title='bbox 1260 2090 1416 2143; x_wconf 87' lang='lat' dir='ltr'>optati.</span> 
     </span>
    </p>

    <p class='ocr_par' dir='ltr' id='par_1_11' title="bbox 1258 2150 2139 2900">
     <span class='ocr_line' id='line_1_80' title="bbox 1314 2150 2136 2204; baseline -0.005 -10"><span class='ocrx_word' id='word_1_382' title='bbox 1314 2155 1366 2194; x_wconf 84' lang='lat' dir='ltr'>In</span> <span class='ocrx_word' id='word_1_383' title='bbox 1392 2153 1646 2204; x_wconf 73' lang='lat' dir='ltr'>Bosphorum</span> <span class='ocrx_word' id='word_1_384' title='bbox 1681 2150 1834 2202; x_wconf 79' lang='lat' dir='ltr'>tractu]</span> <span class='ocrx_word' id='word_1_385' title='bbox 1859 2151 1911 2190; x_wconf 90' lang='lat' dir='ltr'>In</span> <span class='ocrx_word' id='word_1_386' title='bbox 1958 2150 2136 2202; x_wconf 78' lang='lat' dir='ltr'>regione</span> 
     </span>
     <span class='ocr_line' id='line_1_81' title="bbox 1259 2214 2137 2268; baseline -0.005 -11"><span class='ocrx_word' id='word_1_387' title='bbox 1259 2216 1600 2268; x_wconf 82' lang='lat' dir='ltr'>Hellespontica.</span> <span class='ocrx_word' id='word_1_388' title='bbox 1636 2216 1746 2254; x_wconf 87' lang='lat' dir='ltr'>Sunt</span> <span class='ocrx_word' id='word_1_389' title='bbox 1765 2221 1907 2254; x_wconf 90' lang='lat' dir='ltr'>autem</span> <span class='ocrx_word' id='word_1_390' title='bbox 1924 2214 2137 2266; x_wconf 86' lang='lat' dir='ltr'>Bosphori</span> 
     </span>
     <span class='ocr_line' id='line_1_82' title="bbox 1259 2277 2137 2330; baseline -0.003 -10"><span class='ocrx_word' id='word_1_391' title='bbox 1259 2281 1368 2330; x_wconf 91' lang='lat' dir='ltr'>duo;</span> <span class='ocrx_word' id='word_1_392' title='bbox 1395 2279 1753 2330; x_wconf 84' lang='lat' dir='ltr'>Thracius,juxta</span> <span class='ocrx_word' id='word_1_393' title='bbox 1770 2279 2038 2330; x_wconf 74' lang='lat' dir='ltr'>Byzantium,</span> <span class='ocrx_word' id='word_1_394' title='bbox 2058 2277 2137 2317; x_wconf 89' lang='lat' dir='ltr'>hoc</span> 
     </span>
     <span class='ocr_line' id='line_1_83' title="bbox 1259 2340 2139 2394; baseline -0.005 -10"><span class='ocrx_word' id='word_1_395' title='bbox 1259 2342 1767 2394; x_wconf 83' lang='lat' dir='ltr'>est‚Constantinopolim</span> <span class='ocrx_word' id='word_1_396' title='bbox 1784 2354 1794 2390; x_wconf 91' lang='lat'>;</span> <span class='ocrx_word' id='word_1_397' title='bbox 1814 2342 1924 2380; x_wconf 89' lang='lat' dir='ltr'>alter</span> <span class='ocrx_word' id='word_1_398' title='bbox 1943 2341 1985 2380; x_wconf 93' lang='lat' dir='ltr'>in</span> <span class='ocrx_word' id='word_1_399' title='bbox 2007 2340 2139 2381; x_wconf 87' lang='lat' dir='ltr'>intro-</span> 
     </span>
     <span class='ocr_line' id='line_1_84' title="bbox 1258 2402 2137 2459; baseline -0.005 -13"><span class='ocrx_word' id='word_1_400' title='bbox 1258 2407 1319 2447; x_wconf 88' lang='lat' dir='ltr'>itu</span> <span class='ocrx_word' id='word_1_401' title='bbox 1341 2406 1509 2459; x_wconf 84' lang='lat' dir='ltr'>paludis</span> <span class='ocrx_word' id='word_1_402' title='bbox 1527 2403 1778 2452; x_wconf 83' lang='lat' dir='ltr'>Moeotidos,</span> <span class='ocrx_word' id='word_1_403' title='bbox 1793 2404 1864 2455; x_wconf 88' lang='lat' dir='ltr'>qui</span> <span class='ocrx_word' id='word_1_404' title='bbox 1884 2402 2137 2442; x_wconf 87' lang='lat' dir='ltr'>Cimmerius</span> 
     </span>
     <span class='ocr_line' id='line_1_85' title="bbox 1259 2464 2136 2519; baseline -0.002 -11"><span class='ocrx_word' id='word_1_405' title='bbox 1259 2469 1431 2508; x_wconf 89' lang='lat' dir='ltr'>dicitur.</span> <span class='ocrx_word' id='word_1_406' title='bbox 1488 2469 1557 2507; x_wconf 88' lang='lat' dir='ltr'>De</span> <span class='ocrx_word' id='word_1_407' title='bbox 1590 2480 1671 2519; x_wconf 88' lang='lat' dir='ltr'>quo</span> <span class='ocrx_word' id='word_1_408' title='bbox 1703 2465 1882 2505; x_wconf 87' lang='lat' dir='ltr'>Ovidius</span> <span class='ocrx_word' id='word_1_409' title='bbox 1902 2464 2034 2504; x_wconf 87' lang='lat' dir='ltr'>Trist.</span> <span class='ocrx_word' id='word_1_410' title='bbox 2062 2476 2136 2506; x_wconf 84' lang='lat'>111.</span> 
     </span>
     <span class='ocr_line' id='line_1_86' title="bbox 1259 2527 2136 2583; baseline -0.007 -12"><span class='ocrx_word' id='word_1_411' title='bbox 1259 2534 1271 2554; x_wconf 94' lang='lat'>‘</span> <span class='ocrx_word' id='word_1_412' title='bbox 1287 2533 1534 2583; x_wconf 83' lang='lat' dir='ltr'>Bosphorus</span> <span class='ocrx_word' id='word_1_413' title='bbox 1552 2536 1598 2569; x_wconf 89' lang='lat' dir='ltr'>et</span> <span class='ocrx_word' id='word_1_414' title='bbox 1616 2529 1775 2568; x_wconf 81' lang='lat' dir='ltr'>&#39;l&#39;anais</span> <span class='ocrx_word' id='word_1_415' title='bbox 1796 2532 2015 2579; x_wconf 82' lang='lat' dir='ltr'>superant,</span> <span class='ocrx_word' id='word_1_416' title='bbox 2034 2527 2136 2579; x_wconf 87' lang='lat' dir='ltr'>Scy-</span> 
     </span>
     <span class='ocr_line' id='line_1_87' title="bbox 1259 2589 2135 2648; baseline -0.007 -13"><span class='ocrx_word' id='word_1_417' title='bbox 1259 2595 1447 2648; x_wconf 78' lang='lat' dir='ltr'>thiaeque</span> <span class='ocrx_word' id='word_1_418' title='bbox 1473 2593 1667 2646; x_wconf 74' lang='lat' dir='ltr'>paludeS,</span> <span class='ocrx_word' id='word_1_419' title='bbox 1697 2591 1868 2642; x_wconf 84' lang='lat' dir='ltr'>Vixque</span> <span class='ocrx_word' id='word_1_420' title='bbox 1900 2590 2002 2630; x_wconf 87' lang='lat' dir='ltr'>satis</span> <span class='ocrx_word' id='word_1_421' title='bbox 2036 2589 2135 2629; x_wconf 87' lang='lat' dir='ltr'>novi</span> 
     </span>
     <span class='ocr_line' id='line_1_88' title="bbox 1259 2651 2138 2709; baseline -0.008 -11"><span class='ocrx_word' id='word_1_422' title='bbox 1259 2659 1427 2698; x_wconf 84' lang='lat' dir='ltr'>nomina</span> <span class='ocrx_word' id='word_1_423' title='bbox 1448 2669 1582 2709; x_wconf 90' lang='lat' dir='ltr'>pauca</span> <span class='ocrx_word' id='word_1_424' title='bbox 1600 2655 1713 2695; x_wconf 89' lang='lat' dir='ltr'>loci.&#39;</span> <span class='ocrx_word' id='word_1_425' title='bbox 1771 2654 2016 2704; x_wconf 79' lang='lat' dir='ltr'>Bosphorus</span> <span class='ocrx_word' id='word_1_426' title='bbox 2035 2665 2059 2692; x_wconf 90' lang='lat' dir='ltr'>a</span> <span class='ocrx_word' id='word_1_427' title='bbox 2076 2651 2138 2692; x_wconf 87' lang='lat' dir='ltr'>fe-</span> 
     </span>
     <span class='ocr_line' id='line_1_89' title="bbox 1258 2715 2135 2768; baseline -0.005 -8"><span class='ocrx_word' id='word_1_428' title='bbox 1258 2720 1390 2760; x_wconf 89' lang='lat' dir='ltr'>renda</span> <span class='ocrx_word' id='word_1_429' title='bbox 1408 2720 1514 2760; x_wconf 92' lang='lat' dir='ltr'>bove</span> <span class='ocrx_word' id='word_1_430' title='bbox 1531 2720 1692 2768; x_wconf 84' lang='lat' dir='ltr'>dictus,</span> <span class='ocrx_word' id='word_1_431' title='bbox 1721 2717 1788 2756; x_wconf 89' lang='lat' dir='ltr'>vel</span> <span class='ocrx_word' id='word_1_432' title='bbox 1805 2729 1828 2756; x_wconf 91' lang='lat' dir='ltr'>a</span> <span class='ocrx_word' id='word_1_433' title='bbox 1848 2716 2028 2756; x_wconf 88' lang='lat' dir='ltr'>transitu</span> <span class='ocrx_word' id='word_1_434' title='bbox 2061 2715 2135 2756; x_wconf 89' lang='lat' dir='ltr'>bo·</span> 
     </span>
     <span class='ocr_line' id='line_1_90' title="bbox 1259 2778 2137 2835; baseline -0.007 -12"><span class='ocrx_word' id='word_1_435' title='bbox 1259 2784 1340 2835; x_wconf 92' lang='lat' dir='ltr'>vis,</span> <span class='ocrx_word' id='word_1_436' title='bbox 1370 2785 1459 2823; x_wconf 89' lang='lat' dir='ltr'>sive</span> <span class='ocrx_word' id='word_1_437' title='bbox 1480 2783 1533 2822; x_wconf 87' lang='lat' dir='ltr'>ab</span> <span class='ocrx_word' id='word_1_438' title='bbox 1562 2780 1751 2833; x_wconf 87' lang='lat' dir='ltr'>angustis</span> <span class='ocrx_word' id='word_1_439' title='bbox 1791 2778 1999 2819; x_wconf 87' lang='lat' dir='ltr'>meatibus</span> <span class='ocrx_word' id='word_1_440' title='bbox 2039 2778 2137 2818; x_wconf 90' lang='lat' dir='ltr'>bovi</span> 
     </span>
     <span class='ocr_line' id='line_1_91' title="bbox 1259 2846 1610 2900; baseline -0.009 -14"><span class='ocrx_word' id='word_1_441' title='bbox 1259 2848 1431 2900; x_wconf 73' lang='lat' dir='ltr'>perviis,</span> <span class='ocrx_word' id='word_1_442' title='bbox 1462 2846 1610 2884; x_wconf 83' lang='lat' dir='ltr'>Oliver.</span> 
     </span>
    </p>

    <p class='ocr_par' dir='ltr' id='par_1_12' title="bbox 1252 2902 2150 3594">
     <span class='ocr_line' id='line_1_92' title="bbox 1318 2902 2136 2955; baseline -0.007 -5"><span class='ocrx_word' id='word_1_443' title='bbox 1318 2912 1373 2950; x_wconf 87' lang='lat' dir='ltr'>Ut</span> <span class='ocrx_word' id='word_1_444' title='bbox 1389 2923 1460 2949; x_wconf 84' lang='lat' dir='ltr'>sex</span> <span class='ocrx_word' id='word_1_445' title='bbox 1476 2909 1630 2948; x_wconf 80' lang='lat' dir='ltr'>milibus</span> <span class='ocrx_word' id='word_1_446' title='bbox 1656 2906 1828 2947; x_wconf 74' lang='lat' dir='ltr'>denariis</span> <span class='ocrx_word' id='word_1_447' title='bbox 1857 2902 2013 2955; x_wconf 74' lang='lat' dir='ltr'>singula</span> <span class='ocrx_word' id='word_1_448' title='bbox 2045 2915 2136 2944; x_wconf 75' lang='lat' dir='ltr'>vasa</span> 
     </span>
     <span class='ocr_line' id='line_1_93' title="bbox 1258 2969 2137 3024; baseline -0.009 -11"><span class='ocrx_word' id='word_1_449' title='bbox 1258 2975 1347 3024; x_wconf 82' lang='lat' dir='ltr'>olei,</span> <span class='ocrx_word' id='word_1_450' title='bbox 1361 2972 1632 3023; x_wconf 79' lang='lat' dir='ltr'>frumentique</span> <span class='ocrx_word' id='word_1_451' title='bbox 1650 2970 1787 3009; x_wconf 78' lang='lat' dir='ltr'>modiis</span> <span class='ocrx_word' id='word_1_452' title='bbox 1805 2969 1967 3008; x_wconf 80' lang='lat' dir='ltr'>totidem</span> <span class='ocrx_word' id='word_1_453' title='bbox 1993 2969 2137 3006; x_wconf 79' lang='lat' dir='ltr'>manci-</span> 
     </span>
     <span class='ocr_line' id='line_1_94' title="bbox 1254 3030 2135 3088; baseline -0.009 -11"><span class='ocrx_word' id='word_1_454' title='bbox 1254 3038 1323 3088; x_wconf 81' lang='lat' dir='ltr'>pia</span> <span class='ocrx_word' id='word_1_455' title='bbox 1337 3035 1671 3088; x_wconf 66' lang='lat' dir='ltr'>permitterentur]</span> <span class='ocrx_word' id='word_1_456' title='bbox 1699 3034 1769 3072; x_wconf 89' lang='lat' dir='ltr'>Ita</span> <span class='ocrx_word' id='word_1_457' title='bbox 1787 3030 1927 3082; x_wconf 85' lang='lat' dir='ltr'>vulgo.</span> <span class='ocrx_word' id='word_1_458' title='bbox 1991 3032 2135 3082; x_wconf 87' lang='lat' dir='ltr'>Longe</span> 
     </span>
     <span class='ocr_line' id='line_1_95' title="bbox 1257 3094 2135 3140; baseline -0.007 0"><span class='ocrx_word' id='word_1_459' title='bbox 1257 3101 1341 3140; x_wconf 90' lang='lat' dir='ltr'>alia</span> <span class='ocrx_word' id='word_1_460' title='bbox 1360 3106 1425 3139; x_wconf 87' lang='lat' dir='ltr'>est</span> <span class='ocrx_word' id='word_1_461' title='bbox 1447 3098 1574 3139; x_wconf 85' lang='lat' dir='ltr'>lectio</span> <span class='ocrx_word' id='word_1_462' title='bbox 1592 3098 1634 3137; x_wconf 88' lang='lat' dir='ltr'>in</span> <span class='ocrx_word' id='word_1_463' title='bbox 1658 3098 1885 3136; x_wconf 88' lang='lat' dir='ltr'>Pulmann.</span> <span class='ocrx_word' id='word_1_464' title='bbox 1905 3094 2072 3133; x_wconf 86' lang='lat' dir='ltr'>Susian.</span> <span class='ocrx_word' id='word_1_465' title='bbox 2089 3099 2135 3134; x_wconf 91' lang='lat' dir='ltr'>et</span> 
     </span>
     <span class='ocr_line' id='line_1_96' title="bbox 1257 3156 2136 3213; baseline -0.007 -10"><span class='ocrx_word' id='word_1_466' title='bbox 1257 3161 1555 3213; x_wconf 87' lang='lat' dir='ltr'>Atrebatensi,</span> <span class='ocrx_word' id='word_1_467' title='bbox 1583 3172 1761 3212; x_wconf 88' lang='lat' dir='ltr'>meoque</span> <span class='ocrx_word' id='word_1_468' title='bbox 1789 3156 1956 3210; x_wconf 87' lang='lat' dir='ltr'>judicio</span> <span class='ocrx_word' id='word_1_469' title='bbox 1996 3159 2136 3197; x_wconf 87' lang='lat' dir='ltr'>verior</span> 
     </span>
     <span class='ocr_line' id='line_1_97' title="bbox 1257 3219 2150 3278; baseline -0.009 -11"><span class='ocrx_word' id='word_1_470' title='bbox 1257 3234 1385 3278; x_wconf 88' lang='lat' dir='ltr'>atque</span> <span class='ocrx_word' id='word_1_471' title='bbox 1404 3225 1667 3267; x_wconf 89' lang='lat' dir='ltr'>correctior:</span> <span class='ocrx_word' id='word_1_472' title='bbox 1697 3223 1757 3262; x_wconf 78' lang='lat' dir='ltr'>uti</span> <span class='ocrx_word' id='word_1_473' title='bbox 1775 3235 1799 3260; x_wconf 85' lang='grc' dir='ltr'><em>α</em></span> <span class='ocrx_word' id='word_1_474' title='bbox 1830 3219 2022 3260; x_wconf 78' lang='lat' dir='ltr'>militibus</span> <span class='ocrx_word' id='word_1_475' title='bbox 2051 3220 2150 3259; x_wconf 79' lang='lat' dir='ltr'>sin-¹</span> 
     </span>
     <span class='ocr_line' id='line_1_98' title="bbox 1252 3283 2134 3340; baseline -0.006 -12"><span class='ocrx_word' id='word_1_476' title='bbox 1252 3291 1360 3340; x_wconf 83' lang='lat' dir='ltr'>gulis</span> <span class='ocrx_word' id='word_1_477' title='bbox 1394 3288 1468 3328; x_wconf 81' lang='lat' dir='ltr'>olei</span> <span class='ocrx_word' id='word_1_478' title='bbox 1495 3287 1764 3337; x_wconf 77' lang='lat' dir='ltr'>frumentique</span> <span class='ocrx_word' id='word_1_479' title='bbox 1799 3283 1938 3322; x_wconf 80' lang='lat' dir='ltr'>modiis</span> <span class='ocrx_word' id='word_1_480' title='bbox 1974 3283 2134 3323; x_wconf 76' lang='lat' dir='ltr'>totidem</span> 
     </span>
     <span class='ocr_line' id='line_1_99' title="bbox 1253 3345 2133 3403; baseline -0.009 -10"><span class='ocrx_word' id='word_1_481' title='bbox 1253 3353 1446 3403; x_wconf 80' lang='lat' dir='ltr'>mancipia</span> <span class='ocrx_word' id='word_1_482' title='bbox 1464 3353 1790 3403; x_wconf 64' lang='lat' dir='ltr'>pen-mutarentur.</span> <span class='ocrx_word' id='word_1_483' title='bbox 1836 3345 2018 3386; x_wconf 88' lang='lat' dir='ltr'>Librarii</span> <span class='ocrx_word' id='word_1_484' title='bbox 2038 3358 2133 3397; x_wconf 87' lang='lat' dir='ltr'>per-</span> 
     </span>
     <span class='ocr_line' id='line_1_100' title="bbox 1254 3407 2149 3467; baseline -0.011 -12"><span class='ocrx_word' id='word_1_485' title='bbox 1254 3427 1406 3467; x_wconf 80' lang='lat' dir='ltr'>peram.</span> <span class='ocrx_word' id='word_1_486' title='bbox 1421 3414 1651 3465; x_wconf 88' lang='lat' dir='ltr'>scripsere,</span> <span class='ocrx_word' id='word_1_487' title='bbox 1680 3409 1851 3459; x_wconf 80' lang='lat' dir='ltr'>milibus,</span> <span class='ocrx_word' id='word_1_488' title='bbox 1879 3420 1957 3459; x_wconf 88' lang='lat' dir='ltr'>pro</span> <span class='ocrx_word' id='word_1_489' title='bbox 1991 3407 2149 3452; x_wconf 45' lang='lat' dir='ltr'>militi,</span> 
     </span>
     <span class='ocr_line' id='line_1_101' title="bbox 1253 3472 2134 3526; baseline -0.007 -8"><span class='ocrx_word' id='word_1_490' title='bbox 1253 3478 1351 3525; x_wconf 75' lang='lat' dir='ltr'>hus;</span> <span class='ocrx_word' id='word_1_491' title='bbox 1366 3473 1485 3517; x_wconf 89' lang='lat' dir='ltr'>scioli</span> <span class='ocrx_word' id='word_1_492' title='bbox 1499 3475 1704 3516; x_wconf 88' lang='lat' dir='ltr'>addidere</span> <span class='ocrx_word' id='word_1_493' title='bbox 1720 3474 1897 3526; x_wconf 84' lang='lat' dir='ltr'>glossas,</span> <span class='ocrx_word' id='word_1_494' title='bbox 1911 3472 2134 3524; x_wconf 82' lang='lat' dir='ltr'>locumque</span> 
     </span>
     <span class='ocr_line' id='line_1_102' title="bbox 1254 3535 2087 3594; baseline -0.006 -13"><span class='ocrx_word' id='word_1_495' title='bbox 1254 3540 1510 3594; x_wconf 82' lang='lat' dir='ltr'>prejudicio</span> <span class='ocrx_word' id='word_1_496' title='bbox 1529 3551 1604 3579; x_wconf 87' lang='lat' dir='ltr'>suo</span> <span class='ocrx_word' id='word_1_497' title='bbox 1626 3537 1934 3590; x_wconf 81' lang='lat' dir='ltr'>depravarunt.</span> <span class='ocrx_word' id='word_1_498' title='bbox 1964 3535 2087 3586; x_wconf 64' lang='lat' dir='ltr'>Piget.</span> 
     </span>
    </p>
   </div>
  </div>
 </body>
</html>
