2288 3990
357 299 466 354 986

357 434 462 485 suit,
471 433 584 486 quod
597 433 691 487 ejus
703 446 834 488 opera
845 442 958 477 esset
973 436 1239 478 atrocissima

359 497 432 536 illa
464 497 662 539 Catilinae
695 499 935 550 conjuratio
974 500 1151 541 detecta
1176 501 1239 541 in·

359 559 604 614 dicataque.
661 562 840 601 Muralis
858 575 1033 614 corona,
1058 575 1144 617 qua
1162 564 1236 604 do-

357 625 542 666 nabatur
573 625 628 666 ab
659 626 942 679 Imperatore,
975 628 1048 681 qui
1079 629 1237 680 primus

358 699 525 728 murum
546 688 759 740 subiisset,
774 690 903 742 inque
923 690 1127 743 oppidum
1146 692 1238 732 hos·

361 751 469 791 tium
505 763 586 804 per
613 752 697 792 vim
730 754 1007 796 ascendisset.
1062 755 1236 796 Idcirco

356 815 476 867 quasi
495 815 603 855 muri
625 816 779 869 insigni
811 817 971 870 primus
1005 817 1234 859 decoratus

354 885 464 919 erat.
518 879 762 921 Castrensis
780 893 938 922 corona
956 886 1035 930 est,
1055 895 1138 935 qua
1157 882 1235 923 do·

353 941 486 981 nabat
539 942 783 995 Imperator
820 956 934 994 eum,
979 945 1052 998 qni
1074 945 1231 997 primus

352 1005 537 1047 hostium
557 1014 699 1048 castra
714 1019 856 1060 pugna
869 1009 1159 1050 introivisset:
1183 1023 1233 1051 ea

350 1081 510 1110 corona
530 1072 696 1123 insigne
717 1072 816 1112 valli
832 1072 1032 1114 habebat.
1089 1075 1232 1115 Nava-

352 1133 403 1173 lis
423 1146 598 1185 corona,
616 1148 700 1189 qua
719 1136 866 1176 donari
884 1138 996 1177 solet
1019 1139 1232 1179 maritimo

352 1198 519 1249 praelio,
548 1200 620 1252 qui
640 1200 802 1251 primus
828 1201 871 1240 in
889 1201 1072 1242 hostium
1092 1202 1232 1243 navim

348 1267 536 1302 armatus
558 1263 880 1304 transilivisset:
912 1276 965 1304 ea
983 1265 1103 1318 quasi
1117 1265 1234 1305 navi-

349 1335 418 1364 um
451 1326 599 1366 rostris
632 1326 834 1379 insignita
869 1332 979 1368 erat.
1049 1328 1231 1368 Mur-alis

348 1393 511 1440 autem,
528 1395 573 1428 et
594 1390 847 1440 Castrensis,
869 1396 914 1430 et
935 1391 1110 1431 Navalis
1134 1390 1232 1431 fieri

345 1463 401 1492 ex
419 1462 522 1492 auro
536 1451 749 1493 solebant.
779 1452 927 1493 Ovalis
949 1465 1051 1494 vero
1070 1466 1233 1495 corona

345 1519 512 1566 myrtea
531 1518 650 1554 erat:
672 1524 724 1554 ea
744 1514 973 1555 utebantur
986 1515 1230 1568 Imperato-

344 1589 432 1628 res,
464 1579 539 1631 qui
574 1584 753 1620 ovantes
784 1579 1025 1620 introibant
1063 1581 1230 1633 urbem,

342 1642 501 1684 ovandi
545 1655 596 1684 ac
641 1654 724 1683 non
762 1643 1056 1696 triumphandi
1083 1657 1230 1697 causa,

343 1711 441 1747 ciim
454 1712 530 1748 aut
549 1706 660 1747 bella
677 1717 760 1748 non
784 1707 866 1748 rite
886 1708 1067 1759 indicta,
1087 1721 1230 1762 neque

342 1781 439 1810 cum
466 1770 589 1822 justo
631 1770 754 1811 hoste
795 1776 921 1823 gesta
955 1770 1115 1822 forent,
1151 1777 1229 1813 aut

341 1833 528 1874 hostium
547 1845 701 1874 nomen
729 1832 886 1874 humile
906 1839 952 1874 et
971 1846 1054 1875 non
1079 1834 1226 1875 idone-

342 1909 413 1937 um
434 1896 601 1945 fuisset,
621 1902 670 1938 ut
703 1909 937 1948 servorum,
972 1897 1226 1950 piratarum,

344 1970 421 2006 aut
455 1964 678 2005 deditione
709 1970 891 2018 repente
923 1963 1053 2018 faeta,
1085 1965 1226 2018 inpul-

341 2039 486 2080 verea,
503 2033 551 2068 ut
570 2028 657 2070 dici
674 2028 1122 2081 solet,incruentaque
1140 2028 1228 2070 vic-

342 2093 452 2134 toria
472 2094 739 2144 obvenisset,
764 2094 834 2134 cui
859 2092 1061 2134 facilitati
1078 2098 1223 2147 aptam

339 2168 434 2197 esse
471 2157 651 2198 Veneris
686 2156 884 2198 frondem
929 2157 1223 2211 crediderunt,

338 2219 450 2273 quod
465 2232 549 2261 non
557 2220 759 2272 Martius,
775 2219 849 2260 sed
865 2220 985 2273 quasi
999 2221 1223 2262 Venereus

336 2283 508 2337 quidam
529 2284 768 2336 triumphus
787 2284 915 2325 foret.
963 2284 1090 2325 Hanc
1109 2297 1223 2337 myr-

337 2352 452 2388 team
472 2360 672 2388 coronam
689 2349 754 2389 M.
775 2349 958 2389 Crassus
980 2347 1092 2389 bello
1111 2346 1223 2401 sugi-

335 2412 520 2452 tivorum
537 2412 754 2464 confecto,
775 2425 871 2454 cum
886 2424 1018 2453 ovans
1039 2413 1221 2467 rediret,

335 2475 575 2516 insolenter
611 2482 866 2528 aspernatus
898 2482 981 2529 est,
1013 2477 1219 2518 Senatus-

335 2550 419 2592 que
439 2539 680 2579 consultum
700 2537 943 2580 faciendum
965 2540 1148 2591 curavit,
1168 2546 1218 2581 nt

337 2614 364 2643 e
382 2602 517 2654 lauro,
536 2614 620 2643 non
640 2608 1102 2655 myrto‚coronaretur.
1133 2605 1218 2645 01⁸·-

338 2678 424 2707 ver.

391 2729 537 2782 Galea]
565 2731 631 2770 Ex
651 2730 833 2783 pellibus
863 2731 907 2772 hi
939 2731 1059 2785 pilei,
1092 2738 1140 2776 ct
1159 2747 1218 2777 ae·

334 2804 416 2846 que
436 2793 631 2834 omnibus
648 2795 856 2846 gregariis
875 2795 984 2847 usui,
997 2801 1046 2838 ut
1061 2809 1113 2838 ex
1127 2799 1215 2840 Ve-

333 2857 451 2910 getio
470 2857 639 2898 discere
658 2858 790 2899 licet:
830 2870 883 2899 eo
912 2858 1013 2907 fine,
1045 2873 1130 2914 quo
1159 2875 1215 2905 ne

332 2921 476 2974 gravis
494 2922 618 2973 galea
635 2920 858 2962 videretur
875 2922 956 2974 his,
977 2923 1050 2976 qui
1071 2924 1215 2965 istius·

330 2983 448 3025 modi
467 2984 605 3037 pileos
621 2984 663 3024 in
677 2985 819 3037 capite
834 2990 1005 3036 gestare
1019 2990 1215 3030 consueti

333 3052 491 3088 essent.
538 3047 651 3088 Illud
672 3049 801 3088 etiam
821 3050 1027 3090 Romanae
1046 3052 1215 3094 militiae

330 3108 431 3164 fuit,
449 3115 498 3151 ut
515 3111 676 3152 milites
703 3113 828 3164 galea
846 3113 1029 3165 simplici
1048 3120 1214 3156 uteren-

331 3179 418 3226 tur,
436 3174 507 3215 cui
526 3175 616 3228 lupi
635 3176 792 3228 pellem
822 3182 897 3217 aut
920 3177 1036 3217 aliud
1067 3178 1215 3231 hujus-

331 3239 448 3280 modi
479 3237 764 3292 imponerent,
796 3240 912 3293 quod
945 3241 1214 3294 integumen-

332 3308 423 3343 tum
443 3305 610 3356 pariter
639 3303 892 3359 insigneque
928 3312 1060 3353 esset,
1092 3313 1143 3347 ut
1168 3308 1214 3348 in

331 3366 482 3419 praelio
501 3367 733 3420 ignaviter,
763 3376 840 3410 aut
867 3374 1042 3411 strenue
1073 3383 1119 3412 se
1140 3383 1213 3424 ge-

332 3436 481 3470 rentes
507 3430 680 3471 facilins
716 3438 1068 3484 agnoscerentur,
1102 3439 1213 3475 teste

334 3494 531 3545 Polybio·
603 3494 673 3535 Ad
712 3496 823 3539 solos
865 3494 1094 3548 signiferos
1131 3497 1214 3542 hoc

334 3557 466 3598 trahit
477 3558 685 3611 Vegetius
703 3557 814 3600 libro
831 3559 1020 3601 secundo
1037 3573 1132 3614 cap.
1149 3564 1214 3603 16.

940 318 1495 362 N0'1¹AE·VARIORUM
1539 323 1604 363 ΙΝ

1300 436 1389 478 Alii
1408 438 1502 479 aliis
1536 440 1664 481 rebus
1699 441 1741 482 in
1760 443 1884 494 galea
1911 444 1992 495 usi,
2025 445 2095 485 vel
2123 446 2176 488 ad

1300 501 1532 550 horrorem,
1551 506 1620 544 vel
1630 504 1684 544 ad
1703 511 1912 547 ornatum.
1942 507 2010 547 De
2027 510 2177 560 quibus

1299 566 1432 605 multa
1451 566 1565 618 apud
1596 567 1890 610 Alexandrum
1914 571 1970 610 ab
1989 571 2177 614 Alexan·

1299 627 1394 679 dro,
1406 628 1517 669 libro
1537 630 1675 681 primo
1694 631 1935 673 Genialium
1951 645 2048 686 cap.
2064 635 2177 688 vige·

1298 690 1417 732 simo.
1459 693 1599 733 Etiam
1623 694 1764 746 pinnae
1785 695 2004 738 adhibitae.
2034 698 2176 739 Etiam

1297 754 1506 795 hiantium
1525 757 1768 798 animalium
1796 756 1947 811 formJae
1971 771 2176 812 superpo-

1296 818 1391 859 sitae
1405 819 1556 871 galeis.
1579 820 1699 872 Virg.
1712 820 1807 862 ΖΕΒ.
1823 832 1911 862 vn.
1929 825 2026 863 783.
2046 822 2059 844 ‘
2071 822 2176 875 Ipse

1296 881 1410 921 inter
1432 879 1588 934 pri‘mos
1609 884 1835 936 praestanti
1860 896 2042 937 corpore
2065 886 2176 927 Tur·

1295 956 1374 984 nus
1406 945 1619 998 Vertitur,
1651 958 1771 987 arma
1800 952 1970 999 tenens,
2003 954 2052 990 et
2081 954 2176 992 toto

1295 1007 1459 1048 vertice
1479 1020 1608 1061 supra
1626 1015 1718 1050 est:
1750 1010 1830 1051 Cui
1851 1011 2179 1064 triplicicrinita

1287 1070 1399 1123 juba
1419 1072 1541 1123 galea
1564 1073 1655 1113 alta
1675 1072 1931 1114 Chimaeram
1967 1075 2180 1127 Sustinet,

1294 1134 1483 1175 AEtnaeos
1520 1134 1736 1177 efflantem
1782 1136 1983 1178 faucibus
2029 1138 2180 1191 ignes!

1295 1197 1346 1237 In
1367 1210 1493 1250 quem
1520 1199 1695 1250 Virgilii
1723 1199 1865 1240 locum
1885 1199 2099 1242 videndus
2118 1201 2176 1242 A·

1294 1259 1470 1301 drianus
1484 1261 1710 1302 Turnebus
1722 1261 1907 1303 Advers.
1917 1262 1992 1304 lib.
2003 1274 2177 1306 xxvm.

1294 1335 1334 1364 c.
1355 1328 1423 1365 16.
1478 1325 1737 1366 Plutarchus
1773 1326 1816 1366 in
1855 1327 1998 1368 Mario
2032 1329 2177 1380 galeas

1294 1387 1488 1440 equitum
1543 1388 1812 1430 Cimbrorum
1849 1395 1895 1430 et
1926 1390 2084 1442 plumis
2129 1398 2178 1433 et

1292 1448 1518 1491 horrendis
1558 1452 1769 1493 hiantium
1811 1452 2055 1495 animalium
2090 1453 2177 1495 for·

1292 1513 1373 1555 mis
1405 1514 1595 1568 insignes
1630 1516 1852 1557 describit.
1910 1518 1949 1558 E
1979 1529 2028 1559 re
2064 1518 2177 1560 mili-

1293 1578 1379 1618 tari
1396 1577 1508 1619 haud
1542 1579 1672 1620 dubie
1691 1591 1798 1631 mos,
1828 1592 1913 1633 quo
1940 1581 2175 1622 etiamnum

1291 1642 1421 1684 hodie
1461 1644 1644 1697 insignia
1674 1643 1932 1685 familiarum
1965 1651 2177 1686 exornata

1291 1711 1420 1761 atque
1447 1708 1656 1750 distincta
1684 1708 1892 1760 videmus,
1920 1720 2018 1750 cum
2039 1709 2173 1763 galeis

1289 1771 1482 1813 insident
1511 1772 1677 1823 leones,
1713 1771 1821 1825 lupi,
1850 1771 1984 1824 cervi,
2027 1783 2171 1824 canes,

1289 1835 1678 1889 aquilae,vultnres,
1688 1835 1918 1889 dracones,
1931 1841 1979 1876 et
1996 1836 2174 1877 aliarum

1289 1898 1521 1940 bestiarum
1550 1900 1641 1940 sive
1674 1899 1836 1953 capita,
1872 1899 1962 1940 sive
1986 1911 2173 1952 'cornum

1287 1961 1381 2003 sive
1399 1962 1551 2016 pedes,
1570 1976 1681 2016 quae,
1703 1964 1824 2017 quasi
1844 1963 1980 2004 minus
1996 1963 2176 2006 Christi·

1289 2038 1372 2068 ana
1392 2028 1496 2080 sint,
1514 2028 1781 2082 improbasse
1804 2031 1893 2072 scio
1914 2031 2050 2072 virum
2063 2032 2171 2074 mul-

1287 2095 1348 2132 tae
1383 2092 1582 2133 lectionis
1611 2099 1658 2134 et
1683 2095 1828 2147 magni
1854 2095 2010 2147 judicii
2039 2095 2172 2137 Joan-

1286 2166 1385 2196 nem
1406 2156 1680 2198 Ludovicum.
1700 2159 1856 2198 Vivem
1885 2159 1930 2199 in
1946 2159 2031 2200 suis
2050 2160 2173 2212 Syrn-

1287 2217 1412 2260 bolis.
1470 2220 1696 2272 Originem
1726 2221 1856 2262 moris
1883 2228 1971 2264 tam
1989 2223 2169 2275 antiqui,

1284 2280 1504 2336 (cognitus
1538 2284 1652 2324 enim
1686 2289 1804 2336 ante,
1824 2296 1950 2338 quam
1970 2285 2173 2336 sciretur,

1286 2346 1359 2400 qui
1379 2347 1609 2388 Christiani
1630 2349 1813 2402 essent,)
1826 2361 1953 2401 spero
1972 2361 2040 2390 me
2057 2361 2171 2390 nnnc

1282 2409 1466 2462 primum
1486 2410 1714 2454 invenisse.
1740 2411 1809 2464 Ab
1828 2412 2039 2466 AEgyptiis
2053 2412 2168 2454 enim

1285 2473 1562 2516 descendisse
1595 2476 1838 2528 observavi,
1858 2475 1975 2529 apud
2002 2475 2165 2518 Diodo-

1281 2549 1375 2578 rum
1389 2538 1583 2580 Siculum
1596 2538 1673 2581 lib.
1685 2550 1741 2580 Π.
1758 2539 1831 2581 ubi
1845 2540 1918 2580 ille
1936 2540 2080 2593 Reges
2095 2552 2168 2582 eo-

1280 2614 1374 2644 rum
1394 2609 1528 2656 caput
1545 2603 1698 2655 leonis,
1719 2603 1845 2656 tauri,
1865 2608 1942 2646 aut
1957 2602 2170 2655 draconis,

1280 2666 1551 2719 principatus
1583 2667 1767 2720 insigne,
1796 2667 1941 2721 capite
1968 2673 2166 2719 gestasse

1281 2729 1447 2771 scribit.
1502 2728 1576 2770 Ab
1593 2730 1810 2783 AEgyptiis
1838 2742 1970 2783 porro
2000 2735 2166 2772 mutua-

1283 2799 1351 2836 tos
1383 2793 1465 2835 hoc
1484 2793 1677 2848 Graecos,
1711 2793 1765 2834 ab
1784 2793 1849 2834 his
1869 2795 2099 2846 manos,
2116 2799 2166 2834 ut

1281 2859 1417 2900 multa
1435 2858 1534 2910 alia,
1562 2871 1657 2912 quae
1684 2858 1740 2899 ad
1760 2858 2031 2912 disciplinam
2057 2858 2164 2900 mili-

1281 2927 1419 2963 tarem
1438 2922 1704 2975 pertinebat,
1718 2934 1914 2975 magnam
1934 2922 2035 2964 milu‘
2057 2922 2167 2963 veri·

1280 2986 1604 3026 similitudinem
1623 2986 1784 3027 habere
1805 2986 1990 3027 videtur.
2043 2985 2164 3029 Prae·

1281 3050 1432 3091 sertim
1451 3050 1566 3103 quod
1586 3049 1923 3091 Lacedaemoniis
1943 3049 2080 3101 galeae
2100 3049 2164 3090 in·

1280 3113 1525 3154 ventionem
1545 3113 1714 3153 videam
1734 3113 1865 3154 tribui
1883 3125 1910 3154 a
1925 3111 2069 3154 Plinio
2086 3113 2161 3155 lib.

1281 3188 1370 3218 vu.
1388 3188 1428 3217 c.
1447 3181 1516 3218 56.
1542 3177 1801 3218 stewechius.

1333 3241 1500 3282 Duabm
1515 3241 1704 3281 distincta
1717 3240 1874 3293 pinnis]
1895 3239 2067 3282 cristis.
2093 3241 2164 3281 Ita

1279 3317 1450 3358 quoque
1475 3304 1598 3357 pingi
1632 3304 1815 3346 solebat.
1874 3304 2000 3345 Unde
2018 3304 2162 3356 Virgi-

1274 3368 1387 3409 lius:
1415 3370 1428 3392 ‘
1447 3366 1605 3408 Viden'
1641 3373 1692 3406 ut
1721 3366 1907 3418 geminas
1938 3372 2053 3408 stent
2071 3379 2164 3407 ver-

1278 3430 1366 3472 tice
1386 3430 1531 3472 cristae
1551 3430 1565 3469 ?
1596 3429 1655 3470 Et
1669 3430 1807 3471 Pater
1820 3431 1916 3483 ipse
1935 3442 2014 3472 suo
2026 3431 2162 3484 Supe-

1278 3506 1369 3536 rum
1383 3494 1476 3548 jam
1495 3494 1635 3546 signat
1655 3494 1814 3535 honore
1832 3494 1874 3535 ?'

1332 3558 1597 3611 Supplicatw]
1625 3558 1892 3613 Supplicatio
1923 3560 1991 3601 vel
2015 3558 2157 3613 Impe-
