2320 4004
394 297 534 363 1108

394 437 505 472 teste
525 428 679 478 Plinio,
698 425 948 480 quadragies
967 431 1120 479 quater
1139 438 1261 466 accu-

393 501 526 543 satus,
546 497 591 532 et
620 490 918 544 gloriosissime
945 491 1166 530 absolutus
1182 496 1261 530 est.

391 554 648 597 Plutarchus
686 564 786 592 vero
829 552 1109 604 quinquagies
1155 552 1263 592 dicit

389 617 520 658 fuisse
559 623 817 657 accusatum.
891 617 1001 656 Nam
1031 617 1261 656 calumnia-

390 693 498 731 rum,
522 681 674 732 inquit,
691 679 733 719 in
754 678 921 730 republ.
942 680 1050 720 Cato
1077 691 1160 718 non
1180 677 1263 719 fuit

390 754 569 794 expers;
602 754 697 781 nam
718 741 964 792 ubicunque
987 741 1170 781 inimicis
1193 753 1261 781 ac·

387 804 616 845 cusationis
625 808 918 856 argumentum
930 804 1259 844 accusationem-

386 880 467 920 que
485 869 733 919 praestabat,
745 868 786 906 in
806 879 935 907 causa
953 867 1134 907 dicenda
1148 879 1261 918 mag-

384 943 438 970 no
459 943 552 971 cum
573 930 815 971 discrimine
828 931 1076 971 vexabatur.
1106 932 1259 971 Ferme

385 994 495 1033 enim
534 993 810 1045 quinquagies
857 995 896 1034 ei
943 994 1055 1033 diem
1097 994 1256 1034 dictam

383 1068 477 1095 esse
487 1055 875 1108 ferunt3postremo
887 1069 962 1096 sex
977 1064 1020 1096 et
1036 1058 1257 1108 octoginta

382 1125 506 1162 natus
553 1131 698 1168 annOS,
749 1125 991 1171 accusatus,
1035 1120 1254 1171 vulgatum

379 1183 486 1233 iliud
506 1182 663 1223 dixisse
679 1183 814 1233 aiunt,
828 1182 1133 1223 Difficillimum
1150 1195 1256 1234 esse,

381 1259 475 1286 cum
523 1246 636 1285 inter
677 1247 779 1285 alios
824 1246 1012 1285 homines
1059 1246 1253 1295 vixerim,

379 1308 492 1360 apud
514 1309 618 1347 alios
645 1308 697 1347 de
723 1309 786 1347 his
805 1308 1052 1347 criminibus
1080 1319 1252 1358 respon-

378 1371 497 1421 dere,
535 1384 630 1423 quae
676 1371 731 1410 ab
777 1370 1034 1409 adversariis
1079 1370 1252 1421 objecta

375 1437 488 1483 sunt,
523 1439 569 1472 ut
596 1434 639 1472 in
673 1445 769 1484 cap.
794 1431 847 1471 de
867 1431 1019 1472 Studio
1038 1438 1082 1472 et
1104 1432 1251 1471 Indus-

377 1496 460 1536 tria
478 1495 636 1535 dicturi
656 1507 815 1536 sumus.
850 1495 1000 1535 Oliver.
1057 1496 1251 1548 Contigit

375 1558 430 1600 A.
449 1560 504 1599 U.
524 1571 695 1600 anxv.

428 1623 465 1662 A
485 1635 557 1673 quo
575 1623 617 1661 in
640 1621 974 1662 administratione
1000 1622 1165 1674 Reipub.
1185 1624 1249 1672 &0-

373 1683 608 1734 dz'ssidebat]
639 1683 1012 1723 Obtrectationem
1033 1686 1140 1724 enim
1162 1684 1250 1735 egit

374 1758 471 1787 cum
490 1746 661 1786 Tiberio
679 1759 691 1796 ς
715 1758 811 1785 nam
834 1752 1013 1799 uterque
1033 1748 1074 1787 in
1094 1748 1265 1799 Hispa-⁶

376 1810 442 1849 nia
460 1810 669 1861 praeclara
685 1807 875 1848 facinora
892 1809 1101 1850 ediderat.
1126 1811 1248 1851 Idem.

424 1874 446 1924 ς
475 1876 499 1911 8
529 1873 674 1911 Eadem
691 1873 754 1912 M.
771 1872 916 1912 Scauri
924 1873 1112 1924 fortuna]
1126 1875 1249 1914 Com-

371 1941 497 1987 parat
517 1940 561 1974 et
586 1935 923 1986 magnitudinem
940 1937 1082 1987 animi,
1099 1943 1144 1977 et
1161 1937 1248 1977 lon-

373 1998 612 2050 gitudinem
645 1997 745 2037 vitae
782 1998 845 2038 M.
875 1999 1040 2048 Scauri,
1066 2000 1184 2039 aetati
1205 2005 1250 2040 et

374 2061 654 2114 magnitudini
686 2061 814 2100 animi
832 2062 1007 2102 Catonis
1026 2063 1249 2114 Valerius;

374 2125 447 2164 sed
485 2124 684 2164 dissentit
719 2124 773 2163 ab
811 2125 903 2164 aliis
940 2126 1246 2177 scriptoribus:

372 2199 469 2227 nam
490 2186 628 2226 Autor
647 2186 701 2227 de
726 2187 844 2227 Viris
870 2188 1110 2230 Illustribus
1142 2189 1250 2230 dicit

372 2256 622 2289 accusatum
643 2248 790 2301 fuisse,
811 2251 923 2302 quod
941 2251 1117 2291 consilio
1134 2252 1248 2292 illius

370 2313 528 2353 bellum
548 2312 707 2351 sociale
726 2313 991 2354 concitatum
1010 2320 1138 2355 esset.
1166 2314 1248 2355 As-

371 2376 519 2416 conius
548 2374 765 2414 Pedianus
799 2375 932 2415 refert
957 2377 1070 2428 apud
1092 2379 1143 2420 Q.
1162 2379 1247 2418 Va-

365 2438 476 2478 rium
500 2443 750 2478 accusatum
769 2437 918 2488 fuisse,
933 2451 1027 2480 cum
1047 2440 1101 2480 ob
1121 2453 1247 2492 nega·

370 2508 459 2540 tam
491 2501 614 2541 sociis
646 2501 786 2541 Latini
814 2503 994 2542 nominis
1030 2504 1247 2545 civitatem

370 2563 570 2603 nobilitas
610 2561 769 2603 infesta
814 2570 943 2605 esset.
1000 2566 1053 2608 Q.
1091 2567 1247 2608 Varius

370 2625 470 2666 trib.
511 2627 571 2677 pi.
602 2626 736 2676 legem
766 2627 880 2678 tulit,
908 2633 957 2668 ut
991 2629 1247 2680 quaestiones

368 2687 631 2728 haberentur
643 2699 803 2739 eorum,
814 2701 990 2741 quorum
1003 2703 1133 2743 opera
1143 2693 1248 2732 socii

367 2757 520 2791 contra
553 2762 654 2802 pop.
691 2751 868 2791 Roman.
902 2765 1020 2792 arma
1047 2755 1247 2805 sumpsis-

367 2820 482 2854 sent.
537 2813 710 2853 Inimici
729 2813 868 2864 primo
888 2815 952 2855 M.
983 2815 1143 2866 Scauri,
1173 2828 1246 2856 ex-

366 2877 605 2926 istimantes
631 2887 679 2916 se
705 2875 918 2917 invenisse
949 2878 1155 2918 rationem
1176 2891 1248 2931 op-

369 2937 583 2991 primendi
620 2938 845 2989 Scaurum,
891 2946 1084 2992 egerunt,
1118 2948 1166 2982 ut
1201 2943 1247 2982 in

363 3001 576 3053 judicium
592 3001 851 3054 traheretur,
873 3008 1113 3055 accusaturi,
1133 3005 1246 3056 quod

368 3064 553 3116 pecunia
589 3070 818 3115 corruptus
857 3066 1093 3106 excitasset
1129 3079 1246 3108 arma

369 3133 522 3167 contra
554 3127 758 3178 populum
788 3128 911 3168 Rom.
958 3129 1044 3168 Hic
1063 3141 1116 3169 eo
1145 3136 1247 3169 tem-

369 3201 475 3241 pore
511 3188 764 3240 aegrotabat.
819 3189 975 3242 Amici,
1001 3195 1045 3230 et
1075 3192 1246 3243 cognati

367 3253 668 3304 hortabantur,
687 3265 743 3294 ne
760 3254 890 3294 vellet
909 3259 1062 3294 contra
1085 3255 1245 3295 valetu-

369 3315 512 3356 dinem
533 3315 586 3356 ad
615 3316 894 3368 quaestionem
914 3317 1133 3357 accedere.
1163 3317 1244 3360 lue

367 3390 445 3418 sua
462 3378 647 3423 maxima
673 3379 918 3424 innocentia
941 3377 1093 3429 fretus,
1113 3380 1244 3419 maxi-

367 3452 522 3493 maque
559 3442 747 3492 pectoris
777 3441 935 3485 fiducia
970 3441 1172 3492 munitus,
1201 3441 1244 3480 in

367 3500 508 3543 forum
545 3502 788 3557 descendit,
832 3511 878 3545 et
921 3503 1070 3557 paucis
1102 3504 1244 3546 verbis

969 310 1145 350 No'rAE
1186 307 1517 349 VARmRUM

1561 311 1623 349 IN

1320 439 1487 467 causam
1516 426 1641 466 dixit.
1698 426 1752 467 Q.
1788 424 1943 465 Varius
1971 423 2109 476 inquit
2130 423 2194 464 M.

1321 492 1544 542 Scaurum,
1575 491 1693 543 regia
1721 491 1904 542 pecunia
1932 494 2197 540 corruptum,

1321 567 1454 606 remp.
1470 555 1653 605 perdere
1672 555 1870 594 voluisse.
1927 554 1990 593 M.
2010 553 2197 593 Scaurus

1319 616 1415 656 huic
1452 628 1497 655 se
1538 617 1676 667 c'nlpae
1717 614 1883 656 affinem
1922 627 2014 656 esse
2051 619 2196 666 negat.

1319 677 1417 717 Utri
1456 678 1589 729 magis
1632 677 1896 718 credendum
1932 679 2029 718 est?
2073 678 2195 717 Inter

1321 740 1438 791 alios,
1458 752 1579 791 quam
1601 739 1714 779 inter
1733 752 1833 789 vos3
1863 753 1959 780 nam
1979 740 2091 791 apud
2109 753 2197 780 ma-

1312 803 1432 853 jores
1453 807 1614 842 vestros
1635 802 1749 851 vixi3
1786 814 1860 841 vos
1889 809 2032 844 autem
2062 804 2194 842 vitam

1319 877 1452 904 meam
1495 877 1571 916 per
1603 870 1774 904 aetatem
1810 877 1988 906 noscere
2015 863 2100 905 n'on
2121 877 2195 917 po-

1319 928 1453 968 testis.
1485 928 1637 968 Oliver.

1372 992 1454 1030 Pro
1475 992 1632 1031 Rostris
1655 988 1918 1040 accusaretur]
1964 988 2194 1031 Quintilia-

1317 1066 1394 1093 nus
1415 1055 1487 1094 lib.
1506 1066 1548 1095 v.
1575 1061 1619 1094 et
1648 1053 1815 1093 Auctor
1848 1053 1903 1092 de
1933 1052 2047 1091 Viris
2067 1052 2194 1092 Ilius-

1316 1116 1466 1166 tribus,
1482 1121 1528 1155 et
1540 1115 1749 1155 Asconius
1763 1120 2010 1154 accusatum
2027 1115 2194 1164 volunt,

1315 1177 1427 1228 quod
1458 1178 1595 1216 socios
1624 1177 1676 1217 ad
1708 1189 1825 1217 arma
1850 1177 2126 1224 concitasset,
2142 1181 2191 1216 ut

1314 1238 1425 1278 forte
1458 1240 1656 1279 Valerius
1691 1241 1798 1279 velit
1831 1239 1874 1279 id
1902 1238 2061 1279 factum
2088 1250 2190 1278 auc·

1314 1309 1407 1342 tore
1423 1302 1692 1343 Mithridate.
1715 1303 1801 1342 vid.
1820 1303 1892 1342 lib.
1911 1313 2015 1343 vm.
2034 1314 2131 1354 cap.
2145 1305 2192 1342 6.

1316 1368 1525 1407 Corradus.

1371 1431 1512 1471 Varius
1548 1430 1815 1481 Sucronensis]
1855 1429 1908 1469 Id
1938 1434 2022 1478 est,
2050 1429 2189 1468 oriun-

1312 1493 1388 1534 dus
1434 1507 1488 1535 ex
1533 1494 1722 1534 Sucrone
1764 1493 1925 1545 oppido
1962 1493 2187 1544 Hispania

1303 1557 1435 1608 juxta
1451 1558 1682 1597 Sucronem
1698 1555 1959 1607 fiuvium,.ut
1979 1561 2103 1596 autor
2121 1560 2188 1596 est

1311 1620 1465 1659 Strabo
1501 1620 1608 1659 libro
1637 1631 1712 1660 111.
1767 1620 1838 1659 Sic
1870 1625 2014 1659 autem
2046 1619 2191 1658 verior

1311 1687 1378 1722 est
1414 1683 1561 1731 lectio,
1592 1695 1717 1735 quam
1744 1682 1780 1722 si
1820 1682 2048 1722 Veronensis
2071 1682 2189 1733 lega·

1312 1752 1396 1786 tur.
1428 1745 1641 1786 oliverius.

1369 1810 1464 1850 Utri
1495 1807 1678 1859 creditis]
1712 1809 1867 1849 Utrum
1885 1808 2044 1849 homini
2064 1819 2187 1859 pere-

1310 1872 1447 1923 grine,
1481 1878 1527 1912 et
1563 1872 1666 1911 nihii
1698 1871 1751 1910 de
1782 1871 1901 1911 vobis
1934 1871 2100 1916 merito,
2130 1878 2186 1910 an

1310 1935 1394 1975 civi
1414 1940 1479 1975 tot
1497 1946 1630 1975 annos
1651 1934 1764 1986 apud
1784 1946 1859 1974 vos
1879 1939 1964 1979 tam
1982 1933 2186 1974 innocen-

1310 2004 1378 2040 ter
1397 2005 1442 2040 et
1457 1998 1631 2040 fortiter
1651 1998 1843 2038 versato?
1875 1998 1983 2038 Oliv.

1363 2064 1386 2114 ᾗ
1414 2065 1440 2102 9
1470 2063 1620 2102 Contra
1646 2062 1707 2101 M.
1737 2059 1954 2111 Antonius]
1998 2059 2086 2104 Hic
2119 2065 2186 2100 est

1308 2127 1380 2166 ine
1399 2126 1464 2166 M.
1482 2125 1696 2165 Antonius
1717 2125 1892 2175 Orator,
1918 2136 2044 2177 quem
2063 2124 2188 2164 Cice·

1309 2201 1358 2228 ro
1378 2188 1450 2229 lib.
1471 2190 1523 2228 de
1544 2189 1731 2228 Oratore
1749 2189 1988 2241 loquentem
2003 2186 2186 2229 inducit.

1308 2252 1395 2292 Hic
1428 2258 1616 2304 quaestor
1649 2252 1689 2291 in
1723 2251 1868 2291 Asiam
1890 2250 2188 2302 proficisceba-

1309 2321 1396 2364 tur,
1411 2321 1454 2354 et
1470 2327 1565 2355 cum
1583 2314 1869 2354 Brundusium
1886 2324 2018 2365 usque
2034 2325 2188 2365 perve-

1306 2378 1455 2429 nisset,
1476 2379 1702 2418 amieorum
1717 2377 1855 2417 literis
1872 2377 2031 2417 certior
2042 2375 2193 2417 factus

1307 2453 1352 2481 se
1379 2442 1558 2482 crimine
1574 2441 1724 2481 incesti
1739 2445 2000 2491 accusatum,
2019 2440 2191 2491 omisso,

1310 2504 1422 2555 quod
1443 2505 1534 2555 jam
1565 2509 1774 2555 coeperat,
1803 2503 1975 2553 itinere,
2007 2504 2187 2543 Romam

1305 2577 1504 2610 ,reversus
1523 2573 1587 2605 est
1606 2579 1620 2615 ς
1643 2565 1837 2616 quamvis
1864 2565 1961 2615 lege
1979 2565 2186 2614 Memmia

1307 2628 1623 2668 accusationem
1656 2628 1778 2667 istam
1803 2627 1940 2667 vitare
1961 2628 2184 2678 potuisset.

1308 2690 1462 2742 Ibique
1481 2702 1652 2730 causam
1687 2701 1804 2729 suam
1835 2695 1954 2730 tanta
1983 2701 2080 2730 cum
2095 2690 2184 2729 elo-

1308 2753 1482 2804 quentia
1510 2757 1554 2792 et
1587 2751 1715 2791 laude
1751 2752 1933 2803 peregit,
1967 2757 2014 2795 ut
2040 2753 2182 2795 statim

1307 2817 1525 2857 absolutus
1557 2816 1701 2866 fuerit,
1719 2816 1883 2855 ‘deinde
1911 2816 2123 2866 securior,
2137 2821 2184 2856 et

1306 2880 1520 2920 honestior
1557 2880 1599 2918 in
1636 2879 1895 2930 provinciam
1936 2878 2183 2930 proticisce-

1305 2947 1426 2982 retur
1455 2955 1468 2992 ;
1510 2953 1749 2994 quanquam
1778 2942 1911 2982 etiam
1940 2940 2025 2982 tide
2054 2931 2184 2991 servi,

1305 3017 1432 3058 quem
1453 3004 1615 3044 indices
1635 3005 1676 3043 in
1697 3003 2005 3056 quaestionibus
2024 3003 2182 3043 habere

1307 3068 1548 3115 voluerunt,
1576 3068 1748 3119 adjutus
1778 3065 2065 3119 defensusque
2092 3065 2182 3105 fue·

1305 3130 1378 3181 rit,
1392 3136 1440 3170 ut
1455 3130 1691 3170 videbimus
1709 3132 1750 3170 iu
1771 3140 1868 3182 cap.
1886 3129 1940 3170 de
1961 3129 2067 3171 Fide
2086 3129 2182 3168 Ser-

1307 3204 1470 3232 vorum.
1502 3193 1651 3232 Otii-er.

1360 3255 1645 3306 Brundusium]
1693 3254 1906 3296 Calabriae
1938 3253 2052 3305 urbs,
2087 3266 2180 3306 quae

1302 3317 1431 3358 hodie
1452 3317 1658 3358 Brundisi.

1358 3379 1544 3430 scopulus
1569 3379 1740 3430 reorum]
1778 3380 1889 3420 Nam
1911 3379 2183 3432 quemadmo-

1305 3442 1405 3482 dum
1425 3443 1672 3494 navigantes
1694 3443 1868 3495 scopulo
1897 3442 1993 3489 illisi
2013 3441 2181 3483 naufra-

1305 3505 1420 3556 gium
1440 3504 1618 3561 faciunt,
1632 3505 1694 3545 ita
1714 3505 1829 3558 apud
1845 3504 2029 3546 tribunal
2042 3503 2183 3557 hujus,
