2320 4004
581 308 839 350 VALERn
883 306 1127 344 ΜΑΧιΜι
1174 304 1404 348 1,113.1v.
1445 303 1577 343 cAP.
1603 290 1655 342 8.

199 440 358 484 autem,
387 430 542 483 inquit,
566 423 895 468 commemorari
915 434 1083 476 quoque

200 500 385 539 interest
402 495 608 535 Romanae
624 489 779 540 laudis,
793 488 892 541 quia
909 485 1082 526 meruit.

198 562 373 614 Lipsius.

255 621 435 687 Um
451 619 536 660 illic
551 617 719 664 collatoe,
743 616 806 655 ita
822 614 887 654 hic
905 612 1085 665 repetitae

195 686 324 728 laudis
355 674 635 725 commendatio
665 678 743 731 est]
780 679 936 719 Placet
965 676 1083 716 Win-

195 749 377 792 cbeliani
395 753 442 788 et
469 743 739 787 Coloniensis
768 742 977 784 Codicum
995 742 1082 781 lec·

196 813 274 863 tio,
299 813 357 853 Ue
374 812 479 852 enim
496 810 578 850 illic
595 809 748 848 collatoe
765 820 782 854 ‚·
810 811 856 847 et
876 805 1083 858 reliquam

195 874 449 927 Campensis
469 872 590 913 libris
625 870 827 922 adjungo,
860 869 921 909 ita
939 868 1003 909 hic
1019 880 1081 908 re-

193 939 331 992 petitoe
349 938 478 979 laudis
496 935 789 977 commendatio.
845 934 913 975 Ex
930 933 1083 985 quibus

196 1004 379 1056 primum
401 1001 542 1043 verbis
560 999 730 1039 hauries
751 1010 896 1038 veram
915 996 1083 1037 Valerii

194 1069 474 1114 sententiam,
505 1078 601 1120 quae
622 1064 793 1117 quidem
815 1063 1005 1116 pertinet
1026 1062 1080 1102 ad

195 1131 460 1172 antedictam
481 1129 821 1170 excusationem.
875 1127 954 1168 Ait
968 1127 1080 1168 enim

193 1195 386 1247 Graecos,
404 1195 447 1234 in
482 1192 747 1235 conferenda
781 1193 986 1233 Romanis
1023 1192 1080 1232 ob

190 1257 441 1298 libertatem
460 1257 606 1297 datam
622 1254 762 1306 laude,
782 1268 828 1296 se
847 1256 1020 1310 quidem
1036 1257 1078 1296 iu

191 1320 347 1361 eadem
383 1320 556 1373 scriptis
590 1320 830 1372 repetenda
863 1332 1078 1360 commen·

193 1384 286 1424 dari
306 1383 481 1425 debere.
524 1385 690 1436 Lapsus
707 1383 907 1435 profecto
926 1383 1078 1435 supine

191 1447 389 1488 librarius
406 1447 590 1500 priorem
601 1447 857 1487 sententiam
874 1451 1078 1499 corrupte

192 1511 399 1564 scriptam
416 1523 500 1551 non
523 1511 767 1563 intelligens
783 1525 795 1561 ;
815 1516 860 1551 et
873 1511 934 1550 sic
955 1523 1079 1551 error

192 1587 382 1615 errorem
402 1575 552 1626 traxit,
580 1574 651 1627 qui
672 1586 725 1614 ex
746 1574 895 1626 inepta
916 1574 1078 1626 repeti-

192 1638 310 1678 tione
330 1637 451 1678 verbi
482 1636 774 1678 commemorari
793 1643 940 1689 potest
961 1637 1077 1678 colli-

193 1700 251 1752 gi.
281 1701 472 1751 Pighius.

244 1764 362 1805 Exr.
402 1765 426 1816 ᾧ
449 1768 463 1804 1
497 1763 621 1803 Hiero
634 1762 970 1816 Syracusanorum
983 1762 1075 1816 rex]

188 1827 296 1868 Post
350 1827 517 1867 cladem
580 1826 766 1867 Roman.
812 1827 976 1866 illatam
1021 1827 1076 1867 ad

187 1891 525 1944 Tlirasymenum
554 1891 712 1942 lacum,
740 1890 874 1942 legati
895 1891 949 1930 ab
970 1890 1076 1931 Hie-

187 1966 293 1994 rone
310 1954 471 1995 Siciliae
503 1966 607 2006 rege
641 1966 738 1994 cum
757 1953 1009 1995 muneribus
1028 1960 1076 1995 et

188 2027 431 2061 commeatu
445 2020 611 2074 ingenti
634 2021 811 2060 Romam
823 2020 939 2060 missi
959 2026 1074 2071 sunt,

187 2086 260 2138 qui
277 2080 456 2126 Senatui
482 2085 731 2137 >populoque
765 2085 960 2124 Romano
990 2084 1075 2136 sig-

187 2146 414 2188 nificarent
437 2147 671 2188 Hieronem
693 2147 884 2199 graviter
899 2153 943 2188 et
956 2159 1075 2187 acer·

189 2210 244 2251 be
263 2212 416 2252 tulisse
435 2211 600 2252 cladem
621 2211 754 2262 illam,
786 2223 1075 2252 communem-

188 2286 272 2327 que
318 2287 414 2315 eam
458 2275 746 2316 calamitatem
793 2276 1074 2317 existimasse.

186 2337 346 2390 Itaque
377 2349 631 2392 quamquam
665 2338 799 2390 probe
828 2340 940 2379 sciat
959 2351 1076 2392 mag-

186 2402 427 2443 nitudinem
474 2415 578 2455 pop.
623 2402 749 2443 Rom.
789 2401 1076 2444 admirabilio-

190 2479 279 2506 rem
297 2478 432 2519 prope
452 2465 496 2506 in
516 2465 709 2506 adversis
734 2465 862 2506 rebus
883 2478 1010 2518 quam
1029 2465 1075 2506 in

187 2525 387 2570 secundis
406 2541 517 2581 esse,
541 2529 669 2570 missa
702 2534 846 2570 tamen
876 2542 904 2570 a
921 2541 967 2571 se
985 2542 1075 2571 om-

186 2593 273 2643 nia,
308 2593 462 2646 quibus
495 2605 521 2633 a
552 2592 678 2633 bonis
707 2593 856 2633 amicis
873 2592 1073 2635 fidelibus

183 2657 314 2697 sociis
349 2656 467 2697 bella
493 2656 640 2709 juvari
679 2658 863 2706 soleant,
893 2670 988 2710 quae
1017 2670 1072 2699 ne

186 2720 388 2772 accipere
401 2720 608 2772 abnuant,
622 2733 885 2773 magnopere
902 2733 949 2761 se
966 2722 1071 2773 pub·

183 2783 268 2824 lice
286 2795 437 2824 orare:
463 2784 559 2837 jam
590 2784 778 2824 omnium
793 2784 977 2836 primum
998 2786 1072 2826 ho-

184 2847 302 2888 noris
319 2847 460 2899 gratia
480 2847 704 2888 victoriam
734 2860 906 2889 auream
930 2849 1072 2902 pondo

184 2922 294 2956 cxx.
310 2909 469 2952 afferre
497 2923 573 2961 se3
593 2910 846 2963 acciperent
875 2924 987 2963 eam,
1007 2918 1071 2953 te·

183 2980 438 3027 ruerentque,
468 2979 517 3015 et
547 2974 761 3015 haberent
784 2976 1005 3028 propriam
1025 2982 1072 3018 et

182 3043 436 3091 perpetuam
463 3052 475 3080 ε
525 3039 754 3080 advexisse
797 3041 928 3081 etiam
977 3053 1070 3084 ccc.

183 3103 318 3144 millia
349 3103 588 3144 modiorum
623 3103 772 3156 tritici,
801 3115 871 3144 cc.
903 3105 1071 3157 hordei,

183 3178 238 3207 ne
255 3172 520 3208 commeatus
541 3167 757 3219 deessent,
789 3173 835 3207 et
862 3173 1070 3220 quantum

183 3236 336 3283 postea
367 3242 474 3284 opus
510 3236 642 3282 esset,
681 3236 727 3271 et
757 3243 840 3284 quo
867 3231 1072 3283 jussisset

184 3292 514 3335 subvecturum:
553 3294 664 3335 scire
694 3306 756 3342 se,
784 3295 864 3334 nisi
886 3294 1070 3337 Romani

184 3354 410 3409 Latinique
444 3357 624 3397 nominis
652 3357 786 3397 milite
807 3369 891 3397 non
911 3359 973 3398 uti
993 3371 1070 3411 po-

187 3417 333 3467 pulum
351 3418 615 3470 Romanum3
633 3420 790 3460 levium
806 3426 1068 3463 armatorum

187 3480 348 3518 auxilia
366 3481 495 3522 etiam
515 3488 699 3523 externa
721 3483 878 3524 vidisse
911 3484 954 3524 in
974 3498 1067 3526 cas-

187 3543 266 3583 tris
285 3543 465 3586 Roman.
517 3545 676 3600 Itaque
694 3547 930 3589 missisunt
947 3550 1067 3592 mille

1893 287 2033 340 1161

1148 422 1471 473 sagittariorum
1519 427 1563 461 et
1602 419 1884 468 funditorum,
1931 424 2037 471 apta

1148 497 1297 524 manus
1319 487 1522 525 adversus
1552 485 1756 524 Baleares
1778 490 1821 523 et
1841 482 2040 532 Mauros,

1150 560 1455 601 pugnacesque
1475 549 1582 588 alias
1603 553 1782 600 gentes;
1810 545 1865 586 ad
1886 556 1940 585 ea
1958 545 2035 585 do-

1148 624 1204 651 na
1247 612 1470 651 consilium
1520 623 1687 665 quoque
1739 610 1944 659 addebat,
1989 614 2037 648 ut

1147 679 1325 726 praetor,
1363 675 1433 714 cui
1463 675 1611 715 Sicilia
1656 674 1878 726 provincia
1905 678 2038 720 esset,

1147 739 1330 779 classem
1349 738 1394 778 in
1422 737 1618 778 Africam
1653 738 1896 790 trajiceret,
1921 743 1970 778 ut
1992 742 2038 777 et

1147 802 1295 842 hostes
1315 802 1359 842 in
1380 806 1498 842 terra
1518 815 1595 842 sua
1627 803 1784 842 bellum
1807 802 2037 853 haberent,

1147 866 1374 917 minusque
1407 865 1642 905 laxamenti
1675 865 1854 905 daretur
1883 865 1949 904 his
1978 865 2033 905 ad

1147 929 1308 969 auxilia
1328 928 1532 968 Annibali
1553 930 1781 969 mittenda.
1812 929 1852 969 A
1871 929 2036 970 Senatu

1145 993 1208 1035 ita
1226 1004 1479 1045 responsum
1499 997 1567 1032 est
1587 994 1695 1044 regi,
1716 994 1851 1033 virum
1874 993 2035 1034 bonum

1146 1059 1453 1111 egregiumque
1474 1058 1637 1098 socium
1663 1059 1900 1099 Hieronem
1922 1071 2035 1110 esse,

1147 1128 1278 1175 atque
1313 1134 1396 1162 uno
1432 1127 1583 1162 tenore
1621 1134 1676 1162 ex
1705 1135 1790 1174 quo
1819 1122 1859 1161 in
1890 1123 2034 1163 amici-

1146 1185 1250 1225 tiam
1289 1185 1437 1238 populi
1472 1186 1651 1226 Romani
1686 1192 1865 1225 venerat
1903 1184 2034 1225 fidem

1146 1250 1355 1301 tenuisse,
1395 1262 1446 1290 ac
1492 1261 1582 1289 rem
1633 1250 1869 1290 Romanam
1920 1251 2037 1290 omni

1145 1317 1341 1364 tempore
1373 1321 1419 1354 et
1451 1313 1548 1354 loco
1569 1312 1769 1354 munifice
1789 1314 1971 1366 juvisse,
1990 1314 2034 1353 id

1146 1376 1327 1428 perinde
1367 1389 1417 1418 ac
1451 1377 1633 1418 deberet
1668 1385 1840 1430 gratum
1875 1378 2036 1430 populo

1146 1441 1341 1481 Romano
1357 1453 1474 1481 esse:
1502 1453 1649 1481 aurum
1671 1448 1716 1480 et
1735 1453 1758 1480 a
1780 1441 2035 1493 quibusdam

1145 1505 1391 1546 civitatibus
1411 1506 1586 1546 allatum
1608 1517 1691 1544 non
1713 1505 1936 1557 accepisse
1958 1516 2035 1556 po-

1145 1568 1291 1620 pulum
1312 1568 1551 1608 Romanum
1571 1582 1581 1608 :
1604 1568 1744 1620 gratia
1761 1569 1874 1617 regis
1899 1567 2035 1606 victo-

1144 1631 1250 1671 riam
1279 1644 1493 1685 0menque
1514 1633 1730 1684 accipere,
1756 1632 1901 1671 sedern
1924 1631 1964 1671 ei
1985 1643 2035 1671 se

1142 1694 1248 1734 dare
1287 1694 1546 1752 Capitolium
1585 1696 1876 1748 templumque
1908 1694 2034 1736 Jovis

1143 1757 1252 1810 Opt.
1273 1758 1394 1798 Max.
1415 1759 1457 1798 in
1473 1772 1571 1799 arce
1588 1758 1705 1798 urbis
1721 1759 1869 1798 Romae
1891 1770 2035 1798 sacra·

1142 1826 1246 1871 tam,
1265 1823 1499 1874 volentem,
1526 1823 1774 1875 propitiam,
1802 1822 1966 1862 firmam
1987 1828 2033 1862 et

1141 1886 1340 1927 stabilem
1359 1886 1454 1927 fore
1476 1888 1635 1939 populo
1668 1887 1878 1927 Romano.
1918 1887 1951 1926 F
1957 1898 2032 1926 un-

1141 1952 1322 2002 ditores,
1354 1953 1674 2006 sagittariique,
1695 1958 1742 1993 et
1767 1951 2033 1993 frumentum

1141 2016 1351 2056 traditum
1383 2023 1452 2058 est
1477 2016 1737 2058 consulibus
1795 2016 2033 2068 Hic,post-

1139 2092 1268 2132 quam
1307 2091 1353 2120 se
1388 2080 1591 2120 Romanis
1623 2080 1865 2132 conjunxit,
1899 2079 2031 2120 fidem

1140 2155 1312 2194 semper
1323 2143 1671 2184 constantissime
1687 2143 1890 2183 servavit.
1925 2143 2033 2184 Oliv.

1194 2206 1512 2258 lerasimenum]
1527 2207 1673 2259 Prope
1687 2207 1928 2248 Perusiam.
1944 2207 2032 2250 Qui

1140 2271 1258 2312 lacus
1278 2272 1468 2324 quinque
1489 2269 1582 2311 fere
1602 2272 1784 2311 miliaria
1805 2278 1947 2324 patet.

1198 2335 1390 2375 Trecenta
1415 2334 1544 2375 millia
1587 2336 1761 2375 modium
1806 2335 1953 2387 tritici,
1991 2339 2032 2376 et

1138 2399 1310 2438 ducenta
1339 2399 1467 2439 millia
1497 2399 1650 2451 hordei,
1677 2399 1843 2451 aurique
1861 2401 2030 2440 ducenta

1139 2466 1179 2501 et
1196 2463 1466 2515 quadraginta
1481 2463 1628 2515 pondo]
1658 2463 1712 2503 In
1733 2462 2032 2515 Atrebatensi,

1139 2525 1463 2578 Gemblaceusi‚
1490 2527 1819 2579 Pulmanniano,
1838 2533 1883 2568 et
1904 2527 2030 2569 Colo-

1136 2591 1275 2631 niensi
1304 2592 1382 2641 sic,
1410 2591 1539 2644 plene
1570 2603 1620 2632 ac
1652 2600 1882 2632 correcte:
1917 2591 2028 2633 Auri

1138 2663 1283 2695 autem
1331 2655 1477 2708 pondo
1522 2655 1657 2696 fuisse
1713 2655 1861 2696 Livius
1916 2655 2027 2697 dicit

1135 2729 1305 2759 cccxx.
1340 2719 1467 2759 modo
1499 2732 1583 2760 non
1610 2718 1764 2760 fallant
1784 2721 2027 2761 numerales

1135 2788 1268 2824 notae.
1297 2784 1483 2834 Pighius.

1192 2847 1308 2892 Quod
1343 2848 1491 2888 nollent
1525 2848 1723 2903 accipere]
1776 2847 2024 2890 Glossulam

1133 2910 1215 2951 hoc
1234 2917 1374 2952 totum
1402 2912 1530 2964 sapit.
1564 2911 1678 2964 dele,
1710 2917 1786 2952 aut
1813 2912 2026 2963 rescribe,

1133 2979 1179 3014 ut
1196 2977 1357 3027 nollent,
1376 2975 1452 3015 sed
1472 2975 1569 3016 dele
1584 2977 1736 3028 magis.
1764 2975 1940 3028 Lipsius.

1194 3039 1399 3091 Victorioe]
1428 3040 1585 3080 Statua
1614 3040 1710 3080 haec
1745 3052 1890 3081 aureae
1921 3039 2024 3079 Vic-

1134 3103 1257 3144 toriae
1279 3104 1322 3143 in
1342 3103 1465 3157 Jovis
1487 3103 1724 3156 Capitolini
1756 3103 1919 3155 templo
1946 3115 2022 3155 po-

1134 3167 1233 3207 sita.

1187 3229 1415 3282 Religione]
1468 3230 1594 3271 Metu
1631 3230 1731 3271 mali
1771 3228 1940 3281 ominis,
1985 3228 2020 3268 si

1133 3292 1357 3333 victoriam
1377 3305 1462 3334 non
1483 3293 1781 3334 admitterent.

1186 3357 1209 3408 ᾧ
1238 3359 1265 3396 2
1291 3355 1625 3408 Agrigentinum]
1654 3355 1939 3408 Agrigentum
1958 3355 2019 3395 ci-

1131 3420 1244 3460 vitas
1261 3427 1328 3460 est
1345 3420 1524 3471 Siciliae,
1544 3432 1640 3472 quae
1670 3420 1828 3459 Graece
1858 3419 2019 3460 dicitur

1124 3482 1342 3536 Ἄγραι-νας.
1390 3483 1595 3534 Virgilius
1615 3481 1782 3523 AEneid·
1804 3494 1873 3525 ιη.
1902 3485 1915 3505 ‘
1932 3482 2016 3530 Ar·

1131 3548 1242 3590 duus
1262 3548 1363 3591 inde
1388 3539 1612 3599 Agragas?
