2346 3996
330 309 473 362 1276

329 444 410 490 est,
440 445 490 480 ut
517 452 644 480 unum
674 439 727 480 sit
759 440 973 492 expositio
1005 440 1205 491 alterius3

328 508 404 542 aut
447 507 558 542 artus
604 503 879 554 intelligimus
925 504 1207 544 membrorum

327 565 669 616 conjunctiones,
701 565 814 605 unde
853 566 1052 607 articuli:
1090 581 1207 608 mem-

327 628 398 668 bra
417 641 517 669 vero
536 629 730 680 corporis
751 635 912 681 partes,
933 636 981 672 ut
1008 638 1105 672 sunt
1132 633 1207 673 hu·

327 692 663 743 meri,brachia.
719 692 868 733 Oliver.

380 756 537 795 Horum
557 761 718 807 trucem,
743 756 832 807 ξω]
867 757 1092 807 Perperna
1109 757 1207 797 Ser-

327 819 499 868 torium,
519 819 589 858 cui
620 831 664 858 se
693 820 991 870 conjunxerat,
1009 820 1207 871 conjura-

329 882 445 922 tione
462 881 592 934 facta‚
606 882 717 938 inter
731 884 894 934 epulas,
908 895 987 935 per
1005 883 1207 924 iuvidiam

327 945 563 994 interemit,
596 952 645 985 ut
679 945 721 985 in
756 946 850 998 ejus
888 947 976 986 vita
1010 946 1207 988 diximus,

325 1010 561 1062 Pompeius
575 1010 745 1061 deinde,
755 1010 882 1050 facile
895 1015 1093 1063 superato
1102 1011 1208 1051 Per·

327 1085 477 1125 perna,
496 1074 751 1124 Hispaniam
781 1079 916 1114 totam
935 1075 1064 1114 armis
1083 1075 1207 1115 sube-

327 1137 406 1189 git.
461 1136 514 1176 In
535 1148 585 1177 eo
606 1137 718 1176 bello
739 1137 1207 1187 Calagurritanos,Ser-

325 1201 428 1240 torii
472 1199 739 1240 fidelissimos
784 1200 940 1251 socios,
983 1199 1206 1241 obsidione

322 1263 564 1314 premebat.
624 1263 776 1302 Oliver.

360 1329 402 1379 ις
422 1331 446 1366 3
487 1325 897 1377 Calagurritanorum]
940 1326 1206 1378 Populorum

328 1390 371 1429 in
395 1389 622 1441 Hispania.

380 1452 462 1503 En,
479 1465 590 1503 quem
619 1452 765 1503 aliquis
790 1451 833 1492 in
851 1451 935 1491 acie
965 1451 1209 1504 hortaretur]

324 1515 396 1555 Ita
429 1516 570 1567 vulgo.
625 1516 828 1556 Susianus
860 1522 907 1556 et
936 1516 1209 1557 Pulmannia·

323 1590 401 1619 nus
438 1590 517 1631 per
557 1579 938 1631 interrogationem
984 1578 1209 1630 proferunt

323 1642 404 1682 hoc
433 1642 586 1682 modo:
617 1643 766 1682 Eamne
797 1654 964 1693 unquam
996 1642 1136 1694 aliquis
1166 1644 1208 1683 in

325 1706 409 1745 acie
441 1705 689 1746 hortaretur?
734 1706 1015 1747 Juventutem
1051 1706 1208 1746 intelli-

326 1771 406 1820 git.
463 1770 665 1823 Sequitur
682 1770 803 1810 locus
831 1769 1038 1809 asterisco
1058 1775 1207 1809 notan-

325 1832 419 1884 dus,
453 1845 577 1886 quem
613 1845 698 1872 non
731 1832 955 1884 intelligo:
996 1832 1087 1884 quia
1118 1834 1209 1884 plus

324 1896 558 1949 vindicatus,
575 1899 641 1948 85⁶.
670 1896 867 1948 Pighius.

379 1959 528 2012 Hoste]
559 1960 895 2012 Calagurritano.

377 2022 505 2073 Daci]
537 2022 614 2063 Cn.
633 2022 858 2074 Pompeio,
892 2022 965 2075 qui
995 2033 1049 2061 ex
1083 2023 1207 2064 hoste

325 2096 409 2124 non
455 2086 692 2136 victoriam,
733 2085 810 2125 sed
862 2086 996 2138 magis
1039 2098 1207 2138 poenam

324 2159 517 2199 quaerere
550 2148 725 2189 debuit:
755 2161 852 2189 nam
890 2149 925 2189 si
958 2149 1126 2189 hostem
1157 2149 1206 2189 il-

322 2212 410 2251 lum
443 2213 557 2255 ultus
589 2211 759 2263 fuisset,
779 2213 875 2263 plus
908 2211 1124 2252 libertatis
1152 2224 1208 2252 ex

325 2277 486 2317 ultione
507 2289 635 2330 quam
656 2277 805 2328 glorias
825 2288 879 2316 ex
897 2276 1080 2317 victoria
1107 2289 1207 2317 con-

326 2345 498 2380 secutus
519 2345 652 2379 esset.
685 2340 840 2392 Neque
860 2340 971 2380 enim
986 2341 1072 2380 tale
1091 2341 1209 2393 quic·

327 2414 455 2454 quam
485 2402 528 2442 iu
556 2401 779 2442 obsidione
809 2401 957 2443 facere
984 2404 1208 2458 quisquam

326 2481 452 2509 ansus
496 2468 662 2521 fuisset,
699 2470 735 2509 si
781 2469 836 2509 de
875 2470 1208 2521 Calagurritanis

326 2532 581 2584 supplicium
604 2539 820 2585 sumptum
841 2533 1004 2574 fuisset.
1057 2535 1207 2578 Oliver.

380 2596 494 2637 cn.
511 2607 595 2636 vn.
616 2598 639 2650 ξ
661 2601 683 2637 1
703 2598 880 2637 Peractis
906 2598 1046 2639 deinde
1062 2599 1209 2651 stipen-

323 2658 422 2710 diis]
451 2660 637 2712 Expleto
657 2666 850 2712 tempore
869 2660 1049 2702 militiae.

379 2724 554 2764 Adverso
583 2724 759 2776 corpore]
786 2725 994 2766 Hostibus
1014 2725 1207 2779 obJecto‚

326 2787 474 2827 nonin
500 2791 637 2839 tergo.

381 2851 572 2901 Togatam
599 2851 806 2903 militiam]
833 2851 1208 2904 Disceptationem

328 2917 375 2952 et
399 2914 752 2963 controversiam,
771 2921 817 2954 ut
836 2914 880 2953 in
901 2913 992 2954 foro
1011 2916 1125 2967 apud
1138 2916 1208 2968 ju-

329 2976 446 3016 dices
468 2977 521 3016 de
540 2978 732 3029 paternis
751 2977 874 3017 bonis
892 2983 937 3018 et
953 2978 1209 3020 haereditate

329 3039 660 3092 disceptaretur.
718 3040 868 3082 Oliver.

381 3103 501 3155 Apud
529 3103 805 3155 centumviros]
835 3104 940 3143 Erat
974 3105 1208 3144 centumvi-

330 3167 420 3207 rale
430 3167 641 3219 judicium
658 3181 671 3208 z
699 3178 796 3207 nam
818 3179 871 3206 ex
892 3168 1072 3220 triginta
1091 3169 1210 3221 quin-

330 3243 413 3283 que
435 3230 648 3280 tribubus,
665 3236 769 3283 quot
789 3231 879 3271 scil.
899 3237 1023 3271 erant
1043 3232 1084 3271 in
1106 3232 1210 3272 urbe

330 3294 539 3344 Romana,
557 3293 669 3332 terni
701 3293 996 3344 deligebantur
1025 3307 1077 3334 ex
1109 3307 1211 3336 una-

329 3368 497 3409 quaque
508 3355 696 3408 judices,
714 3361 760 3396 et
777 3356 966 3409 quamvis
983 3358 1124 3408 plures
1145 3371 1210 3398 es-

332 3425 445 3470 sent,
480 3423 636 3460 centum
670 3425 816 3460 tamen
847 3419 1019 3460 virorum
1057 3432 1211 3460 nomen

330 3482 617 3524 retinuerunt.
687 3483 849 3523 Horum
894 3495 1001 3523 unus
1047 3483 1212 3523 hastam

333 3545 526 3598 tenebat,
555 3546 825 3599 praecipuum
846 3546 1108 3598 judiciorum
1129 3546 1210 3597 sig-

922 325 1099 364 NOTAE
1139 326 1471 366 VARIORUM
1515 330 1578 367 IN

1272 454 1384 484 num.
1438 445 1564 485 Unde
1601 447 1886 488 centumviralis
1914 449 2025 490 'tastu
2044 450 2148 501 legi-

1271 510 1342 545 tur
1362 507 1403 546 in
1427 508 1646 548 Suetonio.
1703 508 1827 550 Dicit
1853 511 1964 550 enim
1984 525 1994 551 :
2025 515 2037 535 ‘
2059 512 2149 552 Au—

1272 576 1420 620 gustus
1451 576 1571 609 actor
1600 576 1646 610 et
1675 573 1851 612 aliarum
1881 585 2021 613 rerum
2053 574 2150 627 fuit,

1271 632 1314 671 in
1335 634 1428 684 quis
1457 645 1511 672 ne
1541 639 1640 673 acta
1670 636 1852 676 Senatus
1879 638 2169 689 publicarem·

1272 701 1370 746 tur;
1399 709 1452 736 ne
1473 699 1748 749 magistratus
1765 700 1973 752 disposito
1990 704 2148 742 honore

1270 760 1416 800 statim
1437 761 1478 800 in
1507 762 1746 812 provincias
1771 764 2072 816 mitterentur-3
2103 775 2150 807 ut

1271 824 1594 874 proconsulibus
1628 826 1681 865 ad
1713 817 1848 866 mulos
1875 833 1921 867 et
1949 829 2148 869 taberna-

1272 887 1383 938 cula,
1418 900 1512 940 quae
1554 888 1720 939 publice
1764 891 1899 930 locari
1934 891 2148 943 solebant,

1271 955 1390 990 certa
1437 952 1613 1003 praemia
1659 954 2050 1004 constituerentur;
2101 960 2150 995 ut

1271 1024 1377 1052 cura
1409 1014 1548 1054 aerarii
1583 1027 1606 1054 a
1644 1016 1929 1067 quaestoribus
1969 1016 2148 1056 urbanis

1272 1074 1325 1113 ad
1359 1077 1581 1127 praetorios
1615 1084 1879 1128 praetoresve
1913 1080 2148 1129 transiret3

1271 1143 1332 1189 nt,
1347 1141 1695 1180 centumviralem
1709 1141 1892 1192 hastam,
1904 1154 2030 1194 quam
2040 1154 2153 1194 quae-

1271 1207 1392 1241 stura
1409 1201 1550 1244 functi
1580 1204 1775 1245 solebant
1794 1217 1964 1257 cogere,
1981 1205 2151 1247 decem-

1272 1263 1350 1302 viri
1386 1265 1623 1316 cogerent!
1676 1266 1818 1307 Hasta
1854 1268 1983 1319 enim,
2015 1275 2060 1308 ut
2090 1269 2152 1309 ait

1270 1326 1424 1366 Festus
1481 1328 1731 1379 Pompeius,
1787 1329 1954 1381 signum
2001 1332 2152 1382 praeci·

1271 1399 1402 1439 puum
1434 1395 1516 1430 est.
1572 1391 1698 1431 Unde
1720 1397 1763 1432 et
1788 1392 1920 1433 hasta
1950 1392 2151 1443 subjicie-

1271 1450 1392 1503 bant,
1452 1465 1547 1505 quae
1610 1454 1782 1505 publice
1836 1456 2150 1498 venundabant.

1270 1514 1283 1537 ‘
1308 1514 1643 1557 Centumviralia
1671 1517 1861 1568 judicia’
1892 1518 2005 1558 idem
2043 1519 2152 1560 dicit

1270 1579 1491 1629 appellata
1520 1591 1614 1620 esse
1634 1593 1659 1620 a
1679 1581 1974 1632 centumviris,
1994 1583 2065 1636 qni
2094 1595 2152 1623 ex

1272 1640 1467 1681 tribubus
1489 1642 1666 1693 triginta
1685 1643 1869 1696 quinque
1886 1650 1934 1684 ut
1952 1644 2151 1698 diximus,

1271 1701 1571 1754 deligebantur
1585 1705 1639 1745 ad
1651 1706 1952 1758 judicandum,
1967 1709 2039 1760 qui
2052 1719 2151 1749 cen·

1270 1767 1444 1806 tumviri
1464 1774 1562 1808 sunt
1581 1770 1803 1820 appellati.
1860 1771 1983 1812 Idem.

1324 1830 1347 1881 ξ
1368 1833 1392 1870 2
1408 1831 1472 1870 M.
1486 1831 1681 1885 Anneius]
1707 1833 1883 1874 Malim:
1901 1833 2148 1875 M-Annius.

1270 1890 1403 1932 Forte
1437 1892 1474 1932 is
1510 1892 1659 1944 fuerit,
1696 1894 1751 1935 de
1788 1908 1872 1948 quo
1910 1897 2061 1938 Cicero
2095 1897 2150 1938 ad

1269 1953 1462 1996 Atticum
1482 1957 1557 1998 lib.
1576 1969 1621 1998 v.
1641 1958 1780 2010 Epist.
1799 1962 1843 2000 4.

1323 2019 1581 2072 Praeteritus]
1611 2022 1746 2062 Pater
1771 2035 1866 2063 eum
1887 2028 2149 2065 testamento

1271 2083 1558 2136 praeterierat,
1587 2086 1686 2137 quia
1714 2086 1758 2126 in
1789 2087 1916 2127 aliam
1947 2086 2149 2129 familiam

1271 2146 1519 2188 transierat.
1573 2148 1697 2190 Idem,

1323 2209 1554 2263 Signutore]
1578 2212 1856 2252 Testamenta
1874 2219 2044 2264 septem
2063 2219 2151 2254 tes·

1270 2271 1389 2316 tibus
1426 2275 1714 2326 praesentibus
1755 2275 2067 2329 condebantur,
2103 2283 2149 2318 et

1271 2348 1417 2377 eorum
1437 2338 1612 2391 quisque
1642 2351 1763 2378 suum
1789 2344 2046 2381 testamento
2066 2341 2151 2393 sig-

1270 2410 1371 2440 num
1389 2400 1679 2454 imprimebat.
1734 2402 1856 2443 Idem.

1325 2463 1596 2515 Suc-ramento,
1626 2465 1714 2517 ‹St-,J
1744 2464 1870 2506 Quod
1899 2465 2054 2518 injuria
2077 2478 2152 2506 ex-

1269 2526 1498 2568 heredatus
1530 2533 1671 2577 esset3
1702 2528 1767 2567 sic
1794 2528 1905 2568 euim
1933 2530 2153 2570 asserebat

1272 2589 1538 2631 adolescens.
1593 2591 1785 2632 Petebat
1828 2603 1947 2644 ergo,
1990 2598 2040 2632 ut
2081 2591 2151 2632 vel

1271 2653 1334 2692 illi
1345 2653 1548 2704 jurarent
1568 2665 1737 2705 verum,
1752 2654 1820 2694 vel
1846 2666 1892 2694 se
1904 2655 2151 2706 juraturum

1270 2715 1445 2767 falsum,
1471 2716 1600 2769 idque
1635 2716 1931 2768 probaturum,
1962 2717 2041 2758 hoc
2070 2725 2156 2769 est,

1270 2783 1575 2820 testamentum
1594 2790 1679 2818 non
1695 2779 1804 2819 bene
1824 2778 1954 2820 fuisse
1980 2780 2152 2822 institu-

1271 2849 1375 2884 tum.
1431 2843 1602 2884 Badius.

1325 2905 1566 2958 Adjuvabat]
1596 2904 1723 2948 Quod
1755 2904 1867 2946 filius
1895 2906 2036 2948 Marci
2061 2907 2151 2948 An-

1273 2970 1358 3011 neii
1377 2971 1611 3010 transierat
1642 2970 1687 3010 in
1712 2967 1915 3009 familiam
1943 2976 1987 3012 et
2017 2983 2153 3023 sacra,

1273 3034 1442 3074 scilicet
1475 3031 1703 3072 familiaria
1732 3030 1980 3085 Suffenum,
2012 3040 2059 3075 et
2089 3035 2153 3074 ita

1274 3108 1353 3148 per
1389 3095 1662 3148 adoptionem
1701 3094 1928 3135 videbatur
1967 3109 1992 3136 a
2026 3102 2151 3148 patre.

1274 3161 1500 3205 alienatus,
1516 3165 1561 3199 et
1580 3158 1634 3198 ab
1652 3169 1704 3198 eo
1719 3158 1871 3198 merito
1891 3160 2152 3209 praeteritus.

1275 3222 1381 3262 Bad.

1328 3283 1470 3335 Sacra]
1497 3283 1609 3326 Quia
1644 3282 1777 3322 sacris
1810 3282 1920 3333 ejus,
1953 3283 1994 3323 in
2024 3296 2150 3337 quam

1274 3347 1476 3388 familiam
1497 3347 1725 3397 transibat,
1746 3346 2011 3388 initiabatur.

1328 3414 1394 3464 §3
1433 3410 1724 3462 Abrogaverat]
1759 3410 1944 3463 Lipsius,
1977 3411 2151 3461 eiuruve-

1274 3480 1354 3517 rat.

1330 3542 1353 3594 ξ
1383 3543 1407 3580 4
1437 3538 1652 3593 Ροῑῑὶησιο]
1682 3538 1754 3580 Ita
1784 3539 1868 3591 leg.
1906 3539 2031 3592 Pigli.
2066 3539 2150 3581 Sed
