2346 3996
613 318 872 358 vAnnssn
914 317 1158 358 MAX1M1
1200 320 1321 361 Lm.
1366 321 1471 360 vu.
1508 309 1721 362 cAp.2.

259 451 343 490 ses,
360 450 412 478 ne
428 438 526 479 dum
547 438 700 478 coelum
719 437 963 488 custoditis,
981 443 1139 478 terram

258 502 494 553 amittatis,'
532 503 575 542 id
606 508 689 554 est,
715 500 967 543 Alexander
1001 502 1138 542 iratus

257 581 331 608 vos
347 568 517 620 perdat.
548 569 656 609 Oliv.

312 635 335 686 §
357 636 408 674 14
435 632 649 673 Subtiliter
678 632 940 684 Anacharsis]
968 633 1140 673 Plutar-

255 698 358 739 chus
375 697 420 737 in
439 698 595 738 Solone
613 700 802 740 Zaleuco
815 698 983 740 tribuit.
1029 696 1145 738 Vide

255 767 302 803 et
320 762 442 803 Stob.
461 763 597 804 serm.
619 767 688 804 42.
720 763 884 804 Corrad-

310 827 572 879 Anacharsis]
602 828 691 868 Hic
707 826 979 877 Anacharsis,
997 831 1046 866 ut
1077 837 1142 867 re-

253 889 342 930 fert
362 889 636 942 Aristoteles,
657 891 941 943 Philosophus
974 888 1060 930 fuit
1088 901 1142 928 ex

256 954 514 1008 Scytharum
545 968 716 1008 genere,
746 956 971 1008 sapientiae
1008 954 1142 995 admi-

259 1019 424 1072 randae,
467 1025 516 1060 ut
562 1020 715 1061 Cicero
760 1020 957 1060 meminit
1009 1020 1142 1060 Tusc.

258 1084 426 1126 Quaest.
458 1084 533 1126 lib.
551 1097 613 1126 vx.
646 1085 774 1125 immo
802 1083 985 1126 affirmat
1004 1085 1143 1126 Hero-

258 1147 387 1188 dotus
425 1149 592 1190 Histor.
620 1149 731 1190 libro
764 1162 839 1190 111.
868 1151 1082 1192 neminem
1118 1165 1142 1193 e

255 1211 429 1265 Scythis
481 1213 722 1266 sapientem
767 1214 937 1255 audisse
983 1220 1145 1268 praeter

257 1275 371 1318 hunc
416 1289 563 1328 unum,
607 1290 735 1332 quem
781 1279 1143 1331 sapientissimum

256 1338 391 1381 fuisse
411 1345 614 1383 testatur.
669 1342 772 1393 Sed,
808 1347 920 1383 teste
956 1342 1147 1395 Laertio,

258 1417 356 1446 cum
375 1418 400 1447 e
427 1406 599 1448 Graecia
617 1412 916 1448 reverteretur
949 1407 1002 1447 ad
1032 1421 1147 1460 suos,

259 1473 306 1510 et
324 1475 555 1511 conaretur
573 1471 659 1512 suis
673 1471 875 1512 inducere
888 1472 1146 1513 Graecorum

257 1535 392 1587 leges,
419 1548 445 1575 a
480 1534 618 1576 fratre
643 1537 689 1576 in
721 1538 948 1578 venatione
988 1539 1148 1590 sagitta

259 1611 491 1652 percussus
517 1601 696 1648 interiit,
724 1602 888 1654 dicens,
923 1615 968 1643 se
1006 1604 1148 1655 gratia

258 1664 423 1717 eloquii
441 1671 485 1705 et
505 1665 742 1718 disciplinae
758 1667 803 1706 in
819 1667 989 1708 Graecia
1003 1680 1146 1708 serva-

263 1733 370 1781 tum,
386 1729 441 1770 ob
459 1730 535 1770 illa
555 1730 598 1770 in
616 1732 756 1781 patria
777 1732 937 1783 perire.
969 1733 1076 1772 Oliv-

314 1793 339 1846 ᾗ
359 1796 408 1834 15
432 1794 552 1834 Nihil
569 1795 689 1835 etiam
707 1796 909 1847 Agesilai,
920 1796 1010 1848 εμπ]
1031 1797 1146 1836 Mul-

259 1863 351 1899 tum
369 1858 573 1899 dissentit
603 1871 629 1898 a
659 1859 895 1900 Plutarcho
915 1860 1113 1902 Valerius
1133 1875 1146 1912 ;

259 1934 342 1963 non
362 1923 475 1963 enim
494 1924 788 1976 conjuratores
808 1924 1147 1978 deprehendisse

259 1987 520 2041 Agesilaum,
552 1989 628 2030 sed
662 1988 870 2042 fugitivos
908 2003 962 2031 ex
998 1992 1089 2032 acie
1123 2006 1148 2034 a

258 2052 414 2104 capitis
445 2066 572 2105 poena
602 2053 806 2095 liberasse
838 2055 947 2096 dicit
974 2056 1146 2098 Plutar-

259 2116 363 2156 chus
385 2129 398 2166 ;
428 2117 606 2158 sublatis
638 2119 856 2172 tantisper
880 2121 1065 2172 Lycurgi
1086 2123 1147 2162 le-

262 2179 405 2231 gibus,
453 2180 554 2221 dum
601 2182 943 2225 absolverentur.
1019 2187 1145 2228 Quod

262 2241 432 2283 videtur
463 2244 696 2285 verisimile
739 2258 849 2287 esse.
907 2249 998 2288 Lex
1036 2250 1149 2290 enim

261 2313 373 2359 erat,
402 2311 453 2348 ut
470 2320 523 2348 ex
543 2307 636 2349 acic
664 2307 880 2361 fugientes
901 2312 1045 2363 capite
1074 2327 1150 2365 pu-

262 2370 473 2412 nirentur.
530 2372 636 2412 Cum
656 2372 786 2423 igitur
803 2374 917 2426 apud
940 2375 1149 2417 Leuctras

264 2443 500 2488 pugnatum
529 2443 644 2478 esset
669 2438 759 2478 acri
780 2442 1031 2493 certamine,
1051 2443 1151 2484 hinc

262 2512 290 2540 a
312 2500 548 2552 Thebanis,
567 2501 666 2542 inde
684 2515 710 2542 a
729 2503 1085 2555 Lacedaemoniis,
1105 2512 1151 2546 et

265 2563 456 2605 Thebani
484 2565 594 2606 duce
627 2566 929 2619 Epaminonda
948 2570 1152 2610 Lacedae-

263 2630 498 2670 moniorum
513 2631 753 2671 exercitum
772 2630 984 2673 fudissent
1019 2638 1150 2688 atque

264 2691 503 2746 fugassent,
532 2706 678 2734 omnes
709 2695 783 2748 qui
816 2709 871 2736 ex
901 2696 996 2737 acie
1028 2696 1151 2750 fuge-

265 2764 378 2809 rant,
407 2757 450 2798 in
461 2758 673 2811 judicium
695 2761 922 2813 protracti,
950 2762 1023 2815 qui
1051 2764 1150 2816 lege

264 2825 423 2877 capitis
466 2838 604 2878 poenae
661 2827 917 2869 videbantur
962 2829 1152 2871 obnoxii.

262 2889 383 2929 Tunc
415 2889 575 2942 Ephori
597 2891 813 2944 timentes,
831 2905 902 2945 ne,
929 2894 963 2933 si
983 2900 1152 2948 sumpto

264 2953 319 2992 de
338 2953 402 2993 bis
421 2955 616 2994 omnibus
643 2956 875 3009 supplicio,
905 2971 989 2998 non
1010 2967 1154 3002 essent

265 3017 340 3069 qui
359 3015 518 3057 deinde
539 3018 722 3069 patriam
744 3020 873 3059 armis
893 3025 1155 3075 tutarentur,

263 3086 523 3133 consumpta
551 3081 721 3122 scilicet
753 3094 808 3122 ex
845 3084 994 3135 majori
1033 3091 1155 3137 parte

256 3144 505 3197 juventute,
533 3143 723 3198 Agesilai
750 3159 878 3198 super
897 3148 977 3188 hac
997 3160 1043 3188 re
1062 3162 1155 3189 sen-

265 3209 443 3249 tentiam
451 3209 746 3263 judiciumque
761 3213 1069 3263 expectabant,
1082 3215 1155 3267 qui

265 3272 484 3324 sapienter
510 3280 558 3314 et
587 3274 754 3326 legibus
789 3281 835 3315 et
853 3276 980 3316 saluti
1001 3279 1153 3329 patriae

265 3337 497 3377 consuluit.
553 3339 655 3378 Non
691 3340 819 3390 enim,
853 3340 1008 3393 inquit,
1042 3342 1154 3382 lator

266 3408 342 3438 ero
361 3399 535 3440 aliarum
553 3402 711 3454 legum,
732 3415 828 3442 cum
847 3403 911 3443 his
930 3416 1012 3445 nec
1031 3405 1154 3446 abro-

268 3472 370 3512 gare
383 3463 626 3516 quicquam,
639 3478 721 3506 nec
736 3466 912 3520 addere,
931 3480 1012 3509 nec
1030 3469 1152 3509 dimi-

270 3535 402 3565 nuere
421 3529 607 3577 possim;
635 3530 708 3569 sed
731 3531 841 3570 bene
859 3542 926 3570 res
944 3544 989 3572 se
1023 3533 1152 3574 habe-

269 3588 349 3639 bit,
364 3588 415 3642 si,
429 3590 594 3631 omissis
617 3591 741 3632 bodie
762 3594 948 3647 Lycurgi
969 3596 1152 3649 legibus,

1942 310 2083 364 1:25⁷

1203 451 1297 479 cras
1311 439 1404 480 illas
1422 442 1750 483 servaverimus.

1257 505 1280 556 ξ
1312 507 1363 544 16
1391 505 1471 545 Sed
1489 506 1630 557 nescio,
1648 505 1738 558 ssa]
1759 505 1867 546 Post
1888 505 2087 547 Cannen-

1204 579 1295 607 sem
1315 580 1517 620 pugnam,
1550 583 1647 610 cum
1671 569 1862 611 Annibal
1891 572 2087 612 nuntium

1206 630 1512 683 Carthaginem
1551 635 1740 675 misisset
1779 635 1833 675 de
1872 635 1999 676 rebus
2047 636 2091 676 in

1205 693 1338 735 Italia
1355 708 1563 749 prospere
1583 699 1728 751 gestis,
1749 704 1877 752 atque
1898 700 1931 739 is
1948 699 2090 740 omnia

1206 756 1441 810 diligenter
1460 766 1505 800 et
1525 770 1726 804 accurate
1755 765 2029 816 exposuisset
2047 764 2091 803 in

1205 822 1385 873 Senatu,
1404 823 1661 866 Annibalem
1679 828 1780 868 scil.'
1793 841 1888 869 cum
1907 841 1983 868 sex
2006 829 2093 869 Im-

1207 888 1494 940 peratoribus,
1541 902 1720 942 quorum
1761 898 1949 944 quatuor
1990 904 2089 932 con·

1205 952 1334 1003 sules,
1364 952 1449 993 duo
1468 953 1659 994 dictator
1681 968 1732 996 ac
1752 957 1952 1008 magister
1972 956 2093 1009 equi-

1206 1019 1298 1055 tum
1329 1014 1506 1068 fuerint,
1541 1029 1638 1057 cum
1676 1030 1752 1058 sex
1795 1020 2090 1060 consularibus

1206 1080 1464 1120 exercitibus
1480 1081 1571 1121 acie
1591 1080 1863 1132 conflixisse3
1883 1083 2092 1123 occidisse

1207 1157 1339 1196 supra
1367 1145 1555 1186 ducenta
1586 1145 1736 1196 millia,
1763 1147 1931 1199 cepisse
1961 1160 2094 1200 supra

1209 1210 1519 1263 quinquaginta
1538 1210 1670 1251 millia
1689 1211 1870 1252 hostium
1889 1225 1900 1261 ;
1922 1224 1975 1252 ex
1993 1225 2094 1265 qua-

1209 1278 1305 1313 tuor
1343 1274 1589 1315 consulibus
1625 1275 1732 1316 duos
1771 1276 1999 1328 occidisse,
2037 1290 2093 1318 ex

1210 1340 1373 1380 duobus
1402 1341 1591 1381 saucium
1613 1342 1798 1383 alterum
1820 1347 1913 1383 toto
1939 1342 2094 1383 amisso

1209 1405 1405 1445 exercitu
1442 1418 1537 1445 cum
1572 1405 1886 1459 quinquaginta
1919 1406 2097 1446 homini-

1209 1468 1288 1509 bus
1320 1470 1393 1509 vix
1413 1468 1649 1522 effugisse3
1679 1470 1944 1523 Magistrum
1974 1470 2095 1523 equi-

1212 1537 1318 1583 tum,
1364 1534 1436 1585 qui
1481 1535 1716 1575 consularis
1761 1535 1988 1587 potestatis
2024 1535 2097 1587 sit,

1209 1595 1351 1637 fusum
1368 1595 1648 1651 fugatumque
1664 1612 1675 1649 ;
1695 1597 1977 1651 Dictator-em,
1996 1598 2096 1652 quia

1210 1675 1258 1703 se
1296 1662 1340 1702 in
1377 1662 1515 1703 aciem
1549 1675 1765 1716 nunquam
1814 1663 2097 1713 commiserit,

1210 1727 1384 1767 unicum
1419 1727 1570 1767 haberi
1602 1726 1948 1779 Imperatorem3
1984 1727 2095 1766 Bru-

1212 1792 1310 1842 rios,
1338 1791 1603 1844 Apulosque,
1631 1791 1872 1831 Samnitum
1891 1795 1937 1830 et
1956 1791 2094 1831 Luca-

1210 1868 1362 1896 norum
1385 1861 1552 1907 partem
1581 1853 1796 1895 defecisse
1825 1854 1878 1895 ad
1907 1855 2096 1908 Poenos·;

1212 1921 1421 1973 Capuam,
1447 1932 1543 1973 quae
1574 1920 1821 1972 Campaniae
1852 1924 1985 1972 caput
2013 1925 2094 1971 est,

1211 1984 1436 2025 Annibalis
1479 1996 1607 2036 esse;
1654 1983 1710 2025 ad
1737 1997 1917 2038 quarum
1955 1996 2096 2024 rerum

1210 2048 1340 2088 fidem
1373 2049 1662 2102 majoremque
1696 2048 1894 2089 laetitiam
1936 2047 2098 2089 effundi

1204 2114 1388 2166 Jussisse
1425 2115 1468 2155 in
1506 2115 1721 2155 vestibulo
1758 2114 1889 2155 curiae
1921 2115 2097 2155 annulos

1213 2189 1381 2229 aureos,
1398 2190 1505 2231 quos
1522 2177 1821 2218 tantummodo
1835 2177 1994 2219 civium
2011 2178 2096 2218 Ro-

1211 2253 1435 2281 manorum
1464 2240 1599 2281 fuisse
1633 2240 1808 2282 dicebat
1826 2254 1839 2291 ;
1859 2245 2006 2281 tantus
2026 2253 2098 2280 au-

1213 2310 1299 2344 tem
1319 2309 1414 2345 erat
1434 2317 1632 2357 acervus,
1652 2309 1700 2345 ut
1719 2306 1884 2345 modios
1916 2310 2003 2345 tres
2023 2316 2098 2344 ex-

1212 2369 1351 2422 plesse
1403 2369 1576 2410 dicatur
1595 2383 1608 2410 2
1668 2375 1757 2410 tum
1804 2369 2097 2421 interrogatus

1211 2439 1282 2475 est
1318 2434 1492 2486 Hanno,
1523 2433 1754 2474 Barchinae
1783 2433 1965 2474 factioni
1988 2446 2099 2474 sem-

1211 2511 1291 2552 per
1319 2499 1540 2551 adversus,
1556 2511 1657 2539 num
1676 2498 1848 2539 demum
1871 2497 2101 2548 poeniteret

1210 2576 1257 2604 se
1277 2563 1379 2605 belli
1409 2563 1600 2616 suscepti
1628 2561 1835 2602 adversus
1866 2562 2100 2614 Romanos,

1211 2630 1398 2684 dedique
1434 2629 1692 2670 Annibalem
1717 2628 1911 2681 juberet.
1977 2628 2099 2668 Nun-

1214 2706 1342 2746 quam
1378 2706 1426 2734 se
1476 2693 1638 2734 desisse
1675 2691 1919 2744 respondit,
1957 2703 2101 2745 neque

1215 2757 1453 2798 desiturum
1474 2758 1703 2812 poenitere‚
1721 2762 1852 2808 atque
1873 2768 1994 2796 suum
2013 2755 2100 2795 Im-

1216 2827 1461 2874 peratorem
1499 2834 1723 2872 accusare,
1769 2820 1909 2861 donec
1948 2819 2104 2860 viderit

1215 2887 1376 2927 bellum
1405 2887 1511 2927 illud
1540 2887 1684 2940 aliqua
1704 2885 1926 2926 -tolerabili
1953 2883 2102 2926 condi-

1215 2952 1333 2992 tione
1352 2951 1535 2992 finitum.
1607 2951 1783 2993 Deinde
1803 2963 1899 2991 cum
1920 2950 2102 2989 interro-

1216 3023 1364 3068 gasset
1402 3030 1457 3057 ex
1486 3016 1653 3068 nuntio,
1678 3015 1751 3069 qui
1781 3014 1897 3067 apud
1931 3014 2102 3054 Cannas

1217 3082 1271 3121 ad
1317 3082 1657 3124 internecionem
1703 3079 1874 3130 imperii
1921 3075 2104 3117 Romani

1217 3151 1457 3198 pugnatum
1501 3157 1593 3184 esse
1641 3143 1832 3193 dicebat,
1879 3145 2104 3190 totamque

1216 3210 1388 3250 Italiam
1404 3221 1430 3249 a
1450 3208 1651 3249 Romanis
1673 3206 1902 3255 defecisse,
1917 3203 2102 3255 nunquis

1217 3286 1272 3314 ex
1293 3273 1437 3314 Latini
1457 3272 1639 3312 nominis
1661 3269 1830 3322 populis
1851 3266 2104 3318 defecisset,

1215 3342 1262 3377 et
1280 3338 1314 3376 si
1332 3337 1425 3390 quis
1445 3337 1568 3376 homo
1597 3348 1650 3374 ex
1677 3334 1865 3386 quinque
1885 3335 1931 3370 et
1950 3330 2105 3382 trigin-

1215 3407 1262 3443 ta
1300 3401 1500 3442 tribubus
1534 3399 1588 3439 ad
1626 3395 1886 3437 Annibalem
1917 3392 2103 3434 transfu-

1215 3465 1366 3517 gisset,
1383 3476 1436 3504 an
1457 3460 1638 3503 Romani
1658 3460 1824 3510 legatos
1838 3457 1891 3496 ad
1907 3455 2105 3498 Anniba-

1214 3531 1298 3570 lem
1316 3528 1370 3568 de
1388 3539 1493 3579 pace
1513 3524 1745 3574 misissent,
1766 3534 1820 3562 an
1838 3521 1966 3562 ullam
1983 3522 2103 3574 pacis

1215 3592 1474 3637 mentionem
1506 3588 1726 3630 fecissent.
1785 3587 1893 3628 Cum
1908 3585 1998 3627 haec
2014 3599 2101 3629 om·
