2346 3996
548 264 808 307 VALERII
850 262 1093 303 MAX1M1

189 387 285 440 regi
299 389 426 437 esset,
437 383 662 426 admiratio
675 383 720 424 in
733 375 1076 423 satisfactionem

193 450 341 501 cessit,
385 448 708 500 charioremque
747 458 861 499 eum,
896 451 1075 498 propter

192 513 474 556 constantiam
519 515 654 552 tantae
683 509 876 562 virtutis,
910 508 1074 549 habuit.

195 577 323 618 Idem.

245 640 305 679 Et
341 638 482 691 Clytus
507 637 622 677 hasta
653 635 859 688 traJectus]
897 635 1076 676 Solenni

190 700 375 755 quodam
411 699 482 741 die
509 700 759 740 Alexander
790 700 956 740 amicos
977 711 1076 740 suos

188 767 232 807 in
262 765 502 806 convivium
533 765 723 815 vocavit,
748 765 822 806 ubi
849 770 945 806 orta
962 764 1078 805 inter

191 829 334 871 ebrios
370 841 512 869 rerum
549 841 575 868 a
615 828 819 881 Philippo
858 834 1076 880 gestarum

191 892 428 944 mentione,
445 891 655 944 praeferre
674 903 721 931 se
741 891 854 944 patri
882 891 991 943 ipse,
1015 902 1078 930 re-

191 968 372 1009 rumque
407 967 576 996 suarum
627 955 966 1008 magnitudinem
1002 966 1078 995 ex·

190 1020 347 1062 tollere
365 1021 475 1061 coelo
493 1026 616 1061 tenus
649 1020 798 1072 coepit,
827 1024 1077 1060 assentante

191 1083 354 1135 majore
388 1082 664 1123 convivarum
717 1087 856 1135 parte.
922 1082 1078 1135 Itaque

194 1157 291 1186 cum
321 1156 429 1186 nnus
452 1157 507 1185 ex
539 1146 711 1187 senibus
732 1147 899 1199 clytus,
922 1147 1078 1188 ductus

189 1208 350 1250 fiducia
363 1209 565 1251 amicitiae
586 1211 732 1263 regiae,
748 1211 870 1263 cujus
890 1211 1077 1263 palmam

192 1273 388 1326 tenebat,
397 1275 643 1316 memoriam
655 1275 850 1327 Philippi
863 1280 1078 1326 tueretur,

191 1337 476 1390 laudaretque
496 1337 589 1390 ejus
611 1350 678 1378 res
703 1344 862 1390 gestas,
882 1338 992 1379 adeo
1013 1351 1078 1379 re-

193 1412 290 1453 gem
309 1399 506 1453 offendit,
528 1406 574 1442 ut
590 1402 679 1442 telo
693 1414 716 1442 a
736 1403 923 1443 satellite
935 1410 1079 1455 rapto,

193 1463 380 1505 eundem
424 1464 470 1504 in
514 1464 712 1504 convivio
758 1465 1076 1507 trucidaverit:

190 1538 274 1579 qna
290 1526 412 1567 caede
429 1528 647 1578 exultans,
662 1534 831 1569 mortuo
846 1529 1079 1580 patrocini-

193 1602 265 1631 um
285 1589 492 1644 Philippi,
507 1590 764 1644 laudemque
791 1599 983 1645 paternae
1001 1593 1079 1633 mi-

191 1653 301 1694 litiae
318 1652 581 1706 objectabat.
637 1655 875 1709 Postquam
897 1657 1078 1698 satiatus

194 1717 316 1758 caede
335 1719 502 1758 animus
522 1717 703 1772 quievit,
716 1727 763 1760 et
781 1720 825 1760 in
843 1721 984 1761 locum
1003 1721 1079 1761 irae

193 1783 403 1822 successit
413 1781 695 1835 existimatio,
707 1783 833 1824 modo
852 1796 1079 1837 personam

194 1844 345 1897 occisi,
358 1845 488 1886 modo
506 1857 676 1888 causam
694 1847 920 1888 occidendi
939 1848 1080 1888 consi-

193 1912 365 1959 derans,
393 1913 544 1966 pigere
563 1923 662 1953 eum
689 1911 797 1952 facti
830 1912 981 1964 coepit,
1007 1912 1079 1964 qui

193 1980 398 2028 paternas
426 1975 574 2016 laudes
607 1981 695 2015 tam
725 1974 929 2015 iracunde
959 1986 1080 2015 acce-

193 2039 344 2092 pisset,
387 2038 462 2093 qui
503 2049 583 2078 nec
628 2038 817 2080 convitia
843 2037 1079 2088 debuisset,

195 2103 467 2155 amicumque
487 2104 648 2154 senem,
667 2109 716 2143 et
731 2101 969 2152 innoxium,
987 2113 1011 2140 a
1031 2112 1077 2140 sc

198 2166 386 2208 occisum
407 2168 522 2208 inter
540 2167 691 2218 epulas
710 2171 757 2206 et
777 2165 948 2218 pocula,
965 2164 1081 2205 dole·

197 2232 289 2273 bat.
343 2230 508 2272 Eodem
538 2231 672 2283 igitur
698 2229 845 2270 furore
875 2228 1080 2281 inpoeni-

198 2295 396 2342 tentiam,
415 2307 500 2349 quo
518 2295 686 2349 pridem
705 2295 749 2334 in
775 2294 900 2343 iram,
922 2304 1082 2343 versus,

196 2359 305 2400 mori
325 2359 476 2399 voluit.
530 2360 724 2399 Primum
755 2358 800 2397 in
829 2355 958 2397 fletus
985 2367 1082 2408 pro-

197 2435 381 2476 gressuS,
417 2423 617 2475 amplecti
638 2429 867 2472 mortuum,
901 2421 1083 2461 vulnera

197 2492 403 2538 tractare,
433 2492 481 2527 et
508 2487 631 2540 quasi
656 2484 849 2525 audienti
886 2483 1083 2524 confiteri

198 2550 476 2601 dementiam,
520 2554 740 2602 arreptum
778 2549 910 2589 telum
947 2547 991 2587 in
1035 2559 1083 2588 se

198 2613 351 2665 vertit,
406 2614 732 2666 peregissetque
799 2611 985 2662 facinus,
1038 2611 1083 2651 ni

200 2676 327 2718 amici
364 2677 716 2718 intervenissent.
790 2677 955 2717 Mansit
991 2675 1084 2716 liaec

199 2742 400 2781 voluntas
417 2742 642 2789 moriendi,
661 2742 792 2782 etiam
807 2742 850 2782 in
864 2740 1082 2794 sequenti-

197 2804 282 2846 bus
301 2803 467 2846 diebus.
496 2806 650 2847 Oliver.

258 2869 519 2911 Callisthenes
552 2869 654 2910 mori
679 2869 833 2922 jussus]
889 2870 961 2910 De
1002 2869 1084 2910 hoc

201 2932 467 2976 Callisthene
501 2933 688 2974 diximus
724 2946 854 2987 supra
888 2946 993 2986 cap.
1027 2934 1084 2974 de

198 2998 429 3050 Sapienter
446 2997 591 3048 dictis,
603 2998 801 3049 exemplo
819 2997 1086 3039 Aristotelis.

200 3062 316 3104 Nam
350 3062 423 3102 ille
451 3062 658 3103 adversus
686 3062 871 3102 Darium
891 3062 1085 3115 proficis·

198 3126 317 3168 centi
361 3125 610 3167 Alexandro
651 3126 854 3166 comitem
891 3125 1090 3178 dederat,

200 3197 514 3243 manuel-atque
551 3197 601 3230 ut
637 3190 771 3241 regiis
804 3189 976 3229 auribus
1012 3195 1089 3229 aut

192 3253 389 3304 ‚iucunda
407 3253 591 3303 diceret,
608 3258 684 3293 aut
708 3253 923 3292 silentium
946 3265 1088 3293 serva-

201 3322 304 3367 ret;
340 3328 517 3369 quorum
554 3324 757 3359 neutrum
789 3316 899 3358 fecit
935 3316 1088 3359 Callis-

202 3380 370 3420 thenes.
401 3382 551 3422 Oliver.

262 3443 359 3483 Tres
395 3445 600 3496 victorias]
654 3446 741 3486 Ter
769 3446 875 3487 vicit
910 3444 1086 3485 Darium

206 3505 440 3566 Persarum
476 3519 652 3560 regem:
683 3509 822 3561 primo
854 3510 897 3550 in
925 3510 1087 3560 campis

316 3574 466 3625 Delplt.
485 3579 524 3615 et
552 3575 646 3615 Var.
665 3577 771 3617 Caes.

1033 3576 1120 3616 Vae.
1143 3577 1259 3617 Max.

1880 254 2020 309 1345

1138 380 1380 435 AdrasteiS,
1397 383 1471 425 ubi
1491 384 1534 424 in
1563 384 1656 425 acie
1688 384 1920 427 Persarum
1934 386 2025 427 fue-

1138 451 1237 486 runt
1256 453 1462 488 sexcenta
1476 448 1610 489 millia
1624 447 1805 488 militum
1822 461 1834 498 3
1864 449 2022 491 deinde

1138 511 1253 561 apud
1282 512 1464 552 Taurum
1482 518 1687 562 montem,
1716 513 1759 553 in
1778 525 1861 567 qua
1878 526 2023 567 pugna

1137 570 1261 613 fuere
1281 585 1375 615 ccc.
1394 576 1527 616 millia
1543 576 1753 629 peditum,
1770 582 1818 617 et
1846 582 2022 617 centum

1138 635 1271 676 millia
1290 638 1507 690 equitum3
1535 645 1754 691 postremo
1782 641 1894 681 haud
1923 653 2022 693 pro-

1138 698 1209 738 cul
1228 711 1253 739 a
1271 700 1512 753 Babylone,
1538 715 1621 755 quo
1651 702 1906 757 confugerat
1935 705 2025 745 Da·

1138 762 1242 804 rius.
1276 763 1426 804 Oliver.

1193 828 1263 879 §2
1291 826 1536 867 Hamilcaris
1568 828 1718 880 odium]
1753 830 1862 870 Cum
1893 831 2022 873 multi

1138 887 1302 930 fuerint
1321 890 1592 932 Hamilcares
1608 893 2024 946 Carthaginiensium

1140 953 1290 1005 duces,
1311 953 1501 995 dubitari
1532 962 1679 1007 posset
1708 956 1762 996 de
1784 970 1867 1010 quo
1894 959 2024 999 Vale-

1139 1018 1228 1059 rius
1247 1018 1381 1062 dicat.
1436 1020 1650 1073 Loquitur
1663 1033 1766 1073 ergo
1784 1022 1838 1062 de
1859 1022 2026 1063 Hamil·

1140 1095 1239 1123 care
1252 1082 1478 1124 Annibalis
1493 1089 1632 1136 patre,
1643 1085 1713 1137 qui
1729 1085 1896 1126 Punico
1910 1086 2028 1128 bello

1139 1153 1362 1200 superatus
1382 1160 1409 1188 a
1428 1148 1651 1199 Romanis,
1671 1148 1862 1188 Siciliam
1880 1150 2028 1190 Sardi-

1141 1212 1340 1266 niamque
1377 1212 1536 1255 amisit.
1584 1213 1736 1253 Oliver.
1809 1213 2027 1255 Amilcaris

1139 1276 1288 1328 odium]
1331 1277 1398 1316 De
1418 1276 1538 1317 dicto
1570 1282 1734 1329 tacent,
1757 1277 1835 1317 sed
1854 1277 1909 1318 de
1927 1278 2027 1319 odio

1141 1341 1339 1382 scribunt
1354 1340 1511 1394 Polyb.
1529 1339 1643 1381 libro
1662 1351 1734 1382 111.
1762 1340 1912 1382 Livius
1926 1353 2028 1383 xxr.

1143 1405 1313 1445 carrad.

1197 1469 1379 1514 Quatuor
1395 1468 1521 1521 enim]
1547 1469 1652 1508 Tres
1668 1467 1879 1509 duntaxat
1895 1468 2027 1510 fuisse

1140 1532 1342 1574 Justinus
1362 1531 1512 1580 tradit,
1533 1530 1807 1581 Annibalem,
1831 1531 2028 1572 Hasdru-

1141 1594 1298 1646 balem,
1312 1598 1357 1634 et
1378 1593 1668 1647 Sapphonem.
1700 1594 1850 1635 Oliver.

1199 1658 1353 1698 Patrioe
1370 1670 1467 1709 suae,
1491 1662 1536 1698 ut
1563 1658 1710 1710 evenit]
1754 1659 1864 1699 Nam
1884 1658 1920 1699 si
1941 1660 2031 1700 An·

1142 1721 1262 1762 nibal
1281 1727 1328 1763 et
1359 1721 1604 1763 Hasdrubal
1637 1722 1844 1774 populum
1879 1724 2035 1763 Roma-

1144 1797 1244 1826 num
1264 1798 1351 1827 non
1379 1786 1442 1827 sic
1458 1792 1706 1836 vexassent,
1725 1785 2031 1839 Carthaginem

1145 1849 1291 1902 Scipio
1311 1861 1396 1890 non
1416 1848 1662 1890 delevisset.
1691 1849 1798 1890 Bad.

1198 1915 1266 1966 §3
1300 1912 1606 1964 Commilitium]
1640 1912 1902 1953 Comitatum
1923 1913 2032 1953 mili-

1144 1977 1234 2018 tiae.
1288 1978 1350 2018 Ut
1369 1977 1485 2029 patri
1501 1976 1602 2017 duci
1622 1988 1766 2017 comes
1786 1977 1872 2017 iret
1893 1976 1937 2017 in
1955 1977 2032 2017 mi-

1144 2040 1298 2081 litiam.
1330 2041 1482 2081 Oliver.

1196 2103 1405 2144 Alterutra
1420 2103 1532 2155 pars]
1574 2102 1666 2144 Aut
1702 2103 2032 2156 Carthaginien·

1143 2166 1270 2218 sium,
1290 2171 1366 2206 aut
1382 2168 1589 2208 Romana.

1198 2231 1221 2282 ξ
1239 2233 1265 2269 4
1296 2230 1479 2282 Namque
1495 2229 1747 2282 Semiramis]
1780 2230 1877 2271 Hoc
1897 2231 2032 2282 magis

1144 2292 1198 2332 ad
1219 2292 1409 2334 mulieris
1441 2293 1648 2333 virtutem
1678 2300 1724 2333 et
1756 2296 2032 2346 magnanimi-

1145 2360 1295 2406 tatem,
1315 2367 1443 2409 quam
1463 2356 1517 2395 ad
1534 2356 1682 2396 odium
1702 2362 1746 2396 et
1767 2357 2029 2397 iracundiam

1146 2425 1345 2471 spectare
1377 2418 1564 2460 videtur.
1620 2419 1728 2460 Cum
1761 2421 1802 2459 in
1831 2420 2031 2460 cubiculo

1147 2490 1278 2535 caput
1297 2483 1542 2534 exornanti,
1572 2489 1622 2523 ut
1653 2484 1855 2523 mulieres
1876 2485 2035 2535 solent,

1146 2546 1229 2598 ipsi
1247 2547 1490 2587 nuntiatum
1507 2552 1639 2596 esset,
1653 2546 1922 2599 Babylonem
1939 2559 1966 2588 a
1987 2560 2033 2588 se

1147 2609 1379 2660 defecisse,
1420 2616 1558 2658 tanta,
1595 2615 1644 2650 ut
1674 2611 1874 2651 Valerius
1912 2611 2035 2661 dicit,

1146 2674 1212 2713 ira
1231 2674 1401 2726 percita
1418 2679 1502 2725 est,
1528 2679 1578 2715 ut
1610 2674 1680 2714 alii
1710 2675 1878 2726 volunt,
1904 2675 2035 2716 animi

1147 2739 1444 2791 magnitudine
1460 2739 1556 2790 fuit,
1587 2745 1638 2781 ut
1670 2752 1755 2780 non
1787 2740 1904 2793 prius
1936 2742 2034 2783 reli-

1148 2815 1278 2856 quum
1310 2803 1479 2856 capitis,
1501 2804 1592 2856 jam
1623 2804 1738 2844 enim
1772 2810 1940 2857 partem
1961 2817 2036 2845 ex·

1148 2875 1394 2922 ornaverat,
1413 2881 1565 2910 ornare
1592 2869 1795 2921 voluerit,
1822 2881 1948 2923 quam
1968 2882 2036 2910 ur·

1148 2933 1246 2974 bem
1277 2934 1321 2974 in
1354 2945 1472 2974 suam
1507 2932 1772 2974 deditionem
1804 2933 2034 2986 redegerit.

1147 2997 1295 3038 Multa
1310 2996 1363 3037 de
1382 2997 1464 3038 hac
1475 2995 1652 3037 foemina
1664 2997 1876 3049 praeciara
1892 2997 2036 3048 legun-

1150 3066 1222 3101 tur
1239 3059 1355 3111 apud
1388 3059 1630 3100 Diodorum
1659 3060 1848 3100 Siculum
1870 3059 1943 3098 lib.
1962 3069 2034 3099 ιη.

1149 3128 1238 3164 tam
1258 3123 1313 3163 de
1332 3123 1577 3173 nativitate,
1595 3136 1692 3176 quae
1712 3122 1920 3162 mirabilis
1935 3120 2034 3172 fuit,

1150 3198 1276 3239 quam
1291 3186 1346 3227 de
1362 3186 1526 3227 virtute
1542 3193 1585 3227 et
1599 3187 1728 3226 rebus
1745 3184 1899 3237 gestis:
1921 3183 2035 3223 inter

1150 3262 1249 3303 quae
1274 3249 1378 3289 illud
1401 3249 1734 3302 pulcherrimum
1756 3261 1767 3287 :
1804 3246 1915 3300 quod
1936 3259 2033 3287 cum

1150 3315 1290 3356 Ninus
1321 3314 1590 3366 Assyriorum
1622 3324 1700 3352 rex
1727 3311 1769 3350 in
1789 3310 2034 3350 Bactrianis

1152 3380 1353 3420 Bactram
1374 3379 1540 3428 urbem,
1557 3382 1710 3416 natura
1729 3373 1831 3424 loci,
1857 3380 1902 3413 et
1918 3385 2035 3424 mag·

1149 3445 1360 3495 nitudine,
1391 3450 1437 3483 et
1467 3454 1583 3489 arce,
1611 3452 1660 3480 ae
1690 3440 1862 3480 caeteris
1905 3438 2035 3478 rebus

1151 3521 1247 3561 quae
1269 3508 1322 3549 ad
1348 3506 1641 3549 defensionem
1661 3507 1878 3556 spectant,
1898 3503 2033 3542 muni-

1828 3574 1855 3609 4
1884 3570 1922 3611 Q

1138 264 1257 305 Lm.
1298 265 1391 304 ix.
1430 252 1645 306 clar-3.
