2346 3996
413 272 673 314 comens
715 272 782 311 m
820 267 1137 311 nin-morri.
1180 273 1384 314 mu‘r'r.
1428 270 1797 313 Assnnva‘rr.
1884 262 2027 316 1409

195 392 667 458 memorabilibuS,
706 395 805 447 διο.
880 391 951 445 In
994 404 1126 445 raso
1171 392 1307 445 folio
1333 393 1456 446 haec
1496 394 1843 446 scribuntur:
1882 397 1896 419 ‘
1926 393 2028 445 Se-

196 479 384 533 cunda
406 496 541 549 pars
559 478 781 533 Valerii
804 476 1048 531 Maximi
1069 493 1167 545 per
1188 477 1526 545 Dionysium
1553 477 1622 530 de
1646 478 1832 545 Burgo
1858 478 2032 530 eluci-

197 559 333 619 6818
350 563 382 619 :³
435 569 491 619 et
530 568 840 634 sequuntur
886 560 1046 615 haec:
1108 564 1124 589 ⁴
1154 561 1450 615 Fratribus
1493 561 1720 615 Oxonie
1758 560 1921 614 datur
1974 562 2031 614 in

191 662 399 713 mnus
421 655 564 714 liber
583 661 690 714 iste
724 672 825 730 per
858 651 1099 715 Johfsem
1122 657 1562 727 Whetherstede‚
1604 661 1833 714 Patrem
1853 659 2034 713 Peco—

194 758 331 799 rum.

341 830 524 896 Quem
553 833 603 884 si
627 831 758 901 quis
782 831 970 899 rapiat
989 828 1190 899 raptim
1217 829 1516 882 titulumve
1539 837 1823 895 retractet,

340 915 456 969 Vel
478 915 644 971 Judae
670 916 953 986 laqueum,
978 916 1068 970 vel
1092 915 1280 968 furcas
1308 916 1535 967 sentiat.
1572 914 1786 968 Amen.’

201 1000 319 1056 Hic
341 1001 486 1055 liber
509 1008 602 1054 est
627 1002 806 1069 prima
827 1007 1046 1054 tantum
1063 1018 1198 1070 pars
1219 1019 1232 1054 ε
1269 1000 1569 1069 singularis
1593 1007 1650 1052 et
1675 1001 1827 1053 solus
1846 1007 2039 1052 manet

198 1103 271 1141 ex
291 1087 365 1141 iis
388 1104 531 1157 quos
569 1087 706 1141 Dux
740 1087 1167 1157 Humphredius
1201 1087 1432 1140 donavit
1455 1085 1782 1138 Academiae
1820 1084 2038 1137 Oxoni-

197 1187 343 1226 eust.

279 1254 530 1310 canoniea·
549 1254 677 1311 Lat.
702 1258 833 1311 259.
853 1257 979 1311 cod.
993 1257 1216 1311 Valerii
1237 1257 1480 1310 Maximi
1497 1258 1796 1309 membran.
1812 1255 2041 1325 pulchre

202 1343 397 1411 script.
425 1342 577 1395 circa
603 1355 742 1396 xw.
768 1359 902 1396 saec.
977 1343 1097 1396 Sub
1136 1343 1230 1396 fin.
1269 1346 1287 1370 ‘
1313 1342 1573 1411 Explicit
1613 1342 1782 1394 Liber
1815 1340 2041 1393 Nonus.

202 1428 414 1497 Incipit
439 1426 748 1481 Decimus.'
790 1427 901 1480 Sed
926 1444 1039 1480 non
1064 1428 1314 1497 procedit
1337 1428 1574 1480 ulterius
1591 1443 1756 1496 quam
1786 1430 1803 1453 ‘
1821 1425 2041 1478 Aurun-

203 1529 336 1566 cum
368 1519 426 1566 et
465 1512 834 1566 Posthumum
860 1512 1157 1565 OEbutium
1177 1511 1210 1566 τ’
1246 1517 1301 1565 et
1326 1513 1455 1564 dein
1479 1511 1763 1579 sequitur:
1802 1513 1818 1537 ‘
1840 1510 2042 1578 Expli-

203 1599 283 1653 cit
304 1598 571 1653 Valerius
601 1598 910 1652 Maximus.
983 1598 1199 1667 Incipit
1233 1597 1493 1666 Epistola
1518 1596 1739 1650 Valerii
1766 1595 1838 1648 ad
1866 1593 2042 1647 Ruffi-

205 1700 359 1749 num,
381 1685 438 1736 in
462 1700 574 1754 qua
595 1683 898 1752 persuadet
919 1700 991 1736 ne
1012 1700 1246 1736 uxorem
1272 1682 1480 1736 ducat?

274 1769 494 1823 Canon.
520 1769 652 1836 Lat.
675 1769 801 1822 260.
825 1769 954 1822 cod.
979 1768 1191 1822 Valerii
1216 1768 1457 1821 Maximi
1481 1768 1785 1819 membran.
1812 1765 2043 1834 pulchre

208 1857 402 1924 script.
428 1859 484 1908 et
508 1854 747 1908 illumin.
769 1871 898 1908 cum
921 1855 1114 1922 glossa
1137 1854 1380 1907 interlin.
1402 1857 1459 1905 et
1482 1857 1620 1905 nott.
1646 1851 1935 1919 marginal.

278 1939 493 1994 Canon.
519 1940 646 1993 Lat.
672 1940 800 1994 261.
829 1940 956 1993 cod.
981 1939 1197 1995 Valerii
1231 1938 1473 1991 Maximi
1498 1937 1742 1990 chartac,
1769 1953 1901 1990 saeC.
1937 1949 2044 1988 xv,

209 2026 444 2095 capital.
467 2026 703 2079 illumin.

281 2110 496 2165 Canon.
519 2111 650 2165 Lat.
675 2112 804 2165 262.
841 2110 1053 2164 Valerii
1078 2110 1345 2173 Maximi,
1370 2111 1470 2162 διο.
1497 2124 1624 2160 cum
1653 2106 2040 2175 Expositionc.

212 2195 351 2250 Cod.
378 2197 626 2250 chartac.
652 2213 784 2250 saec.
813 2210 948 2248 xlv.
976 2213 1100 2249 cum
1129 2197 1301 2263 gloss,
1321 2193 1562 2247 interlin.
1587 2197 1644 2244 et
1668 2192 1952 2258 marginal.

281 2281 493 2336 Canon.
520 2283 644 2335 Lat.
668 2282 797 2335 263.
825 2281 954 2334 cod.
980 2280 1204 2334 Valerii
1232 2279 1477 2331 Maximi
1502 2277 1746 2329 chartac.
1773 2291 1906 2328 saec.
1935 2288 2042 2326 xv.

124 2378 131 2381 ”
213 2367 446 2436 capital.
470 2367 703 2420 illumin.
731 2365 849 2418 sine
872 2371 988 2419 not.
1061 2365 1286 2433 Integer
1312 2364 1527 2416 videtur
1551 2361 1677 2414 cod.
1702 2360 1803 2412 sed
1845 2360 2044 2412 desinit

214 2453 455 2522 abrupte
480 2452 540 2505 in
561 2453 660 2506 lib.
688 2466 780 2504 1x.
807 2468 936 2520 cap.
963 2451 1051 2504 14.
1089 2450 1178 2503 De
1203 2448 1582 2502 Similitudine
1608 2446 1844 2499 Formae.

782 2626 990 2681 Codices
1024 2624 1484 2696 cantabrigienses.

287 2773 359 2826 In
387 2769 644 2823 Biblioth.
672 2766 835 2821 Publ.
875 2768 966 2836 Gg
989 2768 1045 2820 6.
1071 2768 1123 2820 2.
1164 2767 1289 2820 cod.
1330 2764 1546 2818 Valerii
1591 2760 1835 2813 Maximi
1875 2774 2043 2810 mem-

212 2860 368 2912 bran.
416 2874 554 2910 saec.
599 2869 709 2908 xv.
750 2856 878 2907 Svo.
922 2854 1202 2922 eleganter
1240 2851 1501 2919 scriptus,
1555 2853 1614 2900 et
1650 2845 1884 2899 illumin.
1922 2845 2044 2896 sine

215 2944 384 3013 gloss,
411 2947 470 2996 et
486 2946 623 2995 nott.
1710 2926 1715 2928 “

289 3026 388 3079 Kk
411 3025 464 3078 3.
488 3026 578 3078 23.
616 3025 740 3080 cod.
777 3026 1082 3078 membran.
1126 3039 1261 3076 saec.
1303 3035 1448 3073 x111.
1502 3017 1786 3072 continens
1829 3013 2043 3064 Valerii

215 3112 461 3167 Maximi
484 3112 663 3165 libros
690 3126 774 3163 ιν.
801 3126 927 3164 cum
952 3113 1086 3162 nott.
1110 3107 1400 3176 marginal.
1428 3105 1635 3158 etalia.

289 3198 413 3251 Mm
436 3198 489 3251 2.
513 3198 567 3251 8.
595 3197 722 3250 cod.
747 3196 1048 3249 membran.
1074 3210 1208 3246 saec.
1239 3207 1386 3245 xm.
1413 3190 1720 3250 continenS,
1739 3185 1881 3236 inter
1908 3183 2041 3245 alia,

220 3282 509 3337 Valerium
537 3282 874 3346 Maximum,
901 3297 1025 3334 cum
1049 3284 1185 3332 nott.
1205 3277 1487 3345 marginal.

291 3368 360 3421 In
388 3365 521 3419 Coll.
561 3367 618 3420 S.
661 3367 814 3420 Petri
851 3372 938 3420 est
961 3366 1086 3420 cod.
1123 3364 1422 3416 membran.
1448 3356 1660 3411 Valerii
1689 3352 1931 3406 Maximi
1972 3350 2040 3402 de

223 3455 416 3507 Factis
459 3460 516 3507 et
542 3454 727 3508 Dictis
751 3451 1232 3506 memorabilibus:
1272 3454 1325 3501 et
1349 3447 1416 3499 de
1440 3445 1475 3497 J
1482 3440 1723 3509 ugurtha.
1800 3437 1854 3489 N
1859 3453 1930 3488 on
1955 3436 2039 3487 in-

326 3550 472 3604 Delph.
491 3555 531 3591 et
555 3549 649 3591 ναν.
666 3550 773 3590 Clas.
1014 3547 1101 3587 Val.
1119 3547 1236 3586 Max.
1839 3538 1864 3573 4
1895 3533 1932 3572 U
