<?xml version="1.0" encoding="UTF-8"?>
<!DOCTYPE html PUBLIC "-//W3C//DTD XHTML 1.0 Transitional//EN"
    "http://www.w3.org/TR/xhtml1/DTD/xhtml1-transitional.dtd">
<html xmlns="http://www.w3.org/1999/xhtml" xml:lang="en" lang="en">
 <head>
  <title>
</title>
<meta http-equiv="Content-Type" content="text/html;charset=utf-8" />
  <meta name='ocr-system' content='tesseract 3.04.00' />
  <meta name='ocr-capabilities' content='ocr_page ocr_carea ocr_par ocr_line ocrx_word'/>
</head>
<body>
  <div class='ocr_page' id='page_1' title='image "./factorumdictorum03valeuoft_0172.png"; bbox 0 0 2288 3990; ppageno 0'>
   <div class='ocr_carea' id='block_1_1' title="bbox 377 280 519 334">
    <p class='ocr_par' dir='ltr' id='par_1_1' title="bbox 377 280 519 334">
     <span class='ocr_line' id='line_1_1' title="bbox 377 280 519 334; baseline 0.021 -3"><span class='ocrx_word' id='word_1_1' title='bbox 377 280 401 331; x_wconf 89' lang='lat'>1</span> <span class='ocrx_word' id='word_1_2' title='bbox 413 282 519 334; x_wconf 72' lang='lat'><strong>072</strong></span> 
     </span>
    </p>
   </div>
   <div class='ocr_carea' id='block_1_2' title="bbox 351 410 1247 3569">
    <p class='ocr_par' dir='ltr' id='par_1_2' title="bbox 369 410 1247 1022">
     <span class='ocr_line' id='line_1_2' title="bbox 375 410 1247 463; baseline -0.006 -10"><span class='ocrx_word' id='word_1_3' title='bbox 375 426 460 463; x_wconf 92' lang='lat' dir='ltr'><strong>mo,</strong></span> <span class='ocrx_word' id='word_1_4' title='bbox 499 426 556 453; x_wconf 51' lang='lat' dir='ltr'><strong>ex&gt;</strong></span> <span class='ocrx_word' id='word_1_5' title='bbox 585 411 897 453; x_wconf 87' lang='lat' dir='ltr'><strong>commentariis</strong></span> <span class='ocrx_word' id='word_1_6' title='bbox 938 410 1103 451; x_wconf 80' lang='lat' dir='ltr'><strong>Graecis</strong></span> <span class='ocrx_word' id='word_1_7' title='bbox 1136 410 1247 462; x_wconf 87' lang='lat' dir='ltr'><strong>quod</strong></span> 
     </span>
     <span class='ocr_line' id='line_1_3' title="bbox 375 474 1244 529; baseline -0.006 -12"><span class='ocrx_word' id='word_1_8' title='bbox 375 478 516 529; x_wconf 92' lang='lat' dir='ltr'><strong>potuit</strong></span> <span class='ocrx_word' id='word_1_9' title='bbox 548 478 592 516; x_wconf 91' lang='lat' dir='ltr'><strong>in</strong></span> <span class='ocrx_word' id='word_1_10' title='bbox 625 477 826 516; x_wconf 89' lang='lat' dir='ltr'><strong>Latinum</strong></span> <span class='ocrx_word' id='word_1_11' title='bbox 863 474 1067 515; x_wconf 79' lang='lat' dir='ltr'><strong>traduxit.</strong></span> <span class='ocrx_word' id='word_1_12' title='bbox 1139 475 1244 513; x_wconf 85' lang='lat' dir='ltr'><strong>Cum</strong></span> 
     </span>
     <span class='ocr_line' id='line_1_4' title="bbox 373 537 1244 592; baseline -0.007 -12"><span class='ocrx_word' id='word_1_13' title='bbox 373 541 506 592; x_wconf 86' lang='lat' dir='ltr'><strong>igitur</strong></span> <span class='ocrx_word' id='word_1_14' title='bbox 528 541 707 581; x_wconf 89' lang='lat' dir='ltr'><strong>Romani</strong></span> <span class='ocrx_word' id='word_1_15' title='bbox 737 540 867 579; x_wconf 89' lang='lat' dir='ltr'><strong>duces</strong></span> <span class='ocrx_word' id='word_1_16' title='bbox 901 538 1110 579; x_wconf 87' lang='lat' dir='ltr'>Punicam</span> <span class='ocrx_word' id='word_1_17' title='bbox 1138 537 1244 576; x_wconf 86' lang='lat' dir='ltr'><strong>clas-</strong></span> 
     </span>
     <span class='ocr_line' id='line_1_5' title="bbox 371 602 1244 655; baseline 0 -11"><span class='ocrx_word' id='word_1_18' title='bbox 371 617 459 644; x_wconf 85' lang='lat' dir='ltr'><strong>sem</strong></span> <span class='ocrx_word' id='word_1_19' title='bbox 486 605 528 643; x_wconf 90' lang='lat' dir='ltr'><strong>in</strong></span> <span class='ocrx_word' id='word_1_20' title='bbox 546 603 689 655; x_wconf 85' lang='lat' dir='ltr'><strong>fugam</strong></span> <span class='ocrx_word' id='word_1_21' title='bbox 710 602 1020 644; x_wconf 82' lang='lat' dir='ltr'><strong>convertissent</strong></span> <span class='ocrx_word' id='word_1_22' title='bbox 1051 605 1166 644; x_wconf 87' lang='lat' dir='ltr'><strong>circa</strong></span> <span class='ocrx_word' id='word_1_23' title='bbox 1183 606 1244 644; x_wconf 88' lang='lat' dir='ltr'><strong>Si-</strong></span> 
     </span>
     <span class='ocr_line' id='line_1_6' title="bbox 372 665 1241 717; baseline 0.001 -10"><span class='ocrx_word' id='word_1_24' title='bbox 372 668 531 717; x_wconf 89' lang='lat' dir='ltr'><strong>ciliam,</strong></span> <span class='ocrx_word' id='word_1_25' title='bbox 551 679 632 707; x_wconf 90' lang='lat' dir='ltr'><strong>nec</strong></span> <span class='ocrx_word' id='word_1_26' title='bbox 660 668 773 706; x_wconf 89' lang='lat' dir='ltr'><strong>illam</strong></span> <span class='ocrx_word' id='word_1_27' title='bbox 799 665 1030 717; x_wconf 80' lang='lat' dir='ltr'><strong>fugientem</strong></span> <span class='ocrx_word' id='word_1_28' title='bbox 1051 667 1176 707; x_wconf 85' lang='lat' dir='ltr'><strong>aliter</strong></span> <span class='ocrx_word' id='word_1_29' title='bbox 1195 681 1241 708; x_wconf 92' lang='lat' dir='ltr'><strong>se</strong></span> 
     </span>
     <span class='ocr_line' id='line_1_7' title="bbox 370 729 1240 782; baseline 0.001 -14"><span class='ocrx_word' id='word_1_30' title='bbox 370 730 551 782; x_wconf 80' lang='lat' dir='ltr'>adipisci</span> <span class='ocrx_word' id='word_1_31' title='bbox 582 742 705 781; x_wconf 86' lang='lat' dir='ltr'><strong>posse</strong></span> <span class='ocrx_word' id='word_1_32' title='bbox 729 729 940 778; x_wconf 86' lang='lat' dir='ltr'><strong>viderent,</strong></span> <span class='ocrx_word' id='word_1_33' title='bbox 971 731 1159 769; x_wconf 83' lang='lat' dir='ltr'><strong>nonnulli</strong></span> <span class='ocrx_word' id='word_1_34' title='bbox 1189 744 1240 769; x_wconf 84' lang='lat' dir='ltr'><strong>ex</strong></span> 
     </span>
     <span class='ocr_line' id='line_1_8' title="bbox 371 792 1241 839; baseline 0.001 -8"><span class='ocrx_word' id='word_1_35' title='bbox 371 793 573 831; x_wconf 88' lang='lat' dir='ltr'><strong>Romanis</strong></span> <span class='ocrx_word' id='word_1_36' title='bbox 592 805 637 831; x_wconf 90' lang='lat' dir='ltr'><strong>se</strong></span> <span class='ocrx_word' id='word_1_37' title='bbox 658 793 700 831; x_wconf 96' lang='lat' dir='ltr'><strong>in</strong></span> <span class='ocrx_word' id='word_1_38' title='bbox 722 792 856 832; x_wconf 88' lang='lat' dir='ltr'><strong>undas</strong></span> <span class='ocrx_word' id='word_1_39' title='bbox 887 793 1168 839; x_wconf 84' lang='lat' dir='ltr'><strong>immiserunt,</strong></span> <span class='ocrx_word' id='word_1_40' title='bbox 1197 799 1241 833; x_wconf 91' lang='lat' dir='ltr'><strong>et</strong></span> 
     </span>
     <span class='ocr_line' id='line_1_9' title="bbox 370 855 1239 904; baseline 0.001 -8"><span class='ocrx_word' id='word_1_41' title='bbox 370 868 463 896; x_wconf 89' lang='lat' dir='ltr'><strong>eam</strong></span> <span class='ocrx_word' id='word_1_42' title='bbox 489 856 724 904; x_wconf 85' lang='lat' dir='ltr'><strong>consecuti,</strong></span> <span class='ocrx_word' id='word_1_43' title='bbox 749 857 791 896; x_wconf 90' lang='lat' dir='ltr'><strong>in</strong></span> <span class='ocrx_word' id='word_1_44' title='bbox 809 855 930 895; x_wconf 89' lang='lat' dir='ltr'><strong>littus</strong></span> <span class='ocrx_word' id='word_1_45' title='bbox 951 862 1239 897; x_wconf 87' lang='lat' dir='ltr'><strong>retraxerunt.</strong></span> 
     </span>
     <span class='ocr_line' id='line_1_10' title="bbox 369 918 1239 971; baseline 0.002 -13"><span class='ocrx_word' id='word_1_46' title='bbox 369 920 467 959; x_wconf 90' lang='lat' dir='ltr'><strong>Hoc</strong></span> <span class='ocrx_word' id='word_1_47' title='bbox 488 918 799 971; x_wconf 87' lang='lat' dir='ltr'><strong>tangit-Cicero</strong></span> <span class='ocrx_word' id='word_1_48' title='bbox 826 919 901 958; x_wconf 90' lang='lat' dir='ltr'><strong>lib.</strong></span> <span class='ocrx_word' id='word_1_49' title='bbox 926 919 978 959; x_wconf 93' lang='lat' dir='ltr'><strong>de</strong></span> <span class='ocrx_word' id='word_1_50' title='bbox 993 919 1239 960; x_wconf 85' lang='lat' dir='ltr'><strong>Senectute.</strong></span> 
     </span>
     <span class='ocr_line' id='line_1_11' title="bbox 371 982 521 1022; baseline 0 -1"><span class='ocrx_word' id='word_1_51' title='bbox 371 982 521 1022; x_wconf 81' lang='lat' dir='ltr'><strong>Oliver.</strong></span> 
     </span>
    </p>

    <p class='ocr_par' dir='ltr' id='par_1_3' title="bbox 419 1046 945 1099">
     <span class='ocr_line' id='line_1_12' title="bbox 419 1046 945 1099; baseline 0 -13"><span class='ocrx_word' id='word_1_52' title='bbox 419 1046 612 1099; x_wconf 88' lang='lat' dir='ltr'><strong>Contigit</strong></span> <span class='ocrx_word' id='word_1_53' title='bbox 628 1046 680 1087; x_wconf 94' lang='lat' dir='ltr'><strong>A.</strong></span> <span class='ocrx_word' id='word_1_54' title='bbox 696 1047 750 1088; x_wconf 90' lang='lat' dir='ltr'><strong>U.</strong></span> <span class='ocrx_word' id='word_1_55' title='bbox 768 1058 945 1088; x_wconf 84' lang='lat' dir='ltr'><strong>nxxxv.</strong></span> 
     </span>
    </p>

    <p class='ocr_par' dir='ltr' id='par_1_4' title="bbox 366 1111 1235 1215">
     <span class='ocr_line' id='line_1_13' title="bbox 422 1111 1235 1164; baseline 0.001 -15"><span class='ocrx_word' id='word_1_56' title='bbox 422 1111 655 1162; x_wconf 83' lang='lat' dir='ltr'><strong>Camporum</strong></span> <span class='ocrx_word' id='word_1_57' title='bbox 673 1111 895 1164; x_wconf 82' lang='lat' dir='ltr'><strong>firmitate]</strong></span> <span class='ocrx_word' id='word_1_58' title='bbox 925 1111 1144 1163; x_wconf 82' lang='lat' dir='ltr'><strong>Tanquam</strong></span> <span class='ocrx_word' id='word_1_59' title='bbox 1172 1122 1235 1150; x_wconf 91' lang='lat' dir='ltr'><strong>es-</strong></span> 
     </span>
     <span class='ocr_line' id='line_1_14' title="bbox 366 1174 930 1215; baseline 0.005 -3"><span class='ocrx_word' id='word_1_60' title='bbox 366 1174 519 1213; x_wconf 90' lang='lat' dir='ltr'><strong>sentin</strong></span> <span class='ocrx_word' id='word_1_61' title='bbox 539 1175 778 1215; x_wconf 86' lang='lat' dir='ltr'><strong>continenti</strong></span> <span class='ocrx_word' id='word_1_62' title='bbox 798 1180 930 1215; x_wconf 86' lang='lat' dir='ltr'><strong>terra.</strong></span> 
     </span>
    </p>

    <p class='ocr_par' dir='ltr' id='par_1_5' title="bbox 358 1237 1236 1657">
     <span class='ocr_line' id='line_1_15' title="bbox 417 1237 1236 1289; baseline 0 -12"><span class='ocrx_word' id='word_1_63' title='bbox 417 1238 470 1277; x_wconf 83' lang='lat' dir='ltr'><strong>In</strong></span> <span class='ocrx_word' id='word_1_64' title='bbox 498 1238 614 1278; x_wconf 80' lang='lat' dir='ltr'><strong>littus</strong></span> <span class='ocrx_word' id='word_1_65' title='bbox 643 1238 912 1289; x_wconf 77' lang='lat' dir='ltr'><strong>retraxerunt]</strong></span> <span class='ocrx_word' id='word_1_66' title='bbox 957 1237 1083 1280; x_wconf 79' lang='lat' dir='ltr'><strong>Quod</strong></span> <span class='ocrx_word' id='word_1_67' title='bbox 1117 1242 1236 1277; x_wconf 90' lang='lat' dir='ltr'><strong>certe</strong></span> 
     </span>
     <span class='ocr_line' id='line_1_16' title="bbox 364 1299 1234 1341; baseline -0.001 -2"><span class='ocrx_word' id='word_1_68' title='bbox 364 1299 437 1339; x_wconf 88' lang='lat' dir='ltr'><strong>vix</strong></span> <span class='ocrx_word' id='word_1_69' title='bbox 468 1301 675 1340; x_wconf 85' lang='lat' dir='ltr'><strong>credibile</strong></span> <span class='ocrx_word' id='word_1_70' title='bbox 713 1306 793 1341; x_wconf 89' lang='lat' dir='ltr'><strong>est.</strong></span> <span class='ocrx_word' id='word_1_71' title='bbox 864 1301 975 1340; x_wconf 90' lang='lat' dir='ltr'><strong>Nam</strong></span> <span class='ocrx_word' id='word_1_72' title='bbox 1011 1305 1057 1339; x_wconf 89' lang='lat' dir='ltr'><strong>ut</strong></span> <span class='ocrx_word' id='word_1_73' title='bbox 1088 1300 1234 1340; x_wconf 81' lang='lat' dir='ltr'><strong>demus</strong></span> 
     </span>
     <span class='ocr_line' id='line_1_17' title="bbox 362 1362 1234 1414; baseline 0 -13"><span class='ocrx_word' id='word_1_74' title='bbox 362 1368 580 1402; x_wconf 87' lang='lat' dir='ltr'><strong>assecutos</strong></span> <span class='ocrx_word' id='word_1_75' title='bbox 595 1363 790 1413; x_wconf 87' lang='lat' dir='ltr'><strong>classem,</strong></span> <span class='ocrx_word' id='word_1_76' title='bbox 807 1362 956 1402; x_wconf 90' lang='lat' dir='ltr'><strong>decem</strong></span> <span class='ocrx_word' id='word_1_77' title='bbox 972 1363 1014 1401; x_wconf 89' lang='lat' dir='ltr'><strong>in</strong></span> <span class='ocrx_word' id='word_1_78' title='bbox 1030 1362 1126 1401; x_wconf 90' lang='lat' dir='ltr'><strong>navi</strong></span> <span class='ocrx_word' id='word_1_79' title='bbox 1139 1375 1234 1414; x_wconf 90' lang='lat' dir='ltr'><strong>pos-</strong></span> 
     </span>
     <span class='ocr_line' id='line_1_18' title="bbox 361 1425 1236 1478; baseline 0 -13"><span class='ocrx_word' id='word_1_80' title='bbox 361 1431 460 1466; x_wconf 87' lang='lat' dir='ltr'><strong>sunt</strong></span> <span class='ocrx_word' id='word_1_81' title='bbox 495 1431 668 1465; x_wconf 89' lang='lat' dir='ltr'><strong>centum</strong></span> <span class='ocrx_word' id='word_1_82' title='bbox 701 1426 743 1465; x_wconf 88' lang='lat' dir='ltr'><strong>in</strong></span> <span class='ocrx_word' id='word_1_83' title='bbox 776 1425 896 1478; x_wconf 87' lang='lat' dir='ltr'><strong>aquis</strong></span> <span class='ocrx_word' id='word_1_84' title='bbox 929 1430 1003 1465; x_wconf 90' lang='lat' dir='ltr'><strong>aut</strong></span> <span class='ocrx_word' id='word_1_85' title='bbox 1033 1437 1180 1466; x_wconf 89' lang='lat' dir='ltr'><strong>arcere</strong></span> <span class='ocrx_word' id='word_1_86' title='bbox 1211 1438 1236 1465; x_wconf 91' lang='lat' dir='ltr'><strong>a</strong></span> 
     </span>
     <span class='ocr_line' id='line_1_19' title="bbox 359 1488 1235 1543; baseline -0.001 -14"><span class='ocrx_word' id='word_1_87' title='bbox 359 1490 512 1540; x_wconf 89' lang='lat' dir='ltr'><strong>classe,</strong></span> <span class='ocrx_word' id='word_1_88' title='bbox 541 1495 616 1528; x_wconf 86' lang='lat' dir='ltr'><strong>aut</strong></span> <span class='ocrx_word' id='word_1_89' title='bbox 636 1489 853 1543; x_wconf 91' lang='lat' dir='ltr'><strong>occidere,</strong></span> <span class='ocrx_word' id='word_1_90' title='bbox 880 1490 1007 1528; x_wconf 91' lang='lat' dir='ltr'><strong>modo</strong></span> <span class='ocrx_word' id='word_1_91' title='bbox 1035 1488 1235 1540; x_wconf 86' lang='lat' dir='ltr'><strong>fugienti-</strong></span> 
     </span>
     <span class='ocr_line' id='line_1_20' title="bbox 359 1553 1236 1606; baseline 0.002 -14"><span class='ocrx_word' id='word_1_92' title='bbox 359 1553 439 1592; x_wconf 91' lang='lat' dir='ltr'><strong>bus</strong></span> <span class='ocrx_word' id='word_1_93' title='bbox 480 1553 639 1606; x_wconf 90' lang='lat' dir='ltr'><strong>aliquid</strong></span> <span class='ocrx_word' id='word_1_94' title='bbox 676 1553 885 1606; x_wconf 88' lang='lat' dir='ltr'><strong>reliquum</strong></span> <span class='ocrx_word' id='word_1_95' title='bbox 931 1558 1048 1594; x_wconf 86' lang='lat' dir='ltr'><strong>esset</strong></span> <span class='ocrx_word' id='word_1_96' title='bbox 1093 1553 1236 1594; x_wconf 87' lang='lat' dir='ltr'><strong>animi.</strong></span> 
     </span>
     <span class='ocr_line' id='line_1_21' title="bbox 358 1617 528 1657; baseline 0.006 -1"><span class='ocrx_word' id='word_1_97' title='bbox 358 1617 528 1657; x_wconf 79' lang='lat' dir='ltr'><strong>Badius.</strong></span> 
     </span>
    </p>

    <p class='ocr_par' dir='ltr' id='par_1_6' title="bbox 355 1680 1235 2100">
     <span class='ocr_line' id='line_1_22' title="bbox 414 1680 1235 1734; baseline -0.001 -13"><span class='ocrx_word' id='word_1_98' title='bbox 414 1680 503 1733; x_wconf 74' lang='lat'><strong>§11</strong></span> <span class='ocrx_word' id='word_1_99' title='bbox 552 1682 767 1734; x_wconf 77' lang='lat' dir='ltr'><strong>Cannensi]</strong></span> <span class='ocrx_word' id='word_1_100' title='bbox 814 1682 990 1732; x_wconf 70' lang='lat' dir='ltr'><strong>Canum,</strong></span> <span class='ocrx_word' id='word_1_101' title='bbox 1029 1682 1073 1721; x_wconf 89' lang='lat' dir='ltr'><strong>in</strong></span> <span class='ocrx_word' id='word_1_102' title='bbox 1105 1680 1235 1721; x_wconf 87' lang='lat' dir='ltr'><strong>Italia</strong></span> 
     </span>
     <span class='ocr_line' id='line_1_23' title="bbox 359 1742 1234 1795; baseline 0 -13"><span class='ocrx_word' id='word_1_103' title='bbox 359 1742 494 1795; x_wconf 84' lang='lat' dir='ltr'><strong>locus,</strong></span> <span class='ocrx_word' id='word_1_104' title='bbox 522 1745 643 1785; x_wconf 87' lang='lat' dir='ltr'><strong>clade</strong></span> <span class='ocrx_word' id='word_1_105' title='bbox 675 1746 961 1785; x_wconf 89' lang='lat' dir='ltr'><strong>Romanorum</strong></span> <span class='ocrx_word' id='word_1_106' title='bbox 995 1743 1161 1793; x_wconf 87' lang='lat' dir='ltr'><strong>nobilis,</strong></span> <span class='ocrx_word' id='word_1_107' title='bbox 1179 1743 1234 1783; x_wconf 88' lang='lat' dir='ltr'><strong>de</strong></span> 
     </span>
     <span class='ocr_line' id='line_1_24' title="bbox 357 1806 1231 1860; baseline 0.001 -15"><span class='ocrx_word' id='word_1_108' title='bbox 357 1817 442 1859; x_wconf 89' lang='lat' dir='ltr'><strong>quo</strong></span> <span class='ocrx_word' id='word_1_109' title='bbox 472 1807 618 1847; x_wconf 91' lang='lat' dir='ltr'><strong>Livius</strong></span> <span class='ocrx_word' id='word_1_110' title='bbox 649 1813 694 1848; x_wconf 87' lang='lat' dir='ltr'><strong>et</strong></span> <span class='ocrx_word' id='word_1_111' title='bbox 730 1809 817 1849; x_wconf 92' lang='lat' dir='ltr'><strong>alii.</strong></span> <span class='ocrx_word' id='word_1_112' title='bbox 885 1808 936 1848; x_wconf 89' lang='lat' dir='ltr'><strong>Iu</strong></span> <span class='ocrx_word' id='word_1_113' title='bbox 968 1806 1231 1860; x_wconf 82' lang='lat' dir='ltr'><strong>Argyrippae</strong></span> 
     </span>
     <span class='ocr_line' id='line_1_25' title="bbox 358 1868 1232 1922; baseline 0.002 -14"><span class='ocrx_word' id='word_1_114' title='bbox 358 1868 578 1910; x_wconf 85' lang='lat' dir='ltr'><strong>territorio</strong></span> <span class='ocrx_word' id='word_1_115' title='bbox 597 1870 741 1922; x_wconf 84' lang='lat' dir='ltr'><strong>fuisse,</strong></span> <span class='ocrx_word' id='word_1_116' title='bbox 759 1870 911 1911; x_wconf 86' lang='lat' dir='ltr'><strong>scribit</strong></span> <span class='ocrx_word' id='word_1_117' title='bbox 923 1872 1082 1911; x_wconf 88' lang='lat' dir='ltr'><strong>Tzetza</strong></span> <span class='ocrx_word' id='word_1_118' title='bbox 1100 1870 1143 1909; x_wconf 89' lang='lat' dir='ltr'><strong>in</strong></span> <span class='ocrx_word' id='word_1_119' title='bbox 1162 1883 1232 1910; x_wconf 88' lang='lat' dir='ltr'><strong>va-</strong></span> 
     </span>
     <span class='ocr_line' id='line_1_26' title="bbox 357 1931 1233 1985; baseline 0.001 -14"><span class='ocrx_word' id='word_1_120' title='bbox 357 1931 432 1972; x_wconf 87' lang='lat' dir='ltr'><strong>riis</strong></span> <span class='ocrx_word' id='word_1_121' title='bbox 454 1933 554 1974; x_wconf 88' lang='lat' dir='ltr'><strong>suis.</strong></span> <span class='ocrx_word' id='word_1_122' title='bbox 592 1934 643 1973; x_wconf 91' lang='lat' dir='ltr'><strong>In</strong></span> <span class='ocrx_word' id='word_1_123' title='bbox 663 1933 822 1985; x_wconf 87' lang='lat' dir='ltr'><strong>Apuli-a</strong></span> <span class='ocrx_word' id='word_1_124' title='bbox 839 1934 1103 1974; x_wconf 84' lang='lat' dir='ltr'><strong>Dauniorum</strong></span> <span class='ocrx_word' id='word_1_125' title='bbox 1122 1946 1233 1974; x_wconf 88' lang='lat' dir='ltr'><strong>cam-</strong></span> 
     </span>
     <span class='ocr_line' id='line_1_27' title="bbox 357 1995 1231 2048; baseline 0.002 -13"><span class='ocrx_word' id='word_1_126' title='bbox 357 2007 413 2047; x_wconf 88' lang='lat' dir='ltr'><strong>po</strong></span> <span class='ocrx_word' id='word_1_127' title='bbox 435 1995 691 2045; x_wconf 89' lang='lat' dir='ltr'><strong>Diomedeo‚</strong></span> <span class='ocrx_word' id='word_1_128' title='bbox 719 1996 774 2036; x_wconf 89' lang='lat' dir='ltr'><strong>ad</strong></span> <span class='ocrx_word' id='word_1_129' title='bbox 805 1996 950 2037; x_wconf 85' lang='lat' dir='ltr'><strong>Aufidi</strong></span> <span class='ocrx_word' id='word_1_130' title='bbox 979 1997 1107 2048; x_wconf 88' lang='lat' dir='ltr'><strong>ostia,</strong></span> <span class='ocrx_word' id='word_1_131' title='bbox 1149 1997 1231 2037; x_wconf 87' lang='lat' dir='ltr'><strong>Zo-</strong></span> 
     </span>
     <span class='ocr_line' id='line_1_28' title="bbox 355 2060 755 2100; baseline 0.005 -2"><span class='ocrx_word' id='word_1_132' title='bbox 355 2070 478 2098; x_wconf 82' lang='lat' dir='ltr'><strong>naras</strong></span> <span class='ocrx_word' id='word_1_133' title='bbox 497 2063 537 2099; x_wconf 82' lang='lat'><strong>2.</strong></span> <span class='ocrx_word' id='word_1_134' title='bbox 567 2060 755 2100; x_wconf 79' lang='lat' dir='ltr'><strong>ortelius.</strong></span> 
     </span>
    </p>

    <p class='ocr_par' dir='ltr' id='par_1_7' title="bbox 353 2123 1230 2353">
     <span class='ocr_line' id='line_1_29' title="bbox 412 2123 1230 2177; baseline 0.004 -15"><span class='ocrx_word' id='word_1_135' title='bbox 412 2124 609 2175; x_wconf 83' lang='lat' dir='ltr'><strong>Corrosis]</strong></span> <span class='ocrx_word' id='word_1_136' title='bbox 647 2123 699 2163; x_wconf 93' lang='lat' dir='ltr'><strong>Id</strong></span> <span class='ocrx_word' id='word_1_137' title='bbox 721 2129 804 2174; x_wconf 90' lang='lat' dir='ltr'><strong>est,</strong></span> <span class='ocrx_word' id='word_1_138' title='bbox 833 2124 1050 2165; x_wconf 86' lang='lat' dir='ltr'><strong>mordicus</strong></span> <span class='ocrx_word' id='word_1_139' title='bbox 1077 2125 1230 2177; x_wconf 89' lang='lat' dir='ltr'><strong>abrep-</strong></span> 
     </span>
     <span class='ocr_line' id='line_1_30' title="bbox 357 2185 428 2226; baseline -0.014 0"><span class='ocrx_word' id='word_1_140' title='bbox 357 2185 428 2226; x_wconf 84' lang='lat' dir='ltr'><strong>tis.</strong></span> 
     </span>
     <span class='ocr_line' id='line_1_31' title="bbox 409 2249 1230 2304; baseline 0.002 -14"><span class='ocrx_word' id='word_1_141' title='bbox 409 2249 559 2291; x_wconf 79' lang='lat' dir='ltr'><strong>Militis</strong></span> <span class='ocrx_word' id='word_1_142' title='bbox 587 2251 716 2304; x_wconf 62' lang='lat' dir='ltr'><strong>huius,</strong></span> <span class='ocrx_word' id='word_1_143' title='bbox 748 2251 834 2303; x_wconf 61' lang='lat' dir='ltr'><strong>ssa]</strong></span> <span class='ocrx_word' id='word_1_144' title='bbox 876 2251 1068 2303; x_wconf 83' lang='lat' dir='ltr'><strong>Contigit</strong></span> <span class='ocrx_word' id='word_1_145' title='bbox 1097 2250 1152 2291; x_wconf 90' lang='lat' dir='ltr'><strong>A.</strong></span> <span class='ocrx_word' id='word_1_146' title='bbox 1173 2252 1230 2292; x_wconf 92' lang='lat' dir='ltr'><strong>U.</strong></span> 
     </span>
     <span class='ocr_line' id='line_1_32' title="bbox 353 2322 554 2353; baseline 0.005 -2"><span class='ocrx_word' id='word_1_147' title='bbox 353 2322 554 2353; x_wconf 80' lang='lat' dir='ltr'><strong>ncxxnr.</strong></span> 
     </span>
    </p>

    <p class='ocr_par' dir='ltr' id='par_1_8' title="bbox 351 2376 1233 3569">
     <span class='ocr_line' id='line_1_33' title="bbox 408 2376 1232 2429; baseline 0.001 -14"><span class='ocrx_word' id='word_1_148' title='bbox 408 2377 431 2427; x_wconf 59' lang='grc' dir='ltr'><strong>ς</strong></span> <span class='ocrx_word' id='word_1_149' title='bbox 452 2379 503 2416; x_wconf 77' lang='lat'><strong>12</strong></span> <span class='ocrx_word' id='word_1_150' title='bbox 533 2377 586 2416; x_wconf 91' lang='grc' dir='ltr'><strong>Ρ.</strong></span> <span class='ocrx_word' id='word_1_151' title='bbox 603 2376 708 2416; x_wconf 80' lang='lat' dir='ltr'><strong>enim</strong></span> <span class='ocrx_word' id='word_1_152' title='bbox 737 2377 924 2428; x_wconf 80' lang='lat' dir='ltr'><strong>Crassus]</strong></span> <span class='ocrx_word' id='word_1_153' title='bbox 952 2377 1092 2417; x_wconf 87' lang='lat' dir='ltr'><strong>Causa</strong></span> <span class='ocrx_word' id='word_1_154' title='bbox 1109 2377 1232 2429; x_wconf 89' lang='lat' dir='ltr'><strong>hujus</strong></span> 
     </span>
     <span class='ocr_line' id='line_1_34' title="bbox 353 2437 1233 2492; baseline 0.002 -14"><span class='ocrx_word' id='word_1_155' title='bbox 353 2437 457 2478; x_wconf 88' lang='lat' dir='ltr'><strong>belli</strong></span> <span class='ocrx_word' id='word_1_156' title='bbox 471 2438 562 2480; x_wconf 83' lang='lat' dir='ltr'><strong>haec</strong></span> <span class='ocrx_word' id='word_1_157' title='bbox 574 2438 668 2479; x_wconf 85' lang='lat' dir='ltr'><strong>fuit.</strong></span> <span class='ocrx_word' id='word_1_158' title='bbox 687 2438 958 2492; x_wconf 88' lang='lat' dir='ltr'><strong>Attalus,qui</strong></span> <span class='ocrx_word' id='word_1_159' title='bbox 969 2440 1233 2480; x_wconf 77' lang='lat' dir='ltr'><strong>Philometor</strong></span> 
     </span>
     <span class='ocr_line' id='line_1_35' title="bbox 354 2502 1232 2555; baseline 0.001 -13"><span class='ocrx_word' id='word_1_160' title='bbox 354 2502 678 2554; x_wconf 83' lang='lat' dir='ltr'><strong>cognominatus</strong></span> <span class='ocrx_word' id='word_1_161' title='bbox 712 2508 797 2549; x_wconf 87' lang='lat' dir='ltr'><strong>est,</strong></span> <span class='ocrx_word' id='word_1_162' title='bbox 843 2503 983 2555; x_wconf 89' lang='lat' dir='ltr'><strong>(teste</strong></span> <span class='ocrx_word' id='word_1_163' title='bbox 1017 2504 1232 2544; x_wconf 84' lang='lat' dir='ltr'><strong>Strabone</strong></span> 
     </span>
     <span class='ocr_line' id='line_1_36' title="bbox 353 2564 1232 2619; baseline 0.003 -16"><span class='ocrx_word' id='word_1_164' title='bbox 353 2564 429 2604; x_wconf 85' lang='lat' dir='ltr'><strong>lib.</strong></span> <span class='ocrx_word' id='word_1_165' title='bbox 441 2575 535 2605; x_wconf 78' lang='lat' dir='ltr'><strong>xiv.</strong></span> <span class='ocrx_word' id='word_1_166' title='bbox 561 2565 634 2605; x_wconf 89' lang='lat' dir='ltr'><strong>ubi</strong></span> <span class='ocrx_word' id='word_1_167' title='bbox 647 2564 702 2605; x_wconf 85' lang='lat' dir='ltr'><strong>de</strong></span> <span class='ocrx_word' id='word_1_168' title='bbox 718 2565 844 2605; x_wconf 86' lang='lat' dir='ltr'><strong>rebus</strong></span> <span class='ocrx_word' id='word_1_169' title='bbox 855 2565 992 2606; x_wconf 87' lang='lat' dir='ltr'><strong>Attali</strong></span> <span class='ocrx_word' id='word_1_170' title='bbox 1006 2566 1232 2619; x_wconf 59' lang='lat' dir='ltr'><strong>loquitur-Q</strong></span> 
     </span>
     <span class='ocr_line' id='line_1_37' title="bbox 353 2627 1233 2682; baseline 0.003 -15"><span class='ocrx_word' id='word_1_171' title='bbox 353 2628 448 2667; x_wconf 88' lang='lat' dir='ltr'><strong>Rex</strong></span> <span class='ocrx_word' id='word_1_172' title='bbox 471 2627 743 2680; x_wconf 86' lang='lat' dir='ltr'><strong>Asiae,regni</strong></span> <span class='ocrx_word' id='word_1_173' title='bbox 774 2630 838 2668; x_wconf 87' lang='lat' dir='ltr'><strong>sui</strong></span> <span class='ocrx_word' id='word_1_174' title='bbox 871 2631 1074 2682; x_wconf 91' lang='lat' dir='ltr'><strong>populum</strong></span> <span class='ocrx_word' id='word_1_175' title='bbox 1108 2632 1233 2670; x_wconf 88' lang='lat' dir='ltr'><strong>Rom.</strong></span> 
     </span>
     <span class='ocr_line' id='line_1_38' title="bbox 352 2690 1230 2744; baseline 0.007 -16"><span class='ocrx_word' id='word_1_176' title='bbox 352 2690 568 2730; x_wconf 84' lang='lat' dir='ltr'><strong>haeredem</strong></span> <span class='ocrx_word' id='word_1_177' title='bbox 631 2692 878 2744; x_wconf 84' lang='lat' dir='ltr'><strong>reliquerat.</strong></span> <span class='ocrx_word' id='word_1_178' title='bbox 960 2691 1230 2734; x_wconf 84' lang='lat' dir='ltr'><strong>Aristonicus</strong></span> 
     </span>
     <span class='ocr_line' id='line_1_39' title="bbox 354 2753 1230 2806; baseline 0.005 -14"><span class='ocrx_word' id='word_1_179' title='bbox 354 2753 558 2794; x_wconf 89' lang='lat' dir='ltr'><strong>Eumenis</strong></span> <span class='ocrx_word' id='word_1_180' title='bbox 595 2753 709 2794; x_wconf 89' lang='lat' dir='ltr'><strong>filius</strong></span> <span class='ocrx_word' id='word_1_181' title='bbox 745 2759 844 2806; x_wconf 87' lang='lat' dir='ltr'><strong>post</strong></span> <span class='ocrx_word' id='word_1_182' title='bbox 879 2761 1058 2796; x_wconf 86' lang='lat' dir='ltr'><strong>mortem</strong></span> <span class='ocrx_word' id='word_1_183' title='bbox 1092 2755 1230 2797; x_wconf 89' lang='lat' dir='ltr'><strong>Attali</strong></span> 
     </span>
     <span class='ocr_line' id='line_1_40' title="bbox 352 2815 1229 2871; baseline 0.005 -16"><span class='ocrx_word' id='word_1_184' title='bbox 352 2815 432 2856; x_wconf 84' lang='lat' dir='ltr'><strong>boc</strong></span> <span class='ocrx_word' id='word_1_185' title='bbox 449 2828 625 2868; x_wconf 89' lang='lat' dir='ltr'><strong>regnum</strong></span> <span class='ocrx_word' id='word_1_186' title='bbox 646 2818 830 2859; x_wconf 88' lang='lat' dir='ltr'><strong>invasit:</strong></span> <span class='ocrx_word' id='word_1_187' title='bbox 868 2818 1019 2858; x_wconf 88' lang='lat' dir='ltr'><strong>missus</strong></span> <span class='ocrx_word' id='word_1_188' title='bbox 1039 2824 1106 2859; x_wconf 89' lang='lat' dir='ltr'><strong>est</strong></span> <span class='ocrx_word' id='word_1_189' title='bbox 1124 2831 1229 2871; x_wconf 88' lang='lat' dir='ltr'><strong>ergo</strong></span> 
     </span>
     <span class='ocr_line' id='line_1_41' title="bbox 353 2879 1229 2922; baseline 0.005 -5"><span class='ocrx_word' id='word_1_190' title='bbox 353 2883 504 2918; x_wconf 87' lang='lat' dir='ltr'><strong>contra</strong></span> <span class='ocrx_word' id='word_1_191' title='bbox 523 2879 639 2919; x_wconf 91' lang='lat' dir='ltr'><strong>illum</strong></span> <span class='ocrx_word' id='word_1_192' title='bbox 660 2879 714 2919; x_wconf 92' lang='lat' dir='ltr'><strong>P.</strong></span> <span class='ocrx_word' id='word_1_193' title='bbox 731 2880 908 2920; x_wconf 83' lang='lat' dir='ltr'><strong>Crassus</strong></span> <span class='ocrx_word' id='word_1_194' title='bbox 924 2893 1018 2921; x_wconf 91' lang='lat' dir='ltr'><strong>cum</strong></span> <span class='ocrx_word' id='word_1_195' title='bbox 1032 2882 1229 2922; x_wconf 86' lang='lat' dir='ltr'><strong>exercitu</strong></span> 
     </span>
     <span class='ocr_line' id='line_1_42' title="bbox 353 2940 1229 2996; baseline 0.005 -16"><span class='ocrx_word' id='word_1_196' title='bbox 353 2940 576 2992; x_wconf 84' lang='lat' dir='ltr'><strong>Pontifex,</strong></span> <span class='ocrx_word' id='word_1_197' title='bbox 608 2947 654 2982; x_wconf 89' lang='lat' dir='ltr'><strong>et</strong></span> <span class='ocrx_word' id='word_1_198' title='bbox 683 2942 943 2994; x_wconf 88' lang='lat' dir='ltr'><strong>Imperator,</strong></span> <span class='ocrx_word' id='word_1_199' title='bbox 977 2943 1091 2996; x_wconf 92' lang='lat' dir='ltr'><strong>quod</strong></span> <span class='ocrx_word' id='word_1_200' title='bbox 1124 2957 1229 2985; x_wconf 90' lang='lat' dir='ltr'><strong>nun-</strong></span> 
     </span>
     <span class='ocr_line' id='line_1_43' title="bbox 353 3006 1230 3058; baseline 0.007 -13"><span class='ocrx_word' id='word_1_201' title='bbox 353 3018 481 3058; x_wconf 89' lang='lat' dir='ltr'><strong>quam</strong></span> <span class='ocrx_word' id='word_1_202' title='bbox 501 3013 631 3047; x_wconf 87' lang='lat' dir='ltr'><strong>antea</strong></span> <span class='ocrx_word' id='word_1_203' title='bbox 658 3006 822 3047; x_wconf 85' lang='lat' dir='ltr'><strong>factum</strong></span> <span class='ocrx_word' id='word_1_204' title='bbox 855 3013 963 3058; x_wconf 87' lang='lat' dir='ltr'><strong>erat,</strong></span> <span class='ocrx_word' id='word_1_205' title='bbox 994 3015 1041 3050; x_wconf 90' lang='lat' dir='ltr'><strong>ut</strong></span> <span class='ocrx_word' id='word_1_206' title='bbox 1067 3009 1152 3050; x_wconf 87' lang='lat' dir='ltr'><strong>dux</strong></span> <span class='ocrx_word' id='word_1_207' title='bbox 1173 3010 1230 3051; x_wconf 90' lang='lat' dir='ltr'><strong>si-</strong></span> 
     </span>
     <span class='ocr_line' id='line_1_44' title="bbox 351 3069 1227 3123; baseline 0.006 -15"><span class='ocrx_word' id='word_1_208' title='bbox 351 3069 439 3109; x_wconf 90' lang='lat' dir='ltr'><strong>mul</strong></span> <span class='ocrx_word' id='word_1_209' title='bbox 452 3070 667 3110; x_wconf 88' lang='lat' dir='ltr'><strong>exercitus</strong></span> <span class='ocrx_word' id='word_1_210' title='bbox 682 3076 728 3111; x_wconf 90' lang='lat' dir='ltr'><strong>et</strong></span> <span class='ocrx_word' id='word_1_211' title='bbox 742 3070 939 3123; x_wconf 88' lang='lat' dir='ltr'><strong>pontifex</strong></span> <span class='ocrx_word' id='word_1_212' title='bbox 955 3073 1202 3113; x_wconf 87' lang='lat' dir='ltr'><strong>mitteretur</strong></span> <span class='ocrx_word' id='word_1_213' title='bbox 1215 3087 1227 3122; x_wconf 91' lang='grc'><strong>;</strong></span> 
     </span>
     <span class='ocr_line' id='line_1_45' title="bbox 351 3134 1228 3185; baseline 0.003 -12"><span class='ocrx_word' id='word_1_214' title='bbox 351 3145 408 3173; x_wconf 79' lang='lat' dir='ltr'><strong>ex</strong></span> <span class='ocrx_word' id='word_1_215' title='bbox 427 3145 511 3185; x_wconf 91' lang='lat' dir='ltr'><strong>quo</strong></span> <span class='ocrx_word' id='word_1_216' title='bbox 530 3134 658 3173; x_wconf 89' lang='lat' dir='ltr'><strong>etiam</strong></span> <span class='ocrx_word' id='word_1_217' title='bbox 679 3134 890 3174; x_wconf 90' lang='lat' dir='ltr'><strong>creditum</strong></span> <span class='ocrx_word' id='word_1_218' title='bbox 923 3140 989 3174; x_wconf 88' lang='lat' dir='ltr'><strong>est</strong></span> <span class='ocrx_word' id='word_1_219' title='bbox 1007 3146 1095 3175; x_wconf 87' lang='lat' dir='ltr'><strong>rem</strong></span> <span class='ocrx_word' id='word_1_220' title='bbox 1116 3137 1228 3176; x_wconf 88' lang='lat' dir='ltr'><strong>male</strong></span> 
     </span>
     <span class='ocr_line' id='line_1_46' title="bbox 352 3198 1230 3252; baseline 0.005 -16"><span class='ocrx_word' id='word_1_221' title='bbox 352 3198 628 3249; x_wconf 83' lang='lat' dir='ltr'><strong>processisse.</strong></span> <span class='ocrx_word' id='word_1_222' title='bbox 683 3199 846 3251; x_wconf 86' lang='lat' dir='ltr'><strong>Captus</strong></span> <span class='ocrx_word' id='word_1_223' title='bbox 876 3199 1023 3252; x_wconf 87' lang='lat' dir='ltr'><strong>itaque</strong></span> <span class='ocrx_word' id='word_1_224' title='bbox 1053 3200 1230 3241; x_wconf 84' lang='lat' dir='ltr'><strong>Crassus</strong></span> 
     </span>
     <span class='ocr_line' id='line_1_47' title="bbox 351 3261 1229 3314; baseline 0.002 -14"><span class='ocrx_word' id='word_1_225' title='bbox 351 3273 379 3300; x_wconf 84' lang='lat' dir='ltr'><strong>a</strong></span> <span class='ocrx_word' id='word_1_226' title='bbox 397 3261 652 3312; x_wconf 81' lang='lat' dir='ltr'><strong>Thracibus,</strong></span> <span class='ocrx_word' id='word_1_227' title='bbox 681 3262 753 3314; x_wconf 91' lang='lat' dir='ltr'><strong>qui</strong></span> <span class='ocrx_word' id='word_1_228' title='bbox 772 3268 978 3302; x_wconf 87' lang='lat' dir='ltr'><strong>venerant</strong></span> <span class='ocrx_word' id='word_1_229' title='bbox 1010 3262 1053 3302; x_wconf 90' lang='lat' dir='ltr'><strong>in</strong></span> <span class='ocrx_word' id='word_1_230' title='bbox 1076 3263 1229 3302; x_wconf 87' lang='lat' dir='ltr'><strong>auxili-</strong></span> 
     </span>
     <span class='ocr_line' id='line_1_48' title="bbox 353 3322 1228 3377; baseline 0.005 -16"><span class='ocrx_word' id='word_1_231' title='bbox 353 3332 424 3362; x_wconf 87' lang='lat' dir='ltr'><strong>um</strong></span> <span class='ocrx_word' id='word_1_232' title='bbox 443 3322 695 3376; x_wconf 72' lang='lat' dir='ltr'><strong>Aristonici,</strong></span> <span class='ocrx_word' id='word_1_233' title='bbox 711 3337 807 3365; x_wconf 89' lang='lat' dir='ltr'><strong>cum</strong></span> <span class='ocrx_word' id='word_1_234' title='bbox 829 3325 1062 3365; x_wconf 83' lang='lat' dir='ltr'><strong>duceretur</strong></span> <span class='ocrx_word' id='word_1_235' title='bbox 1082 3326 1135 3365; x_wconf 90' lang='lat' dir='ltr'><strong>ab</strong></span> <span class='ocrx_word' id='word_1_236' title='bbox 1148 3326 1228 3377; x_wconf 90' lang='lat' dir='ltr'><strong>his,</strong></span> 
     </span>
     <span class='ocr_line' id='line_1_49' title="bbox 352 3386 1231 3441; baseline 0.003 -16"><span class='ocrx_word' id='word_1_237' title='bbox 352 3386 540 3438; x_wconf 83' lang='lat' dir='ltr'><strong>quicum</strong></span> <span class='ocrx_word' id='word_1_238' title='bbox 572 3387 907 3439; x_wconf 85' lang='lat' dir='ltr'><strong>interceperant,</strong></span> <span class='ocrx_word' id='word_1_239' title='bbox 941 3388 1115 3440; x_wconf 86' lang='lat' dir='ltr'><strong>virgam,</strong></span> <span class='ocrx_word' id='word_1_240' title='bbox 1145 3402 1231 3441; x_wconf 90' lang='lat' dir='ltr'><strong>qua</strong></span> 
     </span>
     <span class='ocr_line' id='line_1_50' title="bbox 351 3451 1228 3503; baseline 0.003 -14"><span class='ocrx_word' id='word_1_241' title='bbox 351 3462 510 3503; x_wconf 88' lang='lat' dir='ltr'><strong>equum</strong></span> <span class='ocrx_word' id='word_1_242' title='bbox 531 3451 692 3493; x_wconf 90' lang='lat' dir='ltr'><strong>ducere</strong></span> <span class='ocrx_word' id='word_1_243' title='bbox 709 3452 855 3492; x_wconf 91' lang='lat' dir='ltr'><strong>solitus</strong></span> <span class='ocrx_word' id='word_1_244' title='bbox 874 3457 982 3503; x_wconf 85' lang='lat' dir='ltr'><strong>erat,</strong></span> <span class='ocrx_word' id='word_1_245' title='bbox 998 3453 1039 3491; x_wconf 89' lang='lat' dir='ltr'><strong>in</strong></span> <span class='ocrx_word' id='word_1_246' title='bbox 1057 3454 1228 3493; x_wconf 87' lang='lat' dir='ltr'><strong>oculum</strong></span> 
     </span>
     <span class='ocr_line' id='line_1_51' title="bbox 358 3515 1228 3569; baseline 0.003 -15"><span class='ocrx_word' id='word_1_247' title='bbox 358 3515 481 3555; x_wconf 85' lang='lat' dir='ltr'><strong>unius</strong></span> <span class='ocrx_word' id='word_1_248' title='bbox 529 3528 694 3568; x_wconf 89' lang='lat' dir='ltr'><strong>eorum,</strong></span> <span class='ocrx_word' id='word_1_249' title='bbox 730 3529 755 3556; x_wconf 86' lang='lat' dir='ltr'><strong>a</strong></span> <span class='ocrx_word' id='word_1_250' title='bbox 787 3515 942 3569; x_wconf 88' lang='lat' dir='ltr'><strong>quibus</strong></span> <span class='ocrx_word' id='word_1_251' title='bbox 979 3516 1228 3567; x_wconf 85' lang='lat' dir='ltr'><strong>ducebatur,</strong></span> 
     </span>
    </p>
   </div>
   <div class='ocr_carea' id='block_1_3' title="bbox 960 292 1607 333">
    <p class='ocr_par' dir='ltr' id='par_1_9' title="bbox 960 292 1607 333">
     <span class='ocr_line' id='line_1_52' title="bbox 960 292 1607 333; baseline 0 -1"><span class='ocrx_word' id='word_1_252' title='bbox 960 292 1134 332; x_wconf 74' lang='lat' dir='ltr'><strong>No&#39;l‘AE</strong></span> <span class='ocrx_word' id='word_1_253' title='bbox 1180 292 1502 333; x_wconf 80' lang='lat' dir='ltr'><strong>VAR10RUM</strong></span> <span class='ocrx_word' id='word_1_254' title='bbox 1545 294 1607 332; x_wconf 86' lang='lat' dir='ltr'><strong>IN</strong></span> 
     </span>
    </p>
   </div>
   <div class='ocr_carea' id='block_1_4' title="bbox 1290 409 2180 3505">
    <p class='ocr_par' dir='ltr' id='par_1_10' title="bbox 1299 409 2180 1524">
     <span class='ocr_line' id='line_1_53' title="bbox 1308 409 2179 460; baseline 0.003 -11"><span class='ocrx_word' id='word_1_255' title='bbox 1308 409 1481 460; x_wconf 85' lang='lat' dir='ltr'><strong>direxit,</strong></span> <span class='ocrx_word' id='word_1_256' title='bbox 1504 411 1608 451; x_wconf 87' lang='lat' dir='ltr'><strong>adeo</strong></span> <span class='ocrx_word' id='word_1_257' title='bbox 1639 417 1685 451; x_wconf 88' lang='lat' dir='ltr'><strong>ut</strong></span> <span class='ocrx_word' id='word_1_258' title='bbox 1714 412 1774 452; x_wconf 88' lang='lat' dir='ltr'><strong>illi</strong></span> <span class='ocrx_word' id='word_1_259' title='bbox 1810 412 1974 451; x_wconf 87' lang='lat' dir='ltr'><strong>oculum</strong></span> <span class='ocrx_word' id='word_1_260' title='bbox 2009 416 2179 453; x_wconf 74' lang='lat' dir='ltr'><strong>excute-</strong></span> 
     </span>
     <span class='ocr_line' id='line_1_54' title="bbox 1308 473 2179 525; baseline 0.002 -12"><span class='ocrx_word' id='word_1_261' title='bbox 1308 482 1396 523; x_wconf 82' lang='lat' dir='ltr'><strong>ret3</strong></span> <span class='ocrx_word' id='word_1_262' title='bbox 1428 487 1510 525; x_wconf 88' lang='lat' dir='ltr'><strong>quo</strong></span> <span class='ocrx_word' id='word_1_263' title='bbox 1539 473 1651 514; x_wconf 88' lang='lat' dir='ltr'><strong>facto</strong></span> <span class='ocrx_word' id='word_1_264' title='bbox 1683 474 1742 513; x_wconf 89' lang='lat' dir='ltr'><strong>ira</strong></span> <span class='ocrx_word' id='word_1_265' title='bbox 1763 476 1959 514; x_wconf 88' lang='lat' dir='ltr'><strong>incensus</strong></span> <span class='ocrx_word' id='word_1_266' title='bbox 1978 475 2048 515; x_wconf 91' lang='lat' dir='ltr'><strong>ille</strong></span> <span class='ocrx_word' id='word_1_267' title='bbox 2068 477 2179 516; x_wconf 85' lang='lat' dir='ltr'><strong>hunc</strong></span> 
     </span>
     <span class='ocr_line' id='line_1_55' title="bbox 1304 527 2180 589; baseline 0.003 -14"><span class='ocrx_word' id='word_1_268' title='bbox 1304 527 1448 586; x_wconf 48' lang='lat' dir='ltr'><strong>&#39;gladio</strong></span> <span class='ocrx_word' id='word_1_269' title='bbox 1476 536 1704 586; x_wconf 86' lang='lat' dir='ltr'><strong>transfixit,</strong></span> <span class='ocrx_word' id='word_1_270' title='bbox 1725 542 1769 576; x_wconf 87' lang='lat' dir='ltr'><strong>et</strong></span> <span class='ocrx_word' id='word_1_271' title='bbox 1800 539 1861 577; x_wconf 87' lang='lat' dir='ltr'><strong>ita</strong></span> <span class='ocrx_word' id='word_1_272' title='bbox 1881 537 2051 578; x_wconf 85' lang='lat' dir='ltr'><strong>fortiter</strong></span> <span class='ocrx_word' id='word_1_273' title='bbox 2078 539 2180 589; x_wconf 81' lang='lat' dir='ltr'><strong>egit,</strong></span> 
     </span>
     <span class='ocr_line' id='line_1_56' title="bbox 1306 599 2177 653; baseline 0.002 -15"><span class='ocrx_word' id='word_1_274' title='bbox 1306 605 1353 638; x_wconf 89' lang='lat' dir='ltr'><strong>ut</strong></span> <span class='ocrx_word' id='word_1_275' title='bbox 1374 599 1514 649; x_wconf 90' lang='lat' dir='ltr'><strong>potius</strong></span> <span class='ocrx_word' id='word_1_276' title='bbox 1533 600 1641 639; x_wconf 88' lang='lat' dir='ltr'><strong>mori</strong></span> <span class='ocrx_word' id='word_1_277' title='bbox 1662 601 1859 651; x_wconf 88' lang='lat' dir='ltr'><strong>voluerit,</strong></span> <span class='ocrx_word' id='word_1_278' title='bbox 1877 614 2000 653; x_wconf 86' lang='lat' dir='ltr'><strong>quam</strong></span> <span class='ocrx_word' id='word_1_279' title='bbox 2018 602 2061 641; x_wconf 89' lang='lat' dir='ltr'><strong>in</strong></span> <span class='ocrx_word' id='word_1_280' title='bbox 2077 614 2177 652; x_wconf 84' lang='lat' dir='ltr'><strong>cap-</strong></span> 
     </span>
     <span class='ocr_line' id='line_1_57' title="bbox 1305 663 2176 712; baseline 0.003 -12"><span class='ocrx_word' id='word_1_281' title='bbox 1305 663 1518 701; x_wconf 89' lang='lat' dir='ltr'><strong>tivitatem</strong></span> <span class='ocrx_word' id='word_1_282' title='bbox 1540 663 1700 712; x_wconf 87' lang='lat' dir='ltr'><strong>venire,</strong></span> <span class='ocrx_word' id='word_1_283' title='bbox 1725 668 1768 702; x_wconf 87' lang='lat' dir='ltr'><strong>et</strong></span> <span class='ocrx_word' id='word_1_284' title='bbox 1789 664 1830 703; x_wconf 91' lang='lat' dir='ltr'><strong>in</strong></span> <span class='ocrx_word' id='word_1_285' title='bbox 1853 665 2059 705; x_wconf 86' lang='lat' dir='ltr'><strong>servitute</strong></span> <span class='ocrx_word' id='word_1_286' title='bbox 2088 671 2176 706; x_wconf 62' lang='lat' dir='ltr'><strong>tur÷</strong></span> 
     </span>
     <span class='ocr_line' id='line_1_58' title="bbox 1304 725 2178 781; baseline 0.007 -18"><span class='ocrx_word' id='word_1_287' title='bbox 1304 725 1416 775; x_wconf 89' lang='lat' dir='ltr'><strong>piter</strong></span> <span class='ocrx_word' id='word_1_288' title='bbox 1437 726 1596 765; x_wconf 87' lang='lat' dir='ltr'><strong>vivere.</strong></span> <span class='ocrx_word' id='word_1_289' title='bbox 1652 725 1737 765; x_wconf 89' lang='lat' dir='ltr'><strong>Sed</strong></span> <span class='ocrx_word' id='word_1_290' title='bbox 1769 732 1918 777; x_wconf 87' lang='lat' dir='ltr'><strong>postea</strong></span> <span class='ocrx_word' id='word_1_291' title='bbox 1938 734 2091 768; x_wconf 88' lang='lat' dir='ltr'><strong>contra</strong></span> <span class='ocrx_word' id='word_1_292' title='bbox 2118 728 2178 781; x_wconf 87' lang='lat' dir='ltr'><strong>A·</strong></span> 
     </span>
     <span class='ocr_line' id='line_1_59' title="bbox 1302 788 2177 842; baseline 0.006 -17"><span class='ocrx_word' id='word_1_293' title='bbox 1302 788 1552 827; x_wconf 89' lang='lat' dir='ltr'><strong>ristonicum</strong></span> <span class='ocrx_word' id='word_1_294' title='bbox 1585 788 1750 835; x_wconf 89' lang='lat' dir='ltr'><strong>missus,</strong></span> <span class='ocrx_word' id='word_1_295' title='bbox 1782 790 1833 829; x_wconf 89' lang='lat' dir='ltr'><strong>C.</strong></span> <span class='ocrx_word' id='word_1_296' title='bbox 1861 790 2093 842; x_wconf 87' lang='lat' dir='ltr'><strong>Perpenna</strong></span> <span class='ocrx_word' id='word_1_297' title='bbox 2128 791 2177 830; x_wconf 89' lang='lat' dir='ltr'><strong>il-</strong></span> 
     </span>
     <span class='ocr_line' id='line_1_60' title="bbox 1301 853 2177 906; baseline 0.007 -15"><span class='ocrx_word' id='word_1_298' title='bbox 1301 853 1386 891; x_wconf 91' lang='lat' dir='ltr'><strong>lum</strong></span> <span class='ocrx_word' id='word_1_299' title='bbox 1409 853 1526 903; x_wconf 90' lang='lat' dir='ltr'><strong>vicit,</strong></span> <span class='ocrx_word' id='word_1_300' title='bbox 1541 855 1676 905; x_wconf 88' lang='lat' dir='ltr'><strong>cepit,</strong></span> <span class='ocrx_word' id='word_1_301' title='bbox 1695 859 1739 893; x_wconf 92' lang='lat' dir='ltr'><strong>et</strong></span> <span class='ocrx_word' id='word_1_302' title='bbox 1758 854 1799 893; x_wconf 88' lang='lat' dir='ltr'><strong>in</strong></span> <span class='ocrx_word' id='word_1_303' title='bbox 1820 854 1996 894; x_wconf 87' lang='lat' dir='ltr'><strong>vinculis</strong></span> <span class='ocrx_word' id='word_1_304' title='bbox 2009 856 2177 906; x_wconf 88' lang='lat' dir='ltr'><strong>habuit,</strong></span> 
     </span>
     <span class='ocr_line' id='line_1_61' title="bbox 1300 916 2176 972; baseline 0.007 -19"><span class='ocrx_word' id='word_1_305' title='bbox 1300 916 1729 968; x_wconf 78' lang='lat' dir='ltr'><strong>imperiumqueAsiae</strong></span> <span class='ocrx_word' id='word_1_306' title='bbox 1740 921 2025 969; x_wconf 81' lang='lat' dir='ltr'><strong>recuperavit.</strong></span> <span class='ocrx_word' id='word_1_307' title='bbox 2047 919 2176 972; x_wconf 90' lang='lat' dir='ltr'><strong>Aqui-</strong></span> 
     </span>
     <span class='ocr_line' id='line_1_62' title="bbox 1300 979 2179 1033; baseline 0.003 -16"><span class='ocrx_word' id='word_1_308' title='bbox 1300 980 1380 1018; x_wconf 90' lang='lat' dir='ltr'><strong>lius</strong></span> <span class='ocrx_word' id='word_1_309' title='bbox 1401 979 1581 1020; x_wconf 86' lang='lat' dir='ltr'><strong>Asiatici</strong></span> <span class='ocrx_word' id='word_1_310' title='bbox 1610 980 1713 1020; x_wconf 90' lang='lat' dir='ltr'><strong>belli</strong></span> <span class='ocrx_word' id='word_1_311' title='bbox 1743 982 1945 1033; x_wconf 85' lang='lat' dir='ltr'><strong>reliquias</strong></span> <span class='ocrx_word' id='word_1_312' title='bbox 1973 981 2179 1031; x_wconf 83' lang='lat' dir='ltr'><strong>confecit,</strong></span> 
     </span>
     <span class='ocr_line' id='line_1_63' title="bbox 1300 1042 2173 1097; baseline 0.002 -15"><span class='ocrx_word' id='word_1_313' title='bbox 1300 1043 1436 1083; x_wconf 86' lang='lat' dir='ltr'><strong>mixto</strong></span> <span class='ocrx_word' id='word_1_314' title='bbox 1468 1042 1609 1097; x_wconf 88' lang='lat' dir='ltr'><strong>(nefas</strong></span> <span class='ocrx_word' id='word_1_315' title='bbox 1623 1042 1655 1096; x_wconf 73' lang='lat' dir='ltr'><strong>l)</strong></span> <span class='ocrx_word' id='word_1_316' title='bbox 1695 1057 1859 1084; x_wconf 89' lang='lat' dir='ltr'><strong>veneno</strong></span> <span class='ocrx_word' id='word_1_317' title='bbox 1898 1043 2086 1084; x_wconf 85' lang='lat' dir='ltr'><strong>fontibus</strong></span> <span class='ocrx_word' id='word_1_318' title='bbox 2121 1045 2173 1084; x_wconf 87' lang='lat' dir='ltr'><strong>ad</strong></span> 
     </span>
     <span class='ocr_line' id='line_1_64' title="bbox 1300 1105 2174 1159; baseline 0.003 -14"><span class='ocrx_word' id='word_1_319' title='bbox 1300 1105 1562 1146; x_wconf 88' lang='lat' dir='ltr'><strong>deditionem</strong></span> <span class='ocrx_word' id='word_1_320' title='bbox 1579 1107 1838 1159; x_wconf 88' lang='lat' dir='ltr'><strong>quarundam</strong></span> <span class='ocrx_word' id='word_1_321' title='bbox 1854 1107 2036 1148; x_wconf 89' lang='lat' dir='ltr'><strong>urbium.</strong></span> <span class='ocrx_word' id='word_1_322' title='bbox 2065 1110 2174 1151; x_wconf 83' lang='lat' dir='ltr'><strong>Quae</strong></span> 
     </span>
     <span class='ocr_line' id='line_1_65' title="bbox 1299 1169 2176 1220; baseline 0.003 -12"><span class='ocrx_word' id='word_1_323' title='bbox 1299 1180 1366 1208; x_wconf 89' lang='lat' dir='ltr'><strong>res</strong></span> <span class='ocrx_word' id='word_1_324' title='bbox 1387 1174 1435 1209; x_wconf 86' lang='lat' dir='ltr'><strong>ut</strong></span> <span class='ocrx_word' id='word_1_325' title='bbox 1450 1176 1670 1220; x_wconf 82' lang='lat' dir='ltr'><strong>maturam,</strong></span> <span class='ocrx_word' id='word_1_326' title='bbox 1689 1171 1749 1210; x_wconf 84' lang='lat' dir='ltr'><strong>ita</strong></span> <span class='ocrx_word' id='word_1_327' title='bbox 1769 1169 1968 1211; x_wconf 83' lang='lat' dir='ltr'><strong>infamem</strong></span> <span class='ocrx_word' id='word_1_328' title='bbox 1985 1170 2176 1211; x_wconf 85' lang='lat' dir='ltr'><strong>reddidit</strong></span> 
     </span>
     <span class='ocr_line' id='line_1_66' title="bbox 1300 1231 2173 1285; baseline 0.007 -17"><span class='ocrx_word' id='word_1_329' title='bbox 1300 1232 1548 1272; x_wconf 85' lang='lat' dir='ltr'><strong>victoriam:</strong></span> <span class='ocrx_word' id='word_1_330' title='bbox 1593 1234 1754 1285; x_wconf 87' lang='lat' dir='ltr'><strong>quippe</strong></span> <span class='ocrx_word' id='word_1_331' title='bbox 1792 1245 1888 1273; x_wconf 90' lang='lat' dir='ltr'><strong>cum</strong></span> <span class='ocrx_word' id='word_1_332' title='bbox 1926 1239 2079 1274; x_wconf 86' lang='lat' dir='ltr'><strong>contra</strong></span> <span class='ocrx_word' id='word_1_333' title='bbox 2108 1231 2173 1275; x_wconf 85' lang='lat' dir='ltr'><strong>fas</strong></span> 
     </span>
     <span class='ocr_line' id='line_1_67' title="bbox 1299 1295 2173 1347; baseline 0.003 -13"><span class='ocrx_word' id='word_1_334' title='bbox 1299 1295 1460 1345; x_wconf 86' lang='lat' dir='ltr'><strong>Deum,</strong></span> <span class='ocrx_word' id='word_1_335' title='bbox 1489 1307 1712 1346; x_wconf 89' lang='lat' dir='ltr'><strong>moresque</strong></span> <span class='ocrx_word' id='word_1_336' title='bbox 1740 1296 1961 1347; x_wconf 83' lang='lat' dir='ltr'><strong>majorum,</strong></span> <span class='ocrx_word' id='word_1_337' title='bbox 1990 1295 2173 1337; x_wconf 82' lang='lat' dir='ltr'><strong>medica-</strong></span> 
     </span>
     <span class='ocr_line' id='line_1_68' title="bbox 1299 1357 2172 1411; baseline 0.002 -15"><span class='ocrx_word' id='word_1_338' title='bbox 1299 1358 1481 1397; x_wconf 88' lang='lat' dir='ltr'><strong>minibus</strong></span> <span class='ocrx_word' id='word_1_339' title='bbox 1524 1358 1702 1409; x_wconf 88' lang='lat' dir='ltr'><strong>impuris</strong></span> <span class='ocrx_word' id='word_1_340' title='bbox 1749 1357 1791 1396; x_wconf 92' lang='lat' dir='ltr'><strong>in</strong></span> <span class='ocrx_word' id='word_1_341' title='bbox 1824 1358 1867 1397; x_wconf 93' lang='lat' dir='ltr'><strong>id</strong></span> <span class='ocrx_word' id='word_1_342' title='bbox 1904 1364 2072 1411; x_wconf 88' lang='lat' dir='ltr'><strong>tempus</strong></span> <span class='ocrx_word' id='word_1_343' title='bbox 2109 1371 2172 1398; x_wconf 87' lang='lat' dir='ltr'><strong>sa—</strong></span> 
     </span>
     <span class='ocr_line' id='line_1_69' title="bbox 1299 1421 2171 1462; baseline 0.002 -3"><span class='ocrx_word' id='word_1_344' title='bbox 1299 1427 1521 1461; x_wconf 88' lang='lat' dir='ltr'><strong>crosancta</strong></span> <span class='ocrx_word' id='word_1_345' title='bbox 1567 1422 1760 1461; x_wconf 91' lang='lat' dir='ltr'><strong>Romana</strong></span> <span class='ocrx_word' id='word_1_346' title='bbox 1799 1433 1919 1462; x_wconf 87' lang='lat' dir='ltr'><strong>arma</strong></span> <span class='ocrx_word' id='word_1_347' title='bbox 1958 1421 2171 1462; x_wconf 86' lang='lat' dir='ltr'><strong>violasset.</strong></span> 
     </span>
     <span class='ocr_line' id='line_1_70' title="bbox 1301 1485 1453 1524; baseline 0.007 -1"><span class='ocrx_word' id='word_1_348' title='bbox 1301 1485 1453 1524; x_wconf 84' lang='lat' dir='ltr'><strong>Oliver.</strong></span> 
     </span>
    </p>

    <p class='ocr_par' dir='ltr' id='par_1_11' title="bbox 1290 1549 2176 3505">
     <span class='ocr_line' id='line_1_71' title="bbox 1355 1549 2174 1603; baseline 0.001 -15"><span class='ocrx_word' id='word_1_349' title='bbox 1355 1549 1464 1589; x_wconf 80' lang='lat' dir='ltr'><strong>Inter·</strong></span> <span class='ocrx_word' id='word_1_350' title='bbox 1495 1550 1630 1591; x_wconf 85' lang='lat' dir='ltr'><strong>Eleam</strong></span> <span class='ocrx_word' id='word_1_351' title='bbox 1658 1555 1699 1591; x_wconf 82' lang='lat' dir='ltr'><strong>et</strong></span> <span class='ocrx_word' id='word_1_352' title='bbox 1733 1549 1959 1603; x_wconf 79' lang='lat' dir='ltr'><strong>Smyrnam]</strong></span> <span class='ocrx_word' id='word_1_353' title='bbox 2001 1549 2174 1602; x_wconf 88' lang='lat' dir='ltr'><strong>Oppida</strong></span> 
     </span>
     <span class='ocr_line' id='line_1_72' title="bbox 1298 1613 2172 1666; baseline -0.001 -14"><span class='ocrx_word' id='word_1_354' title='bbox 1298 1619 1397 1653; x_wconf 88' lang='lat' dir='ltr'><strong>sunt</strong></span> <span class='ocrx_word' id='word_1_355' title='bbox 1415 1614 1588 1666; x_wconf 88' lang='lat' dir='ltr'><strong>majoris</strong></span> <span class='ocrx_word' id='word_1_356' title='bbox 1608 1613 1740 1654; x_wconf 82' lang='lat' dir='ltr'><strong>Asiae.</strong></span> <span class='ocrx_word' id='word_1_357' title='bbox 1794 1614 2032 1666; x_wconf 87' lang='lat' dir='ltr'><strong>Smyrnam,</strong></span> <span class='ocrx_word' id='word_1_358' title='bbox 2062 1619 2172 1652; x_wconf 86' lang='lat' dir='ltr'><strong>teste</strong></span> 
     </span>
     <span class='ocr_line' id='line_1_73' title="bbox 1295 1676 2173 1727; baseline -0.003 -9"><span class='ocrx_word' id='word_1_359' title='bbox 1295 1677 1520 1719; x_wconf 86' lang='lat' dir='ltr'><strong>Herodoto</strong></span> <span class='ocrx_word' id='word_1_360' title='bbox 1539 1677 1582 1717; x_wconf 92' lang='lat' dir='ltr'><strong>in</strong></span> <span class='ocrx_word' id='word_1_361' title='bbox 1604 1678 1693 1718; x_wconf 89' lang='lat' dir='ltr'><strong>vita</strong></span> <span class='ocrx_word' id='word_1_362' title='bbox 1713 1676 1907 1727; x_wconf 84' lang='lat' dir='ltr'><strong>Homeri,</strong></span> <span class='ocrx_word' id='word_1_363' title='bbox 1932 1676 2173 1717; x_wconf 82' lang='lat' dir='ltr'><strong>construxit</strong></span> 
     </span>
     <span class='ocr_line' id='line_1_74' title="bbox 1296 1738 2171 1790; baseline -0.002 -10"><span class='ocrx_word' id='word_1_364' title='bbox 1296 1739 1488 1780; x_wconf 85' lang='lat' dir='ltr'><strong>Theseus</strong></span> <span class='ocrx_word' id='word_1_365' title='bbox 1504 1742 1755 1790; x_wconf 84' lang='lat' dir='ltr'><strong>Thessalus,</strong></span> <span class='ocrx_word' id='word_1_366' title='bbox 1776 1744 1823 1780; x_wconf 89' lang='lat' dir='ltr'><strong>et</strong></span> <span class='ocrx_word' id='word_1_367' title='bbox 1840 1753 1934 1780; x_wconf 90' lang='lat' dir='ltr'><strong>eam</strong></span> <span class='ocrx_word' id='word_1_368' title='bbox 1954 1739 2008 1780; x_wconf 91' lang='lat' dir='ltr'><strong>ab</strong></span> <span class='ocrx_word' id='word_1_369' title='bbox 2029 1738 2171 1779; x_wconf 87' lang='lat' dir='ltr'><strong>uxoris</strong></span> 
     </span>
     <span class='ocr_line' id='line_1_75' title="bbox 1296 1803 2172 1857; baseline -0.002 -14"><span class='ocrx_word' id='word_1_370' title='bbox 1296 1816 1399 1856; x_wconf 86' lang='lat' dir='ltr'><strong>suae,</strong></span> <span class='ocrx_word' id='word_1_371' title='bbox 1420 1818 1514 1857; x_wconf 86' lang='lat' dir='ltr'><strong>quae</strong></span> <span class='ocrx_word' id='word_1_372' title='bbox 1546 1806 1728 1857; x_wconf 83' lang='lat' dir='ltr'><strong>Smyrna</strong></span> <span class='ocrx_word' id='word_1_373' title='bbox 1752 1803 1991 1854; x_wconf 86' lang='lat' dir='ltr'><strong>dicebatur,</strong></span> <span class='ocrx_word' id='word_1_374' title='bbox 2028 1814 2172 1842; x_wconf 87' lang='lat' dir='ltr'><strong>monn·</strong></span> 
     </span>
     <span class='ocr_line' id='line_1_76' title="bbox 1294 1862 2172 1918; baseline -0.001 -12"><span class='ocrx_word' id='word_1_375' title='bbox 1294 1874 1439 1907; x_wconf 86' lang='lat' dir='ltr'><strong>mento</strong></span> <span class='ocrx_word' id='word_1_376' title='bbox 1459 1867 1763 1909; x_wconf 85' lang='lat' dir='ltr'><strong>denominavit.</strong></span> <span class='ocrx_word' id='word_1_377' title='bbox 1821 1869 1959 1910; x_wconf 84' lang='lat' dir='ltr'><strong>Quam</strong></span> <span class='ocrx_word' id='word_1_378' title='bbox 1991 1880 2016 1907; x_wconf 87' lang='lat' dir='ltr'><strong>a</strong></span> <span class='ocrx_word' id='word_1_379' title='bbox 2039 1862 2172 1918; x_wconf 84' lang='lat' dir='ltr'><strong>Lydis</strong></span> 
     </span>
     <span class='ocr_line' id='line_1_77' title="bbox 1295 1930 2171 1982; baseline -0.001 -12"><span class='ocrx_word' id='word_1_380' title='bbox 1295 1943 1504 1980; x_wconf 89' lang='lat' dir='ltr'><strong>eversam,</strong></span> <span class='ocrx_word' id='word_1_381' title='bbox 1549 1931 1603 1971; x_wconf 89' lang='lat' dir='ltr'><strong>ab</strong></span> <span class='ocrx_word' id='word_1_382' title='bbox 1649 1930 1870 1982; x_wconf 83' lang='lat' dir='ltr'><strong>Antigono</strong></span> <span class='ocrx_word' id='word_1_383' title='bbox 1922 1930 2171 1971; x_wconf 84' lang='lat' dir='ltr'><strong>suscitatam</strong></span> 
     </span>
     <span class='ocr_line' id='line_1_78' title="bbox 1293 1995 2173 2047; baseline 0 -13"><span class='ocrx_word' id='word_1_384' title='bbox 1293 1995 1423 2035; x_wconf 87' lang='lat' dir='ltr'><strong>fuisse</strong></span> <span class='ocrx_word' id='word_1_385' title='bbox 1443 1995 1552 2036; x_wconf 89' lang='lat' dir='ltr'><strong>dicit</strong></span> <span class='ocrx_word' id='word_1_386' title='bbox 1583 1996 1738 2036; x_wconf 88' lang='lat' dir='ltr'><strong>Strabo</strong></span> <span class='ocrx_word' id='word_1_387' title='bbox 1768 1996 1844 2036; x_wconf 87' lang='lat' dir='ltr'><strong>lib.</strong></span> <span class='ocrx_word' id='word_1_388' title='bbox 1860 2007 1958 2036; x_wconf 74' lang='lat' dir='ltr'><strong>xiv.</strong></span> <span class='ocrx_word' id='word_1_389' title='bbox 1991 1995 2127 2047; x_wconf 85' lang='lat' dir='ltr'><strong>quiet</strong></span> <span class='ocrx_word' id='word_1_390' title='bbox 2147 2006 2173 2034; x_wconf 87' lang='lat' dir='ltr'><strong>a</strong></span> 
     </span>
     <span class='ocr_line' id='line_1_79' title="bbox 1293 2058 2170 2100; baseline -0.002 -2"><span class='ocrx_word' id='word_1_391' title='bbox 1293 2059 1467 2099; x_wconf 88' lang='lat' dir='ltr'><strong>Valerio</strong></span> <span class='ocrx_word' id='word_1_392' title='bbox 1487 2060 1530 2099; x_wconf 89' lang='lat' dir='ltr'><strong>in</strong></span> <span class='ocrx_word' id='word_1_393' title='bbox 1549 2060 1628 2099; x_wconf 84' lang='lat' dir='ltr'><strong>hac</strong></span> <span class='ocrx_word' id='word_1_394' title='bbox 1647 2059 1823 2100; x_wconf 85' lang='lat' dir='ltr'><strong>historia</strong></span> <span class='ocrx_word' id='word_1_395' title='bbox 1835 2058 2058 2098; x_wconf 83' lang='lat' dir='ltr'><strong>dissentit:</strong></span> <span class='ocrx_word' id='word_1_396' title='bbox 2086 2070 2170 2099; x_wconf 88' lang='lat' dir='ltr'><strong>non</strong></span> 
     </span>
     <span class='ocr_line' id='line_1_80' title="bbox 1294 2121 2174 2174; baseline 0 -14"><span class='ocrx_word' id='word_1_397' title='bbox 1294 2121 1405 2160; x_wconf 83' lang='lat' dir='ltr'><strong>enim</strong></span> <span class='ocrx_word' id='word_1_398' title='bbox 1453 2122 1507 2162; x_wconf 90' lang='lat' dir='ltr'><strong>P.</strong></span> <span class='ocrx_word' id='word_1_399' title='bbox 1528 2123 1730 2162; x_wconf 88' lang='lat' dir='ltr'><strong>Crassum</strong></span> <span class='ocrx_word' id='word_1_400' title='bbox 1775 2128 1964 2174; x_wconf 85' lang='lat' dir='ltr'><strong>captum,</strong></span> <span class='ocrx_word' id='word_1_401' title='bbox 2009 2121 2085 2162; x_wconf 86' lang='lat' dir='ltr'><strong>sed</strong></span> <span class='ocrx_word' id='word_1_402' title='bbox 2127 2121 2174 2160; x_wconf 81' lang='lat' dir='ltr'><strong>in</strong></span> 
     </span>
     <span class='ocr_line' id='line_1_81' title="bbox 1295 2185 2170 2239; baseline -0.002 -13"><span class='ocrx_word' id='word_1_403' title='bbox 1295 2187 1444 2239; x_wconf 87' lang='lat' dir='ltr'><strong>praelio</strong></span> <span class='ocrx_word' id='word_1_404' title='bbox 1471 2185 1645 2226; x_wconf 90' lang='lat' dir='ltr'><strong>fortiter</strong></span> <span class='ocrx_word' id='word_1_405' title='bbox 1665 2185 1896 2238; x_wconf 86' lang='lat' dir='ltr'><strong>pugnando</strong></span> <span class='ocrx_word' id='word_1_406' title='bbox 1923 2185 2170 2225; x_wconf 86' lang='lat' dir='ltr'><strong>occubuisse</strong></span> 
     </span>
     <span class='ocr_line' id='line_1_82' title="bbox 1294 2249 2170 2301; baseline -0.002 -11"><span class='ocrx_word' id='word_1_407' title='bbox 1294 2250 1415 2290; x_wconf 86' lang='lat' dir='ltr'><strong>dicit.</strong></span> <span class='ocrx_word' id='word_1_408' title='bbox 1443 2251 1555 2290; x_wconf 85' lang='lat' dir='ltr'><strong>Nam</strong></span> <span class='ocrx_word' id='word_1_409' title='bbox 1569 2255 1666 2301; x_wconf 88' lang='lat' dir='ltr'><strong>post</strong></span> <span class='ocrx_word' id='word_1_410' title='bbox 1681 2249 2012 2301; x_wconf 82' lang='lat' dir='ltr'><strong>descriptionem</strong></span> <span class='ocrx_word' id='word_1_411' title='bbox 2027 2249 2170 2300; x_wconf 86' lang='lat' dir='ltr'><strong>Smyr-</strong></span> 
     </span>
     <span class='ocr_line' id='line_1_83' title="bbox 1295 2314 2172 2371; baseline -0.005 -13"><span class='ocrx_word' id='word_1_412' title='bbox 1295 2331 1361 2358; x_wconf 87' lang='lat' dir='ltr'><strong>nae</strong></span> <span class='ocrx_word' id='word_1_413' title='bbox 1390 2318 1540 2371; x_wconf 89' lang='lat' dir='ltr'><strong>(quam</strong></span> <span class='ocrx_word' id='word_1_414' title='bbox 1572 2316 1674 2357; x_wconf 89' lang='lat' dir='ltr'><strong>satis</strong></span> <span class='ocrx_word' id='word_1_415' title='bbox 1693 2315 1919 2356; x_wconf 87' lang='lat' dir='ltr'><strong>ambitiose</strong></span> <span class='ocrx_word' id='word_1_416' title='bbox 1948 2314 2172 2364; x_wconf 87' lang='lat' dir='ltr'><strong>describit,</strong></span> 
     </span>
     <span class='ocr_line' id='line_1_84' title="bbox 1295 2379 2170 2431; baseline -0.006 -9"><span class='ocrx_word' id='word_1_417' title='bbox 1295 2388 1339 2422; x_wconf 91' lang='lat' dir='ltr'><strong>et</strong></span> <span class='ocrx_word' id='word_1_418' title='bbox 1373 2394 1465 2421; x_wconf 87' lang='lat' dir='ltr'><strong>eam</strong></span> <span class='ocrx_word' id='word_1_419' title='bbox 1503 2380 1688 2420; x_wconf 90' lang='lat' dir='ltr'><strong>omnium</strong></span> <span class='ocrx_word' id='word_1_420' title='bbox 1735 2379 2038 2431; x_wconf 88' lang='lat' dir='ltr'><strong>pulcerrimam</strong></span> <span class='ocrx_word' id='word_1_421' title='bbox 2076 2389 2170 2418; x_wconf 77' lang='lat' dir='ltr'><strong>esse</strong></span> 
     </span>
     <span class='ocr_line' id='line_1_85' title="bbox 1295 2442 2170 2493; baseline -0.005 -8"><span class='ocrx_word' id='word_1_422' title='bbox 1295 2444 1417 2493; x_wconf 88' lang='lat' dir='ltr'><strong>dicit,</strong></span> <span class='ocrx_word' id='word_1_423' title='bbox 1446 2444 1566 2491; x_wconf 83' lang='lat' dir='ltr'><strong>etin</strong></span> <span class='ocrx_word' id='word_1_424' title='bbox 1598 2455 1650 2482; x_wconf 84' lang='lat' dir='ltr'><strong>ea</strong></span> <span class='ocrx_word' id='word_1_425' title='bbox 1681 2442 1859 2482; x_wconf 85' lang='lat' dir='ltr'><strong>Homeri</strong></span> <span class='ocrx_word' id='word_1_426' title='bbox 1885 2443 2090 2493; x_wconf 87' lang='lat' dir='ltr'><strong>templum</strong></span> <span class='ocrx_word' id='word_1_427' title='bbox 2119 2453 2170 2481; x_wconf 84' lang='lat' dir='ltr'><strong>ac</strong></span> 
     </span>
     <span class='ocr_line' id='line_1_86' title="bbox 1296 2504 2170 2559; baseline -0.006 -11"><span class='ocrx_word' id='word_1_428' title='bbox 1296 2513 1475 2548; x_wconf 87' lang='lat' dir='ltr'><strong>statuam</strong></span> <span class='ocrx_word' id='word_1_429' title='bbox 1493 2507 1631 2559; x_wconf 87' lang='lat' dir='ltr'><strong>pouit,</strong></span> <span class='ocrx_word' id='word_1_430' title='bbox 1650 2505 1850 2558; x_wconf 90' lang='lat' dir='ltr'><strong>quoniam</strong></span> <span class='ocrx_word' id='word_1_431' title='bbox 1869 2504 2040 2556; x_wconf 71' lang='lat' dir='ltr'><strong>poetam</strong></span> <span class='ocrx_word' id='word_1_432' title='bbox 2053 2504 2170 2543; x_wconf 90' lang='lat' dir='ltr'><strong>illum</strong></span> 
     </span>
     <span class='ocr_line' id='line_1_87' title="bbox 1293 2567 2169 2618; baseline -0.007 -8"><span class='ocrx_word' id='word_1_433' title='bbox 1293 2571 1373 2610; x_wconf 91' lang='lat' dir='ltr'><strong>sibi</strong></span> <span class='ocrx_word' id='word_1_434' title='bbox 1420 2568 1669 2618; x_wconf 87' lang='lat' dir='ltr'><strong>vendicent)</strong></span> <span class='ocrx_word' id='word_1_435' title='bbox 1725 2568 1871 2607; x_wconf 87' lang='lat' dir='ltr'><strong>statim</strong></span> <span class='ocrx_word' id='word_1_436' title='bbox 1919 2567 2169 2618; x_wconf 83' lang='lat' dir='ltr'><strong>subjungit:</strong></span> 
     </span>
     <span class='ocr_line' id='line_1_88' title="bbox 1293 2629 2169 2673; baseline -0.008 0"><span class='ocrx_word' id='word_1_437' title='bbox 1293 2635 1304 2656; x_wconf 92' lang='lat'>‘</span> <span class='ocrx_word' id='word_1_438' title='bbox 1326 2634 1424 2673; x_wconf 92' lang='lat' dir='ltr'><strong>Hoc</strong></span> <span class='ocrx_word' id='word_1_439' title='bbox 1453 2633 1494 2672; x_wconf 90' lang='lat' dir='ltr'><strong>in</strong></span> <span class='ocrx_word' id='word_1_440' title='bbox 1532 2633 1626 2671; x_wconf 90' lang='lat' dir='ltr'><strong>loco</strong></span> <span class='ocrx_word' id='word_1_441' title='bbox 1658 2630 1883 2670; x_wconf 87' lang='lat' dir='ltr'><strong>Dolabella</strong></span> <span class='ocrx_word' id='word_1_442' title='bbox 1912 2629 2169 2668; x_wconf 86' lang='lat' dir='ltr'><strong>Trebonium</strong></span> 
     </span>
     <span class='ocr_line' id='line_1_89' title="bbox 1292 2692 2169 2746; baseline -0.007 -10"><span class='ocrx_word' id='word_1_443' title='bbox 1292 2696 1515 2736; x_wconf 90' lang='lat' dir='ltr'><strong>obsidione</strong></span> <span class='ocrx_word' id='word_1_444' title='bbox 1550 2694 1682 2746; x_wconf 90' lang='lat' dir='ltr'><strong>cepit,</strong></span> <span class='ocrx_word' id='word_1_445' title='bbox 1730 2705 1855 2732; x_wconf 88' lang='lat' dir='ltr'><strong>unum</strong></span> <span class='ocrx_word' id='word_1_446' title='bbox 1898 2704 1952 2732; x_wconf 87' lang='lat' dir='ltr'><strong>ex</strong></span> <span class='ocrx_word' id='word_1_447' title='bbox 1986 2693 2065 2743; x_wconf 87' lang='lat' dir='ltr'><strong>bis,</strong></span> <span class='ocrx_word' id='word_1_448' title='bbox 2097 2692 2169 2744; x_wconf 88' lang='lat' dir='ltr'><strong>qui</strong></span> 
     </span>
     <span class='ocr_line' id='line_1_90' title="bbox 1293 2755 2171 2806; baseline -0.003 -7"><span class='ocrx_word' id='word_1_449' title='bbox 1293 2760 1449 2799; x_wconf 90' lang='lat' dir='ltr'><strong>Divum</strong></span> <span class='ocrx_word' id='word_1_450' title='bbox 1470 2760 1686 2800; x_wconf 85' lang='lat' dir='ltr'><strong>Caesarem</strong></span> <span class='ocrx_word' id='word_1_451' title='bbox 1710 2756 1808 2796; x_wconf 90' lang='lat' dir='ltr'><strong>dolo</strong></span> <span class='ocrx_word' id='word_1_452' title='bbox 1828 2755 2098 2806; x_wconf 86' lang='lat' dir='ltr'><strong>occiderunt,</strong></span> <span class='ocrx_word' id='word_1_453' title='bbox 2125 2762 2171 2796; x_wconf 88' lang='lat' dir='ltr'><strong>et</strong></span> 
     </span>
     <span class='ocr_line' id='line_1_91' title="bbox 1291 2818 2176 2873; baseline -0.002 -11"><span class='ocrx_word' id='word_1_454' title='bbox 1291 2824 1447 2862; x_wconf 90' lang='lat' dir='ltr'><strong>multas</strong></span> <span class='ocrx_word' id='word_1_455' title='bbox 1493 2828 1637 2873; x_wconf 83' lang='lat' dir='ltr'><strong>partes</strong></span> <span class='ocrx_word' id='word_1_456' title='bbox 1682 2819 1799 2860; x_wconf 88' lang='lat' dir='ltr'><strong>urbis</strong></span> <span class='ocrx_word' id='word_1_457' title='bbox 1845 2818 1990 2860; x_wconf 90' lang='lat' dir='ltr'><strong>diruit.</strong></span> <span class='ocrx_word' id='word_1_458' title='bbox 2062 2820 2176 2860; x_wconf 84' lang='lat' dir='ltr'><strong>Post</strong></span> 
     </span>
     <span class='ocr_line' id='line_1_92' title="bbox 1291 2882 2168 2938; baseline -0.003 -13"><span class='ocrx_word' id='word_1_459' title='bbox 1291 2886 1512 2938; x_wconf 85' lang='lat' dir='ltr'><strong>Smyrnam</strong></span> <span class='ocrx_word' id='word_1_460' title='bbox 1557 2889 1654 2924; x_wconf 89' lang='lat' dir='ltr'><strong>sunt</strong></span> <span class='ocrx_word' id='word_1_461' title='bbox 1698 2884 1855 2923; x_wconf 56' lang='lat' dir='ltr'><strong>Iaeucae</strong></span> <span class='ocrx_word' id='word_1_462' title='bbox 1901 2882 2168 2934; x_wconf 86' lang='lat' dir='ltr'><strong>oppidulum,</strong></span> 
     </span>
     <span class='ocr_line' id='line_1_93' title="bbox 1291 2945 2169 3000; baseline -0.005 -12"><span class='ocrx_word' id='word_1_463' title='bbox 1291 2948 1405 3000; x_wconf 88' lang='lat' dir='ltr'><strong>quod</strong></span> <span class='ocrx_word' id='word_1_464' title='bbox 1423 2947 1694 2988; x_wconf 86' lang='lat' dir='ltr'><strong>Aristonicus</strong></span> <span class='ocrx_word' id='word_1_465' title='bbox 1728 2951 1825 2999; x_wconf 88' lang='lat' dir='ltr'><strong>post</strong></span> <span class='ocrx_word' id='word_1_466' title='bbox 1858 2945 1997 2986; x_wconf 89' lang='lat' dir='ltr'><strong>Attali</strong></span> <span class='ocrx_word' id='word_1_467' title='bbox 2027 2945 2169 2986; x_wconf 82' lang='lat' dir='ltr'><strong>Philo—</strong></span> 
     </span>
     <span class='ocr_line' id='line_1_94' title="bbox 1290 3009 2170 3062; baseline -0.005 -10"><span class='ocrx_word' id='word_1_468' title='bbox 1290 3013 1466 3053; x_wconf 90' lang='lat' dir='ltr'><strong>metoris</strong></span> <span class='ocrx_word' id='word_1_469' title='bbox 1487 3012 1651 3052; x_wconf 89' lang='lat' dir='ltr'><strong>obitum</strong></span> <span class='ocrx_word' id='word_1_470' title='bbox 1684 3010 1739 3050; x_wconf 89' lang='lat' dir='ltr'><strong>ad</strong></span> <span class='ocrx_word' id='word_1_471' title='bbox 1767 3009 2054 3050; x_wconf 86' lang='lat' dir='ltr'><strong>defectionem</strong></span> <span class='ocrx_word' id='word_1_472' title='bbox 2075 3020 2170 3062; x_wconf 89' lang='lat' dir='ltr'><strong>per-</strong></span> 
     </span>
     <span class='ocr_line' id='line_1_95' title="bbox 1290 3073 2169 3128; baseline -0.003 -13"><span class='ocrx_word' id='word_1_473' title='bbox 1290 3075 1429 3125; x_wconf 86' lang='lat' dir='ltr'><strong>duxit,</strong></span> <span class='ocrx_word' id='word_1_474' title='bbox 1442 3075 1529 3128; x_wconf 90' lang='lat' dir='ltr'><strong>qui,</strong></span> <span class='ocrx_word' id='word_1_475' title='bbox 1544 3079 1699 3126; x_wconf 90' lang='lat' dir='ltr'><strong>putans</strong></span> <span class='ocrx_word' id='word_1_476' title='bbox 1717 3086 1762 3114; x_wconf 88' lang='lat' dir='ltr'><strong>se</strong></span> <span class='ocrx_word' id='word_1_477' title='bbox 1776 3085 1869 3114; x_wconf 87' lang='lat' dir='ltr'><strong>esse</strong></span> <span class='ocrx_word' id='word_1_478' title='bbox 1886 3073 2005 3125; x_wconf 79' lang='lat' dir='ltr'><strong>regia</strong></span> <span class='ocrx_word' id='word_1_479' title='bbox 2017 3073 2169 3123; x_wconf 78' lang='lat' dir='ltr'><strong>stirpe,</strong></span> 
     </span>
     <span class='ocr_line' id='line_1_96' title="bbox 1291 3136 2167 3191; baseline -0.005 -12"><span class='ocrx_word' id='word_1_480' title='bbox 1291 3139 1514 3191; x_wconf 92' lang='lat' dir='ltr'><strong>imperium</strong></span> <span class='ocrx_word' id='word_1_481' title='bbox 1554 3139 1634 3179; x_wconf 90' lang='lat' dir='ltr'><strong>sibi</strong></span> <span class='ocrx_word' id='word_1_482' title='bbox 1664 3138 1894 3179; x_wconf 84' lang='lat' dir='ltr'><strong>vendicare</strong></span> <span class='ocrx_word' id='word_1_483' title='bbox 1927 3136 2167 3189; x_wconf 76' lang='lat' dir='ltr'><strong>cogitavit:</strong></span> 
     </span>
     <span class='ocr_line' id='line_1_97' title="bbox 1292 3201 2166 3254; baseline -0.005 -12"><span class='ocrx_word' id='word_1_484' title='bbox 1292 3214 1423 3254; x_wconf 88' lang='lat' dir='ltr'><strong>quare</strong></span> <span class='ocrx_word' id='word_1_485' title='bbox 1470 3214 1524 3242; x_wconf 92' lang='lat' dir='ltr'><strong>eo</strong></span> <span class='ocrx_word' id='word_1_486' title='bbox 1567 3202 1731 3242; x_wconf 88' lang='lat' dir='ltr'><strong>excidit</strong></span> <span class='ocrx_word' id='word_1_487' title='bbox 1777 3201 1890 3241; x_wconf 78' lang='lat' dir='ltr'><strong>circa</strong></span> <span class='ocrx_word' id='word_1_488' title='bbox 1933 3201 2166 3240; x_wconf 77' lang='lat' dir='ltr'><strong>Cumanum</strong></span> 
     </span>
     <span class='ocr_line' id='line_1_98' title="bbox 1292 3264 2166 3320; baseline -0.002 -14"><span class='ocrx_word' id='word_1_489' title='bbox 1292 3281 1441 3320; x_wconf 87' lang='lat' dir='ltr'><strong>agrum</strong></span> <span class='ocrx_word' id='word_1_490' title='bbox 1472 3269 1523 3308; x_wconf 91' lang='lat' dir='ltr'><strong>ab</strong></span> <span class='ocrx_word' id='word_1_491' title='bbox 1544 3267 1743 3319; x_wconf 89' lang='lat' dir='ltr'><strong>Ephesiis</strong></span> <span class='ocrx_word' id='word_1_492' title='bbox 1766 3265 1908 3306; x_wconf 88' lang='lat' dir='ltr'><strong>navali</strong></span> <span class='ocrx_word' id='word_1_493' title='bbox 1928 3264 2077 3316; x_wconf 75' lang='lat' dir='ltr'><strong>praelio</strong></span> <span class='ocrx_word' id='word_1_494' title='bbox 2098 3276 2166 3304; x_wconf 77' lang='lat' dir='ltr'><strong>su-</strong></span> 
     </span>
     <span class='ocr_line' id='line_1_99' title="bbox 1292 3327 2166 3382; baseline -0.003 -14"><span class='ocrx_word' id='word_1_495' title='bbox 1292 3337 1483 3382; x_wconf 81' lang='lat' dir='ltr'><strong>peratus.</strong></span> <span class='ocrx_word' id='word_1_496' title='bbox 1538 3329 1790 3370; x_wconf 87' lang='lat' dir='ltr'><strong>Ascendens</strong></span> <span class='ocrx_word' id='word_1_497' title='bbox 1821 3339 1924 3368; x_wconf 86' lang='lat' dir='ltr'><strong>vero</strong></span> <span class='ocrx_word' id='word_1_498' title='bbox 1956 3327 1999 3367; x_wconf 91' lang='lat' dir='ltr'><strong>in</strong></span> <span class='ocrx_word' id='word_1_499' title='bbox 2037 3327 2166 3366; x_wconf 80' lang='lat' dir='ltr'><strong>medi-</strong></span> 
     </span>
     <span class='ocr_line' id='line_1_100' title="bbox 1292 3391 2166 3443; baseline -0.003 -10"><span class='ocrx_word' id='word_1_500' title='bbox 1292 3401 1549 3443; x_wconf 71' lang='lat' dir='ltr'><strong>terraneam,</strong></span> <span class='ocrx_word' id='word_1_501' title='bbox 1581 3393 1799 3432; x_wconf 88' lang='lat' dir='ltr'><strong>hominum</strong></span> <span class='ocrx_word' id='word_1_502' title='bbox 1819 3391 1991 3442; x_wconf 88' lang='lat' dir='ltr'><strong>inopum</strong></span> <span class='ocrx_word' id='word_1_503' title='bbox 2011 3402 2061 3431; x_wconf 90' lang='lat' dir='ltr'><strong>ac</strong></span> <span class='ocrx_word' id='word_1_504' title='bbox 2080 3402 2166 3431; x_wconf 92' lang='lat' dir='ltr'><strong>ser-</strong></span> 
     </span>
     <span class='ocr_line' id='line_1_101' title="bbox 1292 3456 2168 3505; baseline -0.002 -9"><span class='ocrx_word' id='word_1_505' title='bbox 1292 3469 1439 3496; x_wconf 89' lang='lat' dir='ltr'><strong>vorum</strong></span> <span class='ocrx_word' id='word_1_506' title='bbox 1460 3456 1512 3495; x_wconf 89' lang='lat' dir='ltr'><strong>ad</strong></span> <span class='ocrx_word' id='word_1_507' title='bbox 1527 3457 1767 3496; x_wconf 86' lang='lat' dir='ltr'><strong>libertatem</strong></span> <span class='ocrx_word' id='word_1_508' title='bbox 1786 3460 2049 3503; x_wconf 86' lang='lat' dir='ltr'><strong>vocatorum,</strong></span> <span class='ocrx_word' id='word_1_509' title='bbox 2064 3465 2168 3505; x_wconf 80' lang='lat' dir='ltr'><strong>quos</strong></span> 
     </span>
    </p>
   </div>
   <div class='ocr_carea' id='block_1_5' title="bbox 1294 3518 2165 3574">
    <p class='ocr_par' dir='ltr' id='par_1_12' title="bbox 1294 3518 2165 3574">
     <span class='ocr_line' id='line_1_102' title="bbox 1294 3518 2165 3574; baseline -0.005 -13"><span class='ocrx_word' id='word_1_510' title='bbox 1294 3521 1635 3574; x_wconf 82' lang='lat' dir='ltr'><strong>Heliopolitauos</strong></span> <span class='ocrx_word' id='word_1_511' title='bbox 1667 3518 1934 3572; x_wconf 79' lang='lat' dir='ltr'><strong>appellabat,</strong></span> <span class='ocrx_word' id='word_1_512' title='bbox 1958 3518 2165 3559; x_wconf 83' lang='lat' dir='ltr'><strong>tumultu·</strong></span> 
     </span>
    </p>
   </div>
  </div>
 </body>
</html>
