2320 4004
593 311 853 354 VAuuRn
897 308 1141 348 ΜΑΧιΜι
1188 308 1305 346 uis.
1336 310 1394 349 v.
1434 308 1568 347 cAP.
1593 294 1645 347 3.

199 437 275 478 des
299 434 589 486 Atheniensis,
608 444 750 475 rerum
764 436 978 484 gestarum
998 430 1089 482 glo·

202 502 268 541 ria
287 501 472 552 insignis,
490 510 572 551 pro
590 498 815 550 republica
833 494 1089 537 Atheniensi

202 566 339 605 multa
370 569 415 604 et
445 563 655 615 praeclara
687 560 883 601 facinora
921 559 1085 608 edidit;

202 634 331 679 atque
343 626 447 666 illud
463 625 710 675 maximum,
725 623 837 677 quod
854 623 1089 675 Artapher-

202 701 300 729 nem
312 694 359 728 et
380 689 576 740 Dathim,
596 688 716 728 Darii
732 687 845 739 regis
859 688 1089 728 Persarum

203 750 456 804 praefectos,
472 752 544 804 qui
564 764 661 792 cum
683 749 882 790 ducentis
900 746 1088 787 millibus

202 814 415 867 peditum,
434 814 586 854 decem
605 813 791 854 millibus
824 811 1014 864 equitum
1048 810 1091 849 in

203 877 347 918 totius
367 877 573 929 Graeciae,
602 889 651 917 ac
669 877 712 916 in
735 875 882 929 primis
901 873 1092 914 Athena·

201 951 314 991 rum,
344 948 550 980 venerant
569 939 802 990 excidium,
821 950 918 980 cum
948 937 1091 988 parvis

204 1002 434 1043 admodum
460 1004 613 1055 copiis,
627 1007 781 1054 utpote
800 1001 953 1042 decem
969 999 1092 1039 milli·

204 1065 287 1106 bus
322 1072 601 1118 armatorum,
640 1065 756 1118 apud
788 1064 1091 1106 Marathonem

205 1127 384 1169 fluvium
416 1129 670 1180 superavit:
701 1129 746 1168 in
780 1128 903 1180 cujus
925 1127 986 1166 rei
1005 1138 1092 1167 me-

205 1192 384 1232 moriam
405 1192 598 1243 porticus
617 1190 800 1231 Athenis
829 1194 1095 1238 constructa,

204 1258 251 1296 et
279 1256 324 1295 in
355 1267 408 1296 ea
448 1261 543 1296 tota
575 1255 754 1296 historia
785 1255 962 1307 depicta
996 1254 1096 1305 fuit,

204 1318 369 1360 referta
414 1332 584 1372 quoque
634 1320 814 1360 aliarum
860 1331 1002 1359 rerum
1050 1324 1096 1359 et

204 1383 399 1422 scientiae
421 1383 607 1434 pictura,
626 1396 721 1436 quae
757 1384 864 1424 Stoa
897 1382 1094 1435 porticus

207 1445 341 1488 dicta.
399 1446 526 1486 Unde
553 1447 689 1487 Stoici
720 1453 869 1499 postea
889 1446 1097 1487 nominati

208 1516 324 1550 sunt.
379 1510 611 1551 Frontinus
652 1511 707 1551 de
746 1511 947 1551 Miltiade
982 1511 1095 1552 libro

206 1584 269 1613 ιν.
286 1573 298 1595 ‘
313 1572 561 1625 Miltiades‚’
574 1574 725 1627 inquit,
739 1575 751 1597 ‘
763 1586 860 1615 cum
873 1574 1095 1626 ingentem

207 1636 440 1676 Persarum
470 1636 790 1677 multitudinem
811 1637 926 1689 apud
955 1637 1097 1676 Mara·

208 1699 340 1740 thona
376 1698 574 1750 fudisset,
623 1699 929 1752 Athenienses,
981 1700 1099 1740 circa

206 1764 538 1816 gratulationem
553 1771 784 1816 morantes,
805 1766 1030 1817 compulit,
1050 1771 1100 1805 ut

206 1827 468 1870 festinarent
500 1829 554 1868 ad
583 1842 709 1882 opem
730 1830 825 1870 urbi
855 1829 1098 1881 ferendam,

208 1903 337 1944 quam
353 1892 586 1932 Persarum
607 1893 753 1933 classis
770 1893 968 1946 petebat,
984 1906 1100 1935 cum-

208 1968 292 2008 que
305 1957 630 2009 praecurrissent
644 1958 982 2012 implessemque
998 1972 1099 1999 moe-

207 2020 282 2062 nia
295 2021 485 2069 armatis,
504 2022 653 2063 Persae
670 2023 754 2063 rati
768 2025 988 2076 ingentem
1005 2037 1100 2065 esse

209 2095 434 2124 numerum
469 2084 812 2133 Atheniensium,
850 2093 896 2128 et
917 2089 1001 2128 alio
1021 2089 1098 2128 mi-

207 2148 285 2188 lite
298 2149 411 2199 apud
431 2149 690 2190 Marathona
703 2159 957 2204 pugnatum,
971 2153 1100 2192 alium

210 2223 291 2263 pro
323 2213 454 2252 muris
487 2214 575 2253 suis
614 2216 792 2267 opponi,
826 2216 1100 2256 circumactis

210 2276 431 2327 extemplo
447 2276 625 2316 navibus
641 2277 785 2317 Asiam
802 2281 1100 2331 repetierunt?

212 2338 314 2380 Fuit
349 2346 491 2380 autem
529 2341 620 2380 haec
659 2341 854 2393 victoria,
890 2349 1004 2383 teste
1043 2344 1097 2384 A.

212 2402 372 2450 Gellio,
410 2415 520 2443 auno
552 2404 607 2444 ab
643 2405 747 2444 urbe
769 2406 944 2446 condita
966 2419 1034 2448 cc.
1055 2415 1102 2449 et

213 2477 288 2507 Lx.
321 2465 406 2506 Hic
419 2466 551 2518 igitur
566 2468 803 2520 Miltiades,
817 2476 916 2521 post
937 2476 1102 2511 tantam

212 2530 438 2570 victoriam
483 2537 725 2583 accusatus,
770 2533 884 2585 quod
928 2533 1102 2574 Pharon

210 2592 403 2633 Insulam
422 2605 579 2646 capere
590 2596 815 2649 noluisset,
833 2597 917 2647 vel,
934 2604 983 2638 ut
1000 2598 1029 2640 J
1033 2611 1102 2638 us-

215 2656 331 2697 tinus
370 2657 524 2708 tradit,
560 2658 616 2699 ob
653 2660 815 2700 crimen
862 2662 1101 2714 peculatus,

212 2719 331 2773 quod
360 2721 672 2774 rempublicam
692 2724 945 2776 expilasset,
965 2726 1101 2777 primo

213 2785 405 2837 capitali,
422 2786 579 2827 deiude
594 2793 756 2829 mutata
774 2790 1005 2836 sententia,
1026 2802 1101 2842 pe-

214 2849 409 2889 cuniaria
441 2862 567 2901 poena
598 2850 825 2892 damnatus
855 2858 944 2902 est;
975 2865 1100 2906 quam

215 2923 312 2952 cum
332 2915 557 2954 exsolvere
573 2927 656 2955 non
673 2924 835 2967 posset,
849 2922 974 2957 erant
988 2918 1100 2958 enim

216 2976 532 3030 quinquaginta
550 2980 730 3030 talenta,
759 2993 888 3033 quum
918 2982 1101 3032 primum

216 3041 262 3080 in
278 3042 464 3093 patriam
486 3042 635 3093 rediit,
649 3044 693 3083 in
716 3044 886 3085 vincula
904 3046 1102 3098 conjece-

216 3110 336 3157 runt,
368 3105 559 3147 ubicum
588 3107 702 3147 haud
730 3108 794 3148 ita
828 3110 966 3150 multo
1005 3116 1103 3161 post

216 3174 335 3210 esset
351 3175 492 3210 morte
511 3177 803 3224 consumptus,
829 3173 924 3225 ejus
950 3186 1104 3225 corpus

217 3232 480 3285 insepultum
523 3247 619 3276 esse
674 3237 918 3289 voluerunt,
963 3238 1104 3278 donec

218 3294 348 3348 filius,
359 3298 525 3349 pietate
541 3306 700 3351 motus,
715 3313 760 3341 se
779 3313 857 3354 pro
871 3307 995 3354 patre
1011 3314 1104 3342 car-

220 3369 364 3400 cerem
378 3361 616 3406 subitnrum
635 3365 749 3404 ultro
769 3365 980 3417 promisit.
1019 3365 1106 3407 Qui

223 3422 351 3472 paulo
372 3429 470 3475 post
488 3425 782 3479 iuterrogatus
803 3441 828 3468 a
849 3430 1022 3481 populo,
1052 3440 1104 3468 an

223 3484 267 3523 id
285 3484 468 3526 libenter
478 3487 671 3541 fecisset,
685 3492 797 3544 quod
813 3494 946 3545 patris
960 3504 1105 3546 poenas

224 3548 426 3599 adiisset3
452 3564 547 3593 cum
583 3555 866 3599 libentissime
900 3571 944 3599 se
978 3559 1020 3599 id
1044 3557 1104 3597 fe-

331 3617 473 3670 Delph.
490 3624 527 3660 et
546 3621 639 3662 Var.
664 3625 768 3666 ctas.

1018 3627 1103 3667 Val.
1127 3627 1243 3666 Max.

1891 298 2034 352 1185

1146 428 1254 469 cisse
1272 429 1577 482 respondisset,
1594 434 1643 470 ut
1658 432 1784 481 pater
1799 429 2033 481 sepulturae

1147 492 1443 542 mandaretur,
1463 505 1637 537 carcere
1657 493 1867 534 liberatus
1887 499 1970 543 est,
1987 500 2035 534 ut

1148 554 1319 607 quidam
1368 556 1546 608 dicunt;
1592 557 1663 597 alii
1710 569 1830 607 vero,
1876 557 2035 609 quibus

1148 617 1568 669 magiscredendum
1587 625 1668 671 est,
1685 620 1837 660 dicunt
1857 619 2036 660 Calliam

1150 683 1381 736 quendam,
1399 697 1485 724 non
1506 691 1594 726 tam
1615 698 1885 738 generosum,
1911 697 2037 738 quam

1128 780 1130 783 ,
1149 747 1427 798 pecuniosum
1449 749 1600 801 virum,
1632 762 1710 802 pro
1735 763 1787 791 eo
1809 751 2039 802 pecuniam

1150 809 1401 859 exsolvisse,
1446 810 1678 863 impetrato
1732 812 1889 856 sororis
1943 813 2038 865 ejus

1151 872 1360 922 Elpinicis
1379 874 1663 915 matrimonio.
1697 877 1847 916 Oliver.
2037 909 2041 912 .

1205 936 1309 976 Post
1336 940 1512 978 trecenta
1539 939 1663 978 millia
1683 939 1912 992 Persarum]
1940 940 1969 982 J
1973 953 2042 980 us-

1152 999 1268 1039 tinus
1288 999 1476 1041 ducenta
1492 1001 1628 1042 millia
1640 1003 1914 1044 barbarorum
1930 1004 1973 1043 in
1989 1017 2042 1045 ea

1154 1075 1299 1115 pugna
1316 1064 1527 1105 cecidisse
1536 1065 1701 1107 scribit.
1757 1067 2012 1108 Herodotus
2029 1082 2040 1108 :

1155 1128 1269 1168 Κατὰ
1314 1128 1595 1180 ἑξακισχιλίους
1650 1130 1716 1181 καὶ
1770 1131 2043 1184 τετρακοσίους

1154 1190 1308 1244 ἄνδρας.
1366 1192 1551 1232 Videtur
1570 1206 1674 1234 sane
1703 1194 1773 1234 hic
1802 1195 2043 1247 myriadum

1156 1267 1380 1295 numerum
1400 1256 1608 1297 omisisse.
1643 1259 1772 1299 Coler.

1210 1319 1467 1370 Marathone]
1489 1319 1620 1372 Apud
1646 1322 1907 1362 Marathona
1941 1323 2046 1364 civi-

1156 1385 1291 1422 tatem
1310 1381 1471 1422 Atticae
1488 1384 1693 1436 regionis.

1217 1445 1273 1484 Ut
1307 1450 1403 1497 puto
1450 1447 1638 1488 hactenus
1682 1450 1822 1489 soevire
1859 1452 2047 1491 adversus

1157 1510 1300 1560 optime
1337 1510 1520 1551 meritum
1548 1512 1698 1552 abunde
1727 1514 1946 1566 duxerunt]
1976 1515 2048 1554 Ita

1161 1574 1303 1624 vulgo.
1362 1574 1486 1614 Falsa
1519 1580 1649 1629 atque
1685 1576 1946 1629 imperfecta
1984 1583 2049 1618 est

1156 1637 1389 1685 sententia,
1427 1639 1502 1679 sed
1540 1640 1758 1693 aliquanto
1805 1642 1958 1681 melior
2003 1642 2048 1681 in

1159 1703 1331 1744 Susian.
1362 1709 1410 1745 et
1444 1705 1674 1747 Pulmann.
1729 1707 1823 1757 Sed,
1860 1712 1905 1746 ut
1937 1711 2048 1758 puto,

1158 1767 1343 1808 hactenus
1372 1769 1511 1808 saevz're
1538 1770 1726 1810 adversus
1758 1771 1902 1821 optime
1933 1772 2051 1809 πιθή-

1159 1834 1260 1882 tum,
1285 1832 1384 1871 satis
1414 1832 1565 1873 abunde
1602 1836 1814 1874 duxerunt.
1848 1835 2049 1874 =Consta-

1160 1895 1225 1935 bit
1253 1896 1441 1946 omnino,
1471 1898 1505 1936 si
1530 1910 1609 1948 per
1628 1897 1904 1949 negationem
1924 1897 2050 1936 finia-

1161 1964 1244 2010 tur,
1259 1962 1398 2000 altero
1410 1961 1635 2012 adverbio,
1654 1962 1769 2015 quod
1786 1961 2049 2014 superfluum

1161 2029 1245 2074 est,
1263 2024 1437 2075 abjecto
1456 2038 1468 2074 ;
1498 2025 1576 2077 sic,
1596 2025 1692 2077 Sed,
1718 2030 1764 2065 ut
1779 2030 1891 2078 puto,
1919 2027 2050 2066 hacte-

1161 2099 1234 2126 nus
1268 2088 1408 2127 saevire
1440 2090 1627 2128 adversus
1661 2090 1806 2140 optime
1851 2089 2050 2136 meritum,

1160 2151 1310 2192 abunde
1327 2164 1403 2191 non
1421 2154 1633 2193 duxerunt.
1666 2154 1789 2203 Pigh.

1217 2214 1338 2254 Hunc
1354 2215 1625 2256 haereditatem
1650 2222 1872 2268 paternam,
1910 2219 1978 2269 &a
2010 2230 2052 2256 se

1160 2278 1364 2329 sortitum]
1399 2279 1578 2330 Optime
1611 2286 1735 2320 vetus
1767 2287 1814 2320 et
1835 2291 1889 2319 ex
1913 2281 2053 2319 veteri

1162 2340 1358 2392 formula,
1378 2341 1509 2382 Solam
1526 2355 1567 2382 se
1583 2344 1763 2383 crevisse.
1821 2343 2054 2383 Heredita-

1163 2409 1249 2443 tem
1280 2416 1460 2444 cernere
1494 2412 1675 2456 pernota
1700 2406 1795 2458 jam
1829 2412 1874 2446 et
1904 2412 2054 2447 notata

1163 2468 1258 2510 aliis
1273 2468 1423 2509 dictio.
1474 2470 1645 2520 Lipsius.

1216 2531 1417 2572 Aristides
1461 2535 1599 2587 etiam]
1653 2534 1750 2575 Mos
1799 2540 1893 2575 erat
1937 2535 2052 2588 apud

1163 2594 1463 2647 Athenienses,
1480 2604 1528 2639 ut
1546 2599 1619 2652 qni
1636 2599 1796 2639 virtute
1824 2611 1900 2639 sua
1919 2600 2056 2639 maxi-

1163 2670 1250 2698 mas
1280 2672 1384 2711 opes
1415 2661 1458 2700 iu
1488 2662 1594 2702 urbe
1628 2669 1887 2703 consecutus
1922 2669 2055 2714 esset,

1161 2723 1204 2764 iu
1226 2725 1400 2765 exilium
1422 2738 1499 2778 per
1520 2726 1671 2767 decem
1699 2739 1832 2768 annos
1861 2728 2054 2768 mittere-

1162 2793 1246 2839 tur,
1285 2801 1339 2829 ne
1371 2789 1443 2830 ille
1478 2791 1632 2843 opibus
1668 2792 1807 2831 elatus
1840 2790 2055 2832 factiones

1162 2852 1206 2891 in
1245 2854 1351 2893 urbe
1388 2861 1598 2895 moveret.
1656 2855 1751 2896 Hac
1796 2856 1910 2907 lege,
1956 2868 2053 2908 quae

1161 2918 1435 2958 ostracismus
1469 2919 1714 2971 dicebatur,
1731 2919 1818 2959 duo
1847 2925 2055 2972 praestan-

1163 2980 1315 3020 tissimi
1353 2980 1486 3021 duces
1524 2983 1704 3035 relegati
1742 2988 1870 3023 sunt:
1903 2982 2054 3023 Aristi-

1162 3044 1254 3094 des,
1268 3045 1341 3096 qui
1354 3045 1527 3085 nimium
1533 3047 1682 3098 justus
1700 3059 1793 3087 esse
1808 3047 2054 3095 videbatur,

1163 3108 1271 3148 adeo
1289 3114 1335 3148 ut
1348 3109 1456 3160 justi
1478 3122 1715 3161 cognomen
1747 3111 1992 3162 impositum
2014 3110 2054 3149 ei

1164 3171 1320 3222 fuerit;
1347 3173 1676 3226 Themistocles,
1695 3175 1767 3227 qui
1788 3175 1946 3214 virtute
1979 3185 2055 3212 sua

1165 3237 1351 3289 patriam
1388 3251 1440 3278 ex
1479 3240 1675 3279 manibus
1713 3239 1895 3278 hostium
1933 3248 2051 3287 saepe

1165 3301 1381 3341 liberavit.
1437 3302 1524 3341 Sed
1543 3302 1758 3353 praecipue
1770 3312 1868 3340 cum
1887 3299 2054 3338 Xerxes

1166 3364 1209 3404 in
1253 3366 1470 3419 Europam
1508 3378 1603 3405 cum
1650 3371 1740 3404 tota
1775 3362 1908 3402 ferme
1946 3361 2053 3400 Asia

1167 3433 1352 3483 transiit,
1375 3445 1502 3486 quem
1534 3430 1846 3471 Themistocles
1875 3428 2054 3467 consilio

1166 3507 1241 3535 suo
1263 3508 1359 3535 cum
1389 3501 1561 3535 centum
1595 3493 1772 3532 navibus
1800 3492 1916 3544 apud
1937 3492 2054 3530 Sala-

1168 3559 1281 3598 mina
1312 3558 1543 3611 superavit.
1600 3556 1764 3598 Quibus
1785 3554 1903 3601 fusis,
1938 3554 2056 3595 Aris-

1858 3625 1946 3664 41⁴⁸
