2346 3996
396 291 538 345 1334

396 422 610 474 principes
641 422 796 462 civium
826 422 1009 475 gratiam
1042 424 1151 465 inire
1181 431 1270 467 stu-

394 485 569 525 debant.
627 485 715 525 Per
733 486 809 526 hos
828 486 959 537 igitur
986 489 1272 529 nomenclato-

979 306 1155 346 NOTAE
1200 308 1531 350 VARIORUM
1573 313 1637 351 IN

1339 427 1434 468 bras
1463 429 1590 470 etiam
1629 436 1927 483 grassarennr3
1963 444 2060 473 nam
2078 434 2208 476 Marii

1333 490 1500 531 cineres
1534 499 1680 533 erutos
1699 495 1843 547 spargi
1863 497 1906 536 in
1926 495 2207 548 profluentem

395 560 464 588 res
498 548 616 599 Sylla
652 548 832 589 divitum
869 549 1041 590 nomina
1077 550 1272 604 edoctus,
1326 553 1485 605 jussit:
1523 556 1675 608 quibus
1694 558 1887 598 omnibus
1915 559 1977 599 ita
2004 561 2208 611 peractis,

392 611 691 663 proscribebat
710 624 871 652 omnes.
901 612 1007 654 ociv.

452 674 724 726 Conspectum]
783 675 1014 728 Scipionis,
1064 677 1271 728 Norbani,

396 739 662 791 aliorumque
696 740 922 780 multorum
959 740 1014 780 ad
1049 753 1095 781 se
1124 741 1273 783 delata

394 802 540 853 capita
555 802 599 842 iu
619 804 710 855 ejus
728 804 838 844 atrio
859 803 989 857 jussit
1008 803 1139 857 affigi,
1158 805 1273 846 unde

395 864 544 905 domus
575 866 673 918 ejus
706 866 877 908 officina
905 867 1174 910 crudelitatis
1205 874 1273 909 est

395 929 625 980 appellata.
639 930 754 972 oliv.

450 993 578 1038 Quam
593 1006 725 1046 porro,
742 994 831 1047 ἔξω]
859 995 1101 1048 Tantopere
1121 996 1271 1038 crude-

392 1056 521 1096 litate
537 1056 851 1106 delectabatur,
878 1066 927 1099 ut
943 1060 1154 1113 exquisito
1173 1074 1272 1114 sup-

395 1121 514 1173 plicii
544 1133 704 1174 genere
734 1124 798 1164 M.
830 1125 1012 1164 Marium
1041 1131 1271 1177 praetorem

396 1184 509 1226 affici
543 1187 744 1239 voluerit,
773 1199 913 1241 quem,
943 1189 995 1229 ad
1028 1190 1170 1230 Catuli
1201 1202 1272 1231 ne-

397 1250 509 1300 potis
558 1250 622 1289 sui
668 1252 941 1302 sepulchrum
989 1259 1274 1306 pertractum,

393 1312 544 1364 oculis,
560 1314 769 1365 manibus,
783 1315 1062 1368 cruribusque
1073 1316 1271 1369 defossis,

392 1379 605 1415 servatum
635 1376 911 1429 aliquamdiu,
942 1384 992 1420 ut
1011 1390 1090 1431 per
1109 1381 1272 1432 singula

393 1438 586 1478 membra
607 1445 861 1488 moreretur,
895 1453 978 1482 non
1011 1443 1169 1495 occidi,
1195 1444 1273 1484 sed

395 1501 689 1542 excarnificari
699 1503 840 1555 jussit.
862 1506 985 1547 Idem.

446 1565 621 1605 Lutatioe
635 1567 792 1619 gentis]
821 1568 967 1610 Catuli
994 1571 1165 1623 nepotis
1195 1573 1273 1624 sui,

393 1628 465 1679 qui
482 1641 508 1668 a
522 1634 650 1680 gente
666 1630 840 1671 Lutatia
852 1632 1058 1686 originem
1077 1634 1275 1676 ducebat.

393 1692 521 1733 Idem.

454 1756 535 1796 Vix
569 1758 667 1799 milei
699 1760 954 1814 verisimilia]
1001 1762 1047 1803 Si
1085 1763 1278 1804 breviter

392 1819 515 1873 hujus
530 1821 820 1864 immanissimi
834 1826 1012 1866 bominis
1026 1827 1192 1868 saevitia
1212 1841 1276 1869 re·

394 1890 584 1937 petatur,
608 1887 702 1939 quis
730 1888 824 1928 illos
852 1901 1161 1931 connumerare
1178 1904 1274 1944 pos-

394 1953 478 1998 set,
515 1960 621 2002 quos
655 1950 698 1990 in
733 1950 840 1992 urbe
877 1951 1049 2004 passim,
1081 1954 1273 2009 quisquis

393 2012 543 2062 voluit,
588 2013 776 2055 occidit?
818 2014 973 2067 donec,
1018 2016 1273 2059 admonente

392 2074 595 2126 Furfidio‚
635 2077 779 2119 vivere
816 2079 978 2132 aliquos
1015 2080 1192 2133 debere,
1223 2089 1273 2124 ut

393 2145 555 2191 essent,
588 2141 742 2194 quibus
772 2141 1022 2197 imperaret,
1054 2146 1274 2197 proposita

393 2207 463 2243 est
503 2203 655 2256 ingens
692 2205 765 2245 illa
801 2207 964 2260 tabula,
1000 2213 1046 2249 et
1085 2219 1140 2249 ex
1177 2209 1273 2261 ipso

391 2267 603 2320 equestris
640 2268 804 2310 ordinis
855 2268 962 2311 flore
998 2271 1086 2312 duo
1120 2273 1272 2324 millia,

390 2330 475 2382 vel,
495 2337 544 2371 ut
564 2332 636 2372 alii
669 2334 835 2386 veliunt,
864 2335 1008 2387 plures
1028 2336 1175 2389 electi,
1202 2338 1274 2391 qui

389 2394 498 2434 mori
504 2394 779 2447 juberentur.
835 2399 949 2440 Novi
970 2401 1140 2451 generis
1157 2400 1274 2442 edic·

390 2463 496 2500 tum.
544 2460 675 2514 Piget
689 2468 789 2515 post
799 2463 892 2504 haec
908 2463 1074 2504 referre
1088 2464 1273 2506 ludibrio

390 2521 539 2562 habita
570 2521 663 2564 fata
703 2525 929 2578 Carbonis,
972 2525 1066 2568 fata
1106 2528 1275 2580 Sorani,

391 2586 568 2636 praetori
589 2600 636 2627 os
666 2594 796 2642 atque
829 2589 981 2630 dentes
1007 2590 1155 2643 illisos,
1175 2593 1272 2632 Bae-

391 2649 508 2690 bium
542 2651 632 2692 sine
663 2651 782 2693 ferro
815 2653 901 2693 ritu
934 2653 1122 2695 ferarum
1159 2655 1274 2696 inter

389 2725 536 2753 manus
551 2715 774 2768 laniatum,
793 2718 997 2770 Marium,
1015 2725 1061 2759 ut
1078 2719 1276 2772 diximus,

390 2788 472 2828 per
516 2779 685 2820 succisa
725 2781 891 2832 singula
937 2781 1128 2821 membra
1167 2783 1275 2823 mori

392 2847 605 2883 coactum.
678 2843 838 2883 Positis
870 2843 1058 2897 denique
1087 2845 1273 2898 singulo·

390 2915 484 2944 rum
501 2905 720 2946 hominum
746 2905 838 2947 fere
869 2908 1021 2960 poenis,
1041 2910 1276 2962 municipia

390 2967 533 3008 Italiae
551 2968 900 3021 splendidissima
921 2971 999 3012 sub
1016 2971 1140 3014 hasta
1159 2975 1274 3014 veni-

391 3038 535 3081 erunt,
549 3031 793 3084 spoletum,
811 3033 1138 3088 Interamnium,
1154 3037 1275 3077 Prae-

390 3100 531 3146 neste,
573 3096 807 3137 Florentia.
867 3097 977 3137 Nam
1010 3099 1272 3151 Sulmonem,

390 3164 519 3200 vetus
537 3160 741 3212 oppidum
759 3160 918 3201 socium
931 3167 1059 3214 atque
1074 3163 1272 3214 amicum,

378 3217 576 3275 (facinus
601 3222 822 3275 indignum
839 3221 871 3275 !)
902 3223 1088 3264 nondum
1109 3237 1274 3278 expug-

390 3291 556 3337 natum,
572 3291 620 3326 ut
637 3285 810 3326 obsides
831 3286 932 3338 jure
951 3286 1070 3340 belli,
1087 3296 1132 3329 et
1147 3290 1272 3331 modo

391 3355 533 3389 morte
570 3349 779 3400 damnati,
815 3350 916 3390 duci
946 3350 1179 3403 jubentur:
1211 3355 1273 3394 sic

393 3413 636 3453 damnatam
654 3413 870 3454 civitatem
899 3414 1031 3467 jussit
1057 3415 1173 3468 Sylla
1199 3416 1273 3458 de·

394 3475 500 3525 leri3
527 3482 573 3515 et
594 3477 680 3516 alia
703 3476 891 3517 nefanda
908 3477 1179 3519 crudelitatis
1197 3492 1271 3520 ex-

394 3539 534 3591 empla
566 3539 719 3592 edidit,
748 3547 795 3580 ut
829 3540 870 3579 in
903 3546 1163 3581 mortuorum
1185 3554 1271 3583 um-

1334 618 1470 659 voluit
1489 618 1594 659 felix
1613 621 1838 672 appellari,
1854 623 1926 675 qui
1944 622 2039 664 fera
2067 624 2208 664 bellua

1333 682 1536 721 nominari
1565 681 1791 734 debuerat,
1825 684 1938 737 quod
1966 697 2112 726 omues
2142 693 2207 739 ty-

1335 755 1489 784 rannos
1521 744 1778 785 crudelitate
1807 758 2034 799 superasse
2065 749 2209 790 videa·

1334 812 1415 847 tur.
1445 808 1696 860 Quanquam
1706 809 1869 849 Marius
1883 811 2086 853 leviorem
2099 813 2208 853 hanc

1334 868 1521 910 feritatis
1540 871 1741 910 invidiam
1757 883 1831 911 sua
1845 873 2103 916 crudelitate
2115 887 2209 916 esse

1333 931 1538 974 faciebat.
1562 934 1669 975 Oliv.

1389 996 1591 1048 Quaestor]
1619 998 1737 1039 Quia
1764 998 2022 1051 ,Iugurtham
2050 1013 2078 1041 a
2099 1002 2210 1041 Boc-

1334 1059 1413 1101 cho
1444 1073 1524 1112 per
1541 1061 1727 1101 Marium
1759 1062 1813 1101 ad
1841 1063 1921 1103 hoc
1953 1064 2107 1104 missus
2133 1065 2209 1104 im·
2274 1116 2276 1118 q

1334 1129 1597 1174 patraverat.
1619 1124 1786 1165 Badius.

1386 1188 1466 1237 En,
1482 1187 1620 1238 quibus
1645 1187 1746 1228 actis
1760 1189 1974 1237 felicitatis
1996 1202 2134 1230 nomen
2150 1203 2213 1230 aa·

1333 1252 1534 1290 serendum
1548 1250 1724 1302 putavit]
1742 1251 1813 1291 Ita
1831 1253 1973 1304 vulgo.
2027 1252 2079 1292 In
2095 1253 2213 1293 libris

1334 1314 1527 1367 scriptis:
1560 1314 1624 1353 En
1640 1314 1779 1365 quibus
1794 1316 1894 1355 actis
1912 1316 2057 1356 Felicia
2072 1328 2211 1367 cogno-

1335 1389 1422 1418 men
1453 1379 1726 1429 assequendum
1760 1379 1932 1430 putavit.
1976 1379 2134 1420 Recte.
2161 1381 2213 1420 L.

1335 1440 1454 1480 Sulla
1471 1442 1586 1480 enim
1606 1441 1728 1481 Felix
1747 1442 2006 1494 appellatus,
2021 1454 2121 1482 cum
2137 1442 2214 1482 de-

1338 1504 1463 1545 victis
1483 1505 1574 1556 jam
1603 1504 1814 1556 partibus,
1843 1504 2104 1546 dictaturam
2131 1506 2214 1546 rei-

1339 1567 1523 1620 publicae
1542 1567 1858 1609 constituendae
1877 1569 2133 1621 accepisset,
2151 1575 2214 1609 at-

1339 1643 1422 1685 que
1446 1632 1586 1672 onmia
1614 1643 1668 1671 ex
1698 1632 1878 1672 arbitrio
1909 1645 1986 1673 sno
2011 1638 2215 1685 gereret;

1339 1698 1419 1738 sibi
1438 1697 1609 1750 quidem
1636 1696 1757 1748 felix,
1782 1697 1966 1738 inimicis
1982 1698 2216 1751 oppressis,

1341 1759 1419 1801 sed
1438 1761 1494 1800 ob
1513 1760 1685 1800 nimiam
1712 1760 2012 1801 crudelitatem
2031 1761 2215 1813 reipubl.

1340 1824 1507 1876 infelix,
1526 1830 1574 1865 ut
1591 1825 1719 1865 habet
1739 1825 2001 1866 versiculus:
2022 1826 2034 1848 ‘
2053 1823 2214 1877 Aspice

1338 1887 1506 1929 felicem
1536 1887 1634 1938 sibi,
1666 1899 1750 1928 non
1778 1888 1868 1939 tibi,
1896 1889 2090 1934 Romule.
2122 1889 2215 1929 sul-

1338 1951 1453 1992 lam!
1509 1953 1605 1995 Quo
1623 1952 1722 1991 huic
1750 1952 1881 1993 etiam
1899 1952 2095 1993 Tiberius
2122 1952 2216 1993 Cae-

1338 2026 1406 2056 sar
1419 2021 1601 2067 propter
1613 2015 1916 2056 crudelitatem
1931 2021 2217 2069 comparatur..

1337 2079 1462 2129 Pigh.

1390 2143 1413 2194 ᾧ
1435 2145 1462 2182 2
1483 2142 1591 2181 Num
1614 2145 1654 2182 et
1683 2141 1764 2194 ille,
1783 2140 1873 2193 ma]
1891 2142 2068 2184 Quanta
2084 2140 2218 2181 fuerit

1338 2206 1468 2246 Marii
1503 2204 1752 2257 crudelitas,
1786 2211 1836 2246 ut
1870 2205 1977 2245 alios
2019 2209 2215 2245 auctores

1336 2269 1611 2320 omittam,ex
1633 2268 1749 2309 Flori
1767 2268 1899 2309 dictis
1919 2268 2110 2310 breviter
2128 2269 2215 2309 col·-

1335 2333 1494 2384 ligitur.
1550 2331 1668 2373 Urbe
1687 2333 1800 2373 enim
1827 2333 1988 2384 potitus
2017 2337 2114 2384 post
2128 2331 2216 2372 exi-

1336 2398 1438 2438 lium
1454 2409 1551 2438 cum
1565 2397 1719 2447 Cinna,
1734 2396 1947 2446 Carbone,
1958 2400 2004 2436 et
2014 2394 2218 2445 Sertorio,

1337 2462 1481 2502 statim
1495 2461 1548 2502 ad
1565 2461 1805 2513 principum
1817 2459 1980 2500 caedem
1993 2463 2043 2500 ut¹
2055 2459 2216 2499 discur-

1337 2531 1522 2577 reretur,
1551 2526 1716 2576 signum
1735 2522 1874 2573 dedit,
1901 2521 1974 2562 ubi
1994 2522 2215 2575 aliquanto

1335 2589 1506 2640 saevius,
1515 2600 1642 2641 quam
1657 2593 1731 2627 aut
1744 2587 1785 2626 in
1796 2586 1959 2627 Punica
1971 2591 2046 2627 aut
2057 2584 2219 2627 incim-

1338 2651 1455 2692 brica
1467 2650 1573 2691 urbe
1593 2651 1788 2691 saevitum
1802 2657 1882 2690 est.
1928 2648 2104 2691 Octavii
2118 2659 2217 2690 con-

1338 2718 1440 2758 sulis
1455 2722 1587 2768 caput
1603 2727 1682 2767 pro
1699 2714 1844 2755 rostris
1864 2713 2110 2766 exponitur,
2131 2713 2218 2753 An·

1337 2780 1444 2821 tonii
1460 2778 1690 2821 consularis
1703 2778 1745 2816 in
1761 2777 1888 2817 Marii
1900 2776 2030 2829 ipsius
2043 2775 2216 2816 mensis.
2264 2806 2269 2814 s

1337 2844 1482 2884 Caesar
1511 2848 1557 2882 et
1586 2837 1774 2881 Fimbria
1805 2841 1849 2880 in
1881 2839 2111 2892 penatibus
2143 2841 2218 2880 do-

1336 2918 1499 2948 morum
1532 2917 1702 2945 suarum
1731 2902 2020 2944 trucidantur.
2073 2903 2217 2943 Crassi

1336 2979 1461 3025 pater
1480 2976 1526 3011 et
1540 2969 1669 3020 filins,
1684 2969 1727 3008 in
1745 2973 1895 3008 mutuo
1913 2966 2024 3007 alter
2043 2966 2217 3007 alterius

1336 3042 1532 3088 aspectu.
1608 3031 1804 3072 Baebium
1842 3037 1973 3084 atque
2017 3028 2218 3070 Numito-

1336 3100 1445 3140 rium
1467 3110 1544 3151 per
1562 3097 1748 3138 medium
1772 3093 1911 3135 forum
1925 3093 2025 3133 unci
2046 3098 2216 3132 traxere

1336 3161 1599 3203 carnificum.
1652 3157 1830 3206 Catulus
1850 3167 1897 3196 se
1929 3155 2039 3207 ignis
2064 3154 2216 3194 haustu

1335 3224 1518 3265 ludibrio
1570 3222 1752 3261 hostium
1799 3218 1974 3259 exemit.
2046 3217 2217 3257 Merula

1334 3287 1489 3328 flamen
1508 3285 1646 3326 Dialis
1662 3284 1705 3323 in
1721 3281 1935 3334 Capitolio
1945 3280 2065 3323 Jovis
2081 3281 2218 3333 ipsius

1334 3351 1478 3392 oculos
1498 3359 1696 3390 venarum
1715 3355 1866 3386 cruore
1883 3343 2099 3396 respersit.
2129 3343 2216 3384 Au·

1335 3413 1506 3455 charius
1523 3411 1617 3463 ipso
1640 3408 1813 3449 vidente
1834 3406 1973 3448 Mario
1993 3405 2216 3447 confossus

1335 3482 1419 3527 est,
1435 3475 1535 3529 quia
1554 3473 1730 3513 fatalem
1752 3472 1883 3521 illam,
1912 3471 2002 3511 scil.
2032 3482 2218 3519 manum,

1336 3552 1420 3581 non
1450 3542 1703 3592 porrexerat
1736 3535 1952 3575 salutanti.
2007 3534 2116 3575 Haee
2149 3538 2215 3574 tot
