2346 3996
342 332 483 386 1268

341 462 568 503 festinaret
589 475 632 502 se
655 463 776 502 Livio
796 462 1028 502 Salinatori
1043 462 1223 515 collegae

344 538 434 576 suo,
453 528 522 566 cui
546 527 703 567 bellum
738 527 839 565 illud
868 525 1111 565 mandatum
1133 526 1225 565 fue·

342 595 426 639 rat,
455 602 605 641 parum
639 589 776 628 fidens
809 589 985 639 viribus,
1023 602 1116 642 quae
1145 590 1223 629 sub

341 654 434 703 ipso
463 659 604 703 erant,
634 652 885 704 adjungere,
912 665 1052 704 neque
1082 659 1224 692 tamen

342 715 572 754 discessum
603 727 726 754 suum
759 716 877 755 nosci
907 715 962 754 ab
994 714 1224 764 Annibale,

344 778 414 817 cui
447 779 671 830 oppositus
714 784 838 827 ἐι-αῖς
883 778 998 817 mille
1045 778 1226 830 equites,

341 853 417 880 sex
436 841 563 880 millia
583 841 775 893 peditum
795 841 971 892 delegit,
994 841 1224 892 praecepit-

343 916 427 956 que
447 905 619 956 legatis,
636 917 744 957 quos
763 904 1048 957 relinquebat,
1074 909 1119 943 ut
1140 915 1224 943 eae-

343 967 442 1007 dem
464 968 686 1019 stationes,
714 967 872 1019 vigi-liae
904 978 1028 1018 aeque
1048 978 1224 1018 ageren-

342 1036 428 1076 tur,
459 1030 642 1070 totidem
671 1032 792 1083 ignes
825 1029 1045 1076 arderent,
1074 1029 1223 1069 eadem

342 1090 474 1132 facies
494 1099 732 1133 castrorum
762 1097 1022 1143 servaretur,
1047 1104 1102 1131 ne
1123 1092 1224 1144 qnid

341 1149 579 1206 suspicatus
608 1155 792 1195 Annibal
822 1155 1002 1195 auderet
1022 1155 1225 1194 adversus

341 1212 606 1267 paucitatem
643 1219 908 1257 relictorum.
967 1218 1227 1258 Pronuntiat

343 1292 556 1332 occupare
574 1282 677 1321 sein
697 1282 876 1321 Lucanis
899 1282 1133 1332 proximam
1155 1294 1226 1321 ur-

343 1342 458 1393 bem,
487 1344 783 1396 Punicumque
823 1344 1069 1395 praesidium
1105 1345 1228 1397 velle,

341 1412 391 1446 ut
411 1407 463 1446 ad
484 1408 567 1446 iter
602 1408 742 1458 parati
775 1412 949 1447 essent:
980 1413 1110 1447 nocte
1130 1420 1227 1459 pro-

342 1467 483 1509 fectus
502 1468 625 1510 flexit
640 1471 684 1509 in
704 1470 932 1520 Picenum,
952 1469 1111 1510 deinde
1133 1482 1228 1510 cum

341 1532 386 1571 in
437 1531 658 1572 Umbriam
714 1533 942 1572 occultatis
999 1532 1227 1572 itineribus

340 1595 547 1645 venisset,
576 1595 748 1636 nuutios
780 1595 989 1647 praemisit
1015 1595 1068 1634 ad
1097 1595 1226 1635 colle-

341 1670 454 1709 gam,
485 1658 557 1710 qui
586 1659 837 1698 nuntiarent
856 1658 949 1710 ejus
974 1658 1225 1710 adventum,

341 1725 790 1773 percontarenturque
827 1722 936 1761 clam
976 1733 1030 1761 an
1069 1722 1228 1773 palam,

342 1783 531 1823 interdiu
565 1796 619 1824 an
657 1790 786 1824 nocte
822 1785 967 1824 venire
1002 1797 1047 1824 se
1078 1785 1225 1836 vellet,

341 1846 495 1886 iisdem
539 1859 591 1886 an
632 1848 726 1887 aliis
769 1848 1016 1887 consideret
1058 1849 1226 1889 castris,

342 1909 486 1948 Nocte
504 1909 612 1949 clam
632 1910 802 1961 ingredi
823 1911 974 1949 melius
995 1910 1126 1949 visum
1141 1917 1223 1951 est.

343 1971 525 2011 Tessera
561 1984 640 2024 per
678 1977 819 2013 castra
855 1985 880 2013 a
911 1974 1087 2013 consule
1125 1974 1226 2014 data

344 2041 455 2086 erat,
476 2041 523 2075 ut
544 2036 738 2076 tribunus
768 2036 1003 2087 tribunum,
1031 2038 1226 2077 centurio

345 2097 658 2151 centurionem,
686 2113 818 2154 eques
854 2102 1064 2152 equitem,
1093 2102 1226 2153 pedes

345 2161 534 2212 peditem
556 2163 790 2215 acciperet,
812 2176 951 2216 neque
982 2165 1093 2204 enim
1121 2164 1226 2205 dila-

346 2226 430 2263 tari
447 2231 593 2265 castra
625 2239 733 2277 opus
768 2237 876 2278 esse,
902 2240 955 2266 ne
989 2228 1123 2267 hostis
1154 2227 1227 2267 ad-

343 2293 517 2328 ventum
539 2291 714 2330 alterius
733 2292 916 2331 consulis
940 2293 1133 2341 sentiret,
1152 2292 1226 2332 de-

346 2357 611 2392 tractaturus
667 2367 870 2406 pugnam,
924 2356 957 2395 si
1004 2357 1226 2396 consulum

337 2415 516 2465 junctas
562 2418 675 2456 vires
731 2419 1011 2470 intelligeret.
1085 2419 1227 2471 Igitur

345 2478 527 2518 inscium
559 2479 790 2532 duplicatis
823 2493 1049 2532 aggressus
1076 2482 1228 2533 copiis,

347 2542 551 2582 Claudius
590 2545 707 2583 Nero
742 2543 978 2596 superavit,
1022 2550 1069 2585 et
1113 2546 1226 2584 velo-

347 2605 440 2643 cius
477 2606 590 2644 omni
643 2607 794 2646 nuntio
834 2607 964 2646 rediit
1003 2606 1056 2646 ad
1092 2607 1227 2647 Anni-

347 2666 502 2708 balem.
559 2669 627 2709 Ita
661 2683 714 2709 ex
749 2670 916 2711 duobus
944 2671 1224 2710 callidissimis

347 2729 580 2770 Poenorum
626 2732 806 2774 ducibus
851 2734 1002 2773 eodem
1045 2735 1226 2773 consilio

348 2792 529 2832 alterum
566 2796 739 2846 celavit,
777 2796 959 2836 alterum
995 2801 1226 2850 oppressit.

350 2855 458 2895 Oliv.

403 2921 650 2972 Metaurum]
695 2922 919 2962 Metaurus
963 2922 1117 2963 fluvius
1160 2930 1227 2964 est

348 2984 538 3025 Umbriae
575 2985 767 3026 defluens
804 2988 847 3026 in
879 2988 1147 3028 Adriaticum
1175 2991 1226 3027 si-

345 3059 466 3098 num,
482 3060 606 3088 carus
626 3055 670 3088 et
688 3050 938 3090 nobilitatus
957 3052 1035 3090 hac
1054 3052 1163 3092 Livii
1182 3058 1228 3092 et

349 3110 541 3150 Neronis*
559 3112 749 3152 victoria.
779 3113 905 3154 Idem.

407 3174 493 3218 Quo
537 3175 685 3225 evenit]
735 3175 832 3214 Non
881 3175 996 3227 prius
1039 3175 1229 3229 Annibal

349 3238 482 3278 sensit
503 3239 721 3279 Neronem
750 3251 773 3279 e
803 3239 955 3279 castris
983 3239 1228 3281 discessisse

350 3302 404 3340 ad
441 3313 567 3352 opem
601 3302 779 3353 collegae
825 3302 1061 3354 ferendam,
1103 3307 1227 3356 quani

349 3366 468 3405 Nero
515 3372 647 3418 caput
692 3366 944 3407 Asdrubalis
990 3369 1032 3406 in
1088 3374 1230 3408 castra

349 3428 496 3468 fratris
547 3430 700 3482 conjici
748 3431 892 3482 jussit.
974 3432 1071 3473 Quo
1123 3433 1231 3483 viso,

349 3490 508 3530 dixisse
538 3491 693 3544 fertur,
729 3499 817 3533 tum
851 3494 1020 3533 demum
1051 3506 1229 3546 cognos-

351 3567 451 3595 cere
485 3568 530 3596 se
557 3556 670 3597 Deos
703 3558 834 3598 iratos
863 3557 1227 3609 Carthaginiensi-

918 346 1098 385 NO'I'AE
1137 346 1472 387 VARIORUM
1518 351 1581 388 [N

1287 463 1380 505 bus.
1410 466 1534 505 Idem.

1340 529 1403 578 §5
1435 529 1486 573 Q.
1515 528 1720 579 Metellus]
1757 529 1841 570 Qui
1874 529 1977 568 Pius
2013 540 2169 580 coguo-

1286 589 1468 631 minatus
1489 598 1570 640 est,
1592 592 1691 644 quia
1715 592 1852 643 patris
1883 592 2057 631 exilium
2077 592 2170 632 lon·

1288 655 1352 705 gis
1372 655 1599 705 lachrymis
1628 661 1883 704 prosecutus
1915 653 2063 705 fuerit,
2088 659 2169 694 nec

1288 718 1342 755 ab
1357 717 1408 756 iis
1423 725 1666 767 temperare
1683 717 1888 770 potuerit,
1907 719 2024 769 prius
2039 730 2170 770 quam

1286 778 1369 819 fuit
1388 780 1431 818 in
1459 779 1643 830 patriam
1664 785 1904 820 revocatus.
1936 780 2061 820 Idem.

1343 842 1615 892 Contrebiam]
1652 841 1742 881 Alii
1781 842 1962 882 Trebiam
1997 849 2171 885 vocant.

1286 906 1370 945 Sed
1431 906 1571 956 plures
1631 903 1894 944 Contrebiam.
1962 904 2168 956 Virgilius

1288 968 1455 1009 AEneid.
1478 979 1559 1008 vu.
1574 968 1821 1012 Mutuscam
1839 966 2052 1019 indigitat.
2071 968 2170 1008 Ser·

1286 1033 1380 1072 vius
1398 1046 1408 1072 ε
1436 1034 1447 1055 ‘
1466 1033 1576 1072 Haec
1594 1031 1750 1072 Trebia
1778 1038 1930 1084 postea
1955 1031 2073 1073 dicta
2091 1038 2172 1082 est,

1287 1110 1412 1149 quam
1447 1097 1574 1136 modo
1605 1095 1822 1136 Tribulam
1858 1095 2024 1144 dicunt,
2056 1095 2172 1147 apud

1287 1173 1410 1212 quam
1442 1159 1627 1200 Annibal
1661 1158 1824 1199 delevit
1855 1159 2059 1210 populum
2085 1158 2172 1198 Ro‘-

1288 1223 1488 1264 man·um.'
1543 1224 1624 1262 Est
1643 1228 1687 1262 et
1700 1220 1857 1261 flumen
1876 1221 2036 1261 Trebin
2056 1220 2171 1273 apud

1287 1286 1492 1336 Plinium,
1522 1285 1794 1335 Strabonem,
1819 1283 1970 1324 Silium
2001 1283 2077 1323 lib.
2105 1295 2173 1324 ιν.

1291 1349 1419 1388 Coler-

1347 1409 1552 1461 Tunicam]
1584 1407 1814 1449 Frontinus
1842 1407 1919 1447 lib.
1955 1418 1987 1446 1.
2014 1419 2115 1459 cap,
2133 1413 2171 1449 1.

1290 1473 1303 1495 ‘
1319 1471 1556 1522 Metellus:
1600 1470 1757 1523 inquit,
1801 1471 1813 1492 ‘
1831 1469 1935 1510 Pius
1979 1470 2024 1509 in
2067 1471 2171 1511 His-

1289 1536 1417 1588 pania
1435 1536 1726 1586 interrogatus
1758 1533 1860 1585 quid
1893 1538 2070 1584 postera
2099 1533 2169 1574 die

1288 1600 1485 1640 facturus
1516 1603 1655 1638 esset:
1683 1597 1891 1636 Tunicam
1925 1608 2079 1648 meam,
2110 1597 2173 1636 in-

1289 1664 1397 1716 quit,
1425 1663 1460 1702 si
1489 1663 1571 1702 hoc
1597 1661 1741 1712 eloqui
1766 1663 1928 1711 posset,
1947 1659 2172 1699 combure-

1287 1727 1407 1768 rem.'
1440 1727 1547 1766 Oliv.
2106 1736 2109 1739 ·
2154 1733 2158 1739 ’

1342 1791 1458 1830 Ex‘r.
1479 1791 1501 1841 §
1522 1793 1543 1828 1
1580 1787 1838 1838 Agathocles,
1867 1785 1957 1837 qm]
1991 1784 2078 1825 Hic
2109 1785 2174 1825 Si·

1287 1853 1402 1893 ciliae
1436 1857 1662 1904 tyrannus,
1701 1861 1826 1902 quem
1864 1861 1919 1888 ex
1954 1849 2101 1889 humili
2130 1854 2176 1888 et

1289 1915 1460 1955 sordido
1494 1915 1590 1954 loco
1627 1913 1681 1953 ad
1716 1912 1875 1964 regiam
1906 1913 2175 1964 majestatem

1284 1979 1467 2020 fortuna
1485 1980 1594 2019 mira
1613 1978 1881 2029 indulgentia
1900 1985 2176 2029 provexerat,

1290 2056 1386 2084 cum
1407 2057 1431 2082 a
1451 2043 1598 2082 Poenis
1618 2041 1729 2080 duce
1745 2039 1994 2080 Hamilcare
2008 2038 2176 2078 duobus

1293 2107 1454 2159 proeliis
1498 2112 1728 2157 superatus
1781 2103 1897 2143 intra
1942 2103 2177 2154 Syracusas

1293 2169 1579 2220 obsideretur,
1597 2168 1848 2219 videretque
1869 2178 1915 2205 se
1935 2166 2059 2218 longe
2076 2166 2177 2206 viri-

1292 2232 1371 2272 bus
1400 2233 1623 2284 imparem,
1656 2236 1702 2270 et
1733 2229 1787 2270 ad
1817 2228 2038 2269 ferendam
2067 2229 2179 2270 obsi-

1293 2295 1460 2336 dionem
1480 2295 1652 2334 minime
1673 2299 1888 2346 paratum,
1910 2293 2066 2333 statuit
2086 2293 2177 2334 bel·

1291 2359 1378 2398 lum
1400 2357 1442 2397 in
1458 2356 1652 2397 Africam
1671 2355 1920 2408 transferre,
1933 2356 2042 2396 mira
2059 2368 2177 2408 pror-

1293 2434 1364 2461 sus
1385 2421 1584 2473 audacia,
1614 2425 1661 2459 ut
1690 2419 1844 2472 quibus
1867 2419 1908 2458 in
1943 2421 2032 2460 solo
2060 2420 2178 2460 urbis

1292 2498 1378 2525 snae
1395 2497 1473 2536 par
1489 2496 1572 2524 non
1601 2490 1712 2534 erat,
1742 2495 1888 2523 eorum
1905 2482 2001 2522 urbi
2018 2482 2177 2522 bellum

1291 2548 1489 2598 inferret,
1518 2554 1564 2588 et
1591 2547 1701 2599 quod
1724 2539 1799 2585 sua
1819 2545 1931 2585 tueri
1949 2557 2036 2584 non
2057 2551 2177 2597 pote-

1293 2617 1376 2662 rat,
1395 2612 1668 2663 impugnaret
1685 2602 1838 2661 aliena,
1851 2609 2074 2662 victusque
2095 2610 2181 2648 vic-

1294 2675 1456 2714 toribus
1510 2674 1754 2713 insultaret.
1829 2672 1970 2723 Hujus
2013 2672 2178 2711 consilii

1292 2749 1375 2776 non
1391 2737 1527 2776 minus
1539 2735 1788 2775 admirabile
1801 2733 2035 2784 silentium,
2050 2745 2176 2786 quam

1293 2805 1580 2840 commentum
1612 2798 1711 2848 fuit,
1741 2798 1902 2850 populo
1932 2797 2014 2837 hoc
2042 2797 2177 2836 solum

1294 2863 1526 2916 professus,
1547 2863 1757 2903 invenisse
1776 2874 1821 2901 se
1837 2861 2032 2902 victoriae
2049 2861 2177 2911 viam,

1293 2928 1454 2967 animos
1491 2927 1556 2966 illi
1585 2932 1750 2965 tantum
1779 2926 1822 2965 in
1860 2924 2035 2965 brevem
2064 2925 2177 2965 obsi-

1294 2991 1430 3030 dionis
1478 2989 1729 3042 patientiam
1774 2987 2008 3028 firmarent.
2064 2987 2175 3027 Con-

1294 3056 1451 3108 scripto
1471 3055 1626 3096 deinde
1646 3055 1857 3106 exercitu,
1888 3067 1984 3094 cum
2013 3053 2176 3094 duobus

1294 3120 1391 3159 filiis
1430 3119 1606 3170 adultis,
1647 3119 1763 3157 nullo
1795 3117 1974 3156 militum
2009 3117 2175 3157 sciente

1294 3194 1378 3234 quo
1408 3182 1653 3230 veheretur,
1685 3179 1859 3231 trajecit
1883 3179 1927 3218 in
1951 3177 2141 3219 Africam
2162 3194 2174 3219 :

1294 3246 1491 3298 exposito
1525 3245 1678 3285 deinde
1715 3243 1758 3282 in
1794 3243 1941 3282 littore.
1970 3242 2177 3295 exercitu,

1295 3309 1511 3348 consilium
1530 3320 1648 3347 suum
1666 3306 1861 3346 omnibus
1878 3307 2066 3358 apernit,
2086 3319 2177 3347 eos-

1295 3383 1376 3422 que
1414 3371 1469 3410 ad
1506 3377 1668 3410 certam
1706 3368 1925 3408 victoriam
1960 3369 2174 3409 hortatur.

1294 3434 1426 3474 Facta
1472 3433 1516 3472 in
1553 3444 1676 3484 agros
1718 3431 1858 3471 subita
1904 3432 2174 3480 excursione,

1295 3496 1448 3547 passim
1480 3495 1621 3535 omnia
1654 3494 1902 3546 prosternit,
1930 3495 2051 3534 villas
2083 3507 2174 3534 cas-

1296 3559 1483 3611 tellaque
1519 3558 1737 3607 incendit3
1779 3557 1847 3598 cui
1887 3570 1983 3598 cum
2017 3557 2172 3599 Hanno
