2320 4004
585 251 843 293 VALERn
885 250 1128 290 MAXIMl
1171 251 1294 290 Lm.
1322 252 1376 291 v.
1417 252 1552 292 cAP.
1578 239 1665 293 10.

211 376 346 418 riculo
390 377 578 428 possent.
631 372 804 413 Deinde
846 371 1090 424 interJectis

209 441 364 482 diebus
400 450 530 479 naves
567 437 876 486 conscendunt,
910 441 956 476 et
983 436 1087 475 nihil

209 502 492 544 sentientibus
551 500 888 540 Lacedaemoniis
948 504 1087 539 totam

203 567 390 620 Sparten
410 564 732 616 depraedantur,
757 564 976 617 multoque
995 564 1087 616 plu-

206 642 256 670 ra
283 628 495 678 auferunt,
525 640 649 682 quam
683 629 939 678 amiserant;
967 640 1086 680 pror-

203 704 277 734 sus
315 698 362 733 ut
399 693 443 732 in
482 695 801 744 comparatione
835 692 1084 732 damnorum

203 757 330 809 longe
351 755 486 808 pluris
516 755 651 796 fuerit
675 756 796 804 ultio,
828 769 950 809 quam
974 756 1085 808 inju-

205 820 284 862 ria.
312 820 440 861 Clara
454 820 627 872 quidem
642 821 734 861 haec
753 821 932 861 Periclis
953 833 1085 873 expe-

202 883 310 926 ditio
330 884 491 936 habita,
519 885 595 924 sed
615 885 750 925 multo
766 885 922 925 clarior
942 885 1084 938 priva-

202 948 266 988 tio
300 948 560 999 patrimonii,
596 961 680 1001 qua
717 955 947 990 contentus
984 949 1081 991 fuit.

203 1011 345 1064 Hujus
364 1012 475 1066 enim
494 1025 618 1064 agros
644 1013 687 1052 in
717 1015 993 1066 populatione
1018 1016 1082 1055 in-

198 1079 341 1116 tactos
372 1075 637 1127 reliquerant
663 1075 824 1129 hostes,
858 1085 1082 1130 sperantes

199 1149 246 1179 se
266 1139 329 1179 illi
347 1138 569 1191 acquirere
590 1152 732 1192 posse,
745 1146 821 1181 aut
840 1143 1080 1194 periculum

198 1214 253 1243 ex
273 1201 449 1255 invidia,
465 1212 539 1243 aut
558 1204 817 1255 proditionis
837 1207 1080 1259 suspicione

196 1266 429 1310 infamiam.
489 1269 617 1311 Quod
665 1277 766 1312 ante
812 1273 1079 1325 prospiciens

196 1330 408 1381 Pericles,
434 1337 480 1372 et
500 1331 693 1373 futurum
715 1337 871 1387 populo
891 1337 1079 1389 praedix-

196 1400 306 1445 erat,
338 1401 385 1436 et
413 1395 467 1435 ad
500 1396 673 1437 invidiae
707 1398 915 1451 impetum
947 1401 1078 1442 decli-

196 1459 398 1511 nandum,
430 1473 556 1512 agros
591 1461 710 1513 ipsos
743 1463 856 1504 dono
891 1465 1078 1517 reipubl.

195 1522 392 1575 dederat,
421 1530 552 1577 atque
582 1526 645 1567 ita
680 1527 793 1567 unde
833 1529 1076 1580 periculum

193 1585 419 1638 quaesitum
446 1586 605 1640 fuerat,
634 1590 693 1631 ibi
723 1591 950 1633 maximam
985 1594 1075 1645 glo-

189 1648 299 1689 riam
316 1650 495 1691 invenit.
552 1653 651 1692 Non
670 1654 878 1695 minorem
896 1667 998 1696 vero
1020 1669 1076 1697 ex

182 1710 360 1763 jactura
379 1712 559 1756 filiorum
579 1715 779 1769 duorum,
799 1731 904 1771 quos
923 1719 1076 1762 diebus

191 1780 377 1828 quatuor
405 1778 564 1829 amisit,
602 1792 780 1832 quorum
815 1781 1074 1825 desiderium

189 1843 280 1880 tam
305 1838 479 1883 fortiter
506 1844 622 1895 tulit,
640 1850 688 1885 ut
704 1852 935 1887 coronatus
954 1860 1074 1889 more

189 1902 319 1951 solito
358 1905 412 1945 ad
459 1908 662 1959 populum
710 1911 928 1950 constanti
965 1923 1074 1953 voce

187 1969 464 2012 concionatus
495 1971 642 2015 fuerit.
692 1974 801 2015 oliv.

242 2034 439 2088 Olympii]
467 2031 539 2078 Ita
558 2038 773 2079 Periclem
786 2040 961 2081 vocavit
971 2039 1075 2082 Ari-

187 2099 416 2150 stophanes
463 2099 815 2144 Acarnensibus:
876 2104 1074 2147 Ἐντεῦθεν

186 2159 286 2214 ὀργῇ
303 2162 516 2215 Περικλέης
529 2165 550 2203 ὁ
573 2163 797 2215 Ὀλύμπιος.
836 2168 948 2211 Vide
976 2170 1072 2221 ejus

184 2225 483 2278 interpretem.
525 2229 639 2269 Plin.
666 2230 738 2270 lib.
767 2242 935 2272 xxx1v.
963 2245 1002 2274 c.
1029 2237 1072 2275 8.

183 2288 196 2310 ‘
217 2289 465 2342 Olympium
484 2291 715 2345 Periclem,
730 2293 907 2346 dignum
920 2308 1074 2348 cogno-

185 2353 330 2394 mine.'
370 2354 566 2408 Uterque
587 2357 834 2410 Olympium
863 2361 1070 2412 simplici·

184 2421 252 2458 ter
268 2416 430 2459 dictum
458 2418 591 2460 fuisse
621 2422 726 2462 vult.
770 2423 884 2475 Ergo
903 2426 1070 2467 exscul-

184 2479 328 2531 penda
343 2483 494 2522 vocula
511 2483 637 2525 Jovis.
666 2485 809 2526 Coler.

236 2547 259 2598 §
275 2550 302 2587 2
317 2547 535 2600 Xenophon
547 2550 697 2602 autem]
710 2550 954 2604 Xenophon
966 2554 1068 2595 Phi-

180 2609 379 2663 losophus
411 2617 458 2652 et
489 2612 576 2652 dux
603 2613 777 2666 insignis
805 2614 890 2657 fuit
926 2618 1068 2671 Grylli

179 2671 456 2715 Atheniensis
484 2675 610 2728 filius,
636 2677 762 2718 homo
794 2683 1064 2722 verecundus

179 2741 227 2777 et
244 2739 478 2792 speciosus,
494 2752 628 2792 supra
655 2754 781 2794 quam
805 2743 889 2784 dici
910 2746 1063 2798 possit,

178 2807 451 2855 moratusque
466 2809 513 2844 et
530 2805 703 2857 probus,
718 2813 848 2860 atque
866 2809 1062 2851 omnibus

178 2870 344 2917 gratus,
362 2867 553 2908 Socratis
572 2869 824 2922 discipulus,
843 2876 888 2912 et
912 2872 1059 2915 Plato·

177 2927 244 2968 nis
258 2930 453 2982 aemulus,
470 2936 582 2972 teste
602 2932 758 2986 Gellio,
775 2935 846 2988 qui
866 2936 936 2980 lib.
958 2949 1058 2980 xlv.

178 3002 279 3043 cap.
290 2995 330 3032 3.
346 2992 473 3045 dicit,
486 2994 598 3047 quod
614 2996 856 3050 Xenophon
871 3005 918 3040 et
931 3000 1059 3042 Plato

177 3053 412 3099 Socraticae
433 3060 687 3102 amoenitatis
707 3061 866 3104 lumina
887 3070 1057 3108 certare

1897 241 2038 295 1209

1152 371 1426 424 aemularique
1446 372 1560 412 inter
1588 384 1636 413 se
1653 371 1888 413 existimati
1922 381 2036 417 sunt.

1152 433 1238 473 Hic
1271 436 1432 486 primus
1465 436 1649 476 omnium
1680 436 2035 489 Philosophorum

1150 498 1323 551 scripsit
1338 500 1582 542 historiam:
1614 500 1698 542 fuit
1718 502 1845 554 enim,
1863 508 1911 543 ut
1927 503 2035 543 dixi-

1150 574 1259 612 mus,
1290 563 1379 602 dux
1408 571 1620 607 strennus,
1666 568 1734 606 Ex
1760 566 1923 606 ultimis
1952 567 2036 608 Ba-

1150 625 1333 678 byloniae
1354 626 1507 668 finibus
1525 630 1759 671 exercitum
1780 631 1953 672 reduxit
1973 632 2036 672 in-

1149 691 1359 730 columem
1380 692 1544 743 asperis
1564 699 1610 733 et
1628 693 1891 735 difficillimis
1909 695 2036 736 itine—

1150 754 1266 795 ribus
1287 767 1363 808 per
1383 755 1678 799 infestissimas
1703 763 1857 812 gentes
1875 766 1921 801 et
1939 761 2035 802 bar·

1147 820 1291 861 baras.
1327 820 1479 860 Oliver.

1201 883 1419 923 Proximus
1455 896 1480 923 a
1514 885 1702 937 Platone]
1749 886 1971 927 Secundus
2009 899 2035 927 a

1146 946 1342 988 Platone.
1388 947 1566 989 Constat
1596 949 1708 988 enim
1739 949 1783 989 in
1813 950 2036 992 Socratica

1146 1009 1374 1062 disciplina
1404 1010 1588 1063 primum
1622 1013 1763 1052 locum
1796 1012 2035 1055 obtinuisse

1144 1074 1388 1125 Platonem,
1405 1075 1640 1115 secundum
1657 1088 1759 1116 vero
1771 1076 2034 1129 Xenophon-

1144 1143 1246 1179 tem.
1292 1138 1422 1179 Plato
1442 1140 1690 1192 eloquentia
1718 1140 1927 1192 superior,
1944 1142 2034 1182 Xe-

1142 1203 1313 1255 nophon
1336 1205 1553 1256 gravitate
1574 1205 1741 1256 melior,
1772 1205 1910 1258 quiet
1939 1206 2033 1258 ipse

1142 1268 1277 1308 multa
1289 1269 1493 1309 sermonis
1502 1269 1719 1309 suavitate
1733 1270 1901 1322 polluit.
1920 1272 2032 1312 Tan-

1142 1337 1188 1372 ta
1205 1331 1320 1372 inter
1337 1344 1383 1372 se
1413 1333 1687 1373 aemulatione
1715 1338 1953 1387 certarunt,
1982 1341 2033 1376 ut

1140 1407 1236 1437 cum
1255 1401 1437 1449 uterque
1458 1397 1594 1437 multa
1610 1396 1849 1449 scripserit,
1874 1405 2031 1440 neuter

1140 1465 1286 1500 tamen
1317 1461 1496 1502 alterius
1522 1461 1784 1502 mentionem
1815 1461 1952 1504 faciat
1982 1464 2030 1504 in

1138 1525 1340 1578 operibus
1358 1525 1458 1567 suis.
1502 1525 1828 1578 Praeceptorem
1858 1533 2030 1569 tantum

1137 1589 1180 1628 in
1200 1588 1378 1642 dialogis
1408 1589 1702 1642 disputantem
1730 1590 2027 1634 introducunt.

1138 1653 1266 1693 Idem.

1191 1717 1365 1758 Nomine
1397 1717 1604 1770 Gryllum]
1640 1718 1810 1759 Praeter
1841 1723 2026 1760 caeteros

1135 1782 1232 1833 lege
1250 1782 1462 1823 Senecam
1491 1783 1709 1824 consolat.
1739 1782 1794 1823 ad
1813 1783 2026 1825 Marciam

1136 1859 1231 1899 cap.
1253 1851 1320 1887 12.
1353 1848 1526 1889 coleras.

1189 1914 1309 1965 Apud
1336 1913 1605 1965 Mantineam]
1650 1913 1770 1954 Nota
1802 1919 1871 1954 est
1895 1913 2025 1954 histo·

1133 1977 1214 2029 ria,
1231 1977 1345 2031 quod
1364 1977 1668 2018 auxiliantibus
1686 1977 2025 2020 Atheniensibus

1132 2041 1324 2083 Thebani
1341 2042 1451 2083 duce
1468 2042 1766 2095 Epaminonda
1784 2042 1944 2083 bellum
1959 2043 2025 2083 in-

1132 2106 1284 2146 dixere
1305 2106 1657 2157 Lacedaemoniis,
1685 2111 1730 2147 et
1748 2106 1862 2159 apud
1884 2107 2021 2148 Leuc-

1133 2176 1202 2211 tra
1221 2176 1264 2211 et
1284 2171 1396 2223 apud
1415 2171 1700 2222 Mantineam,
1718 2177 1768 2211 ut
1785 2170 1828 2211 iu
1848 2183 1945 2224 cap.
1964 2172 2020 2212 de

1131 2235 1406 2276 Fortitudine
1422 2234 1625 2285 diximus,
1648 2233 1836 2275 feliciter
1855 2246 2020 2286 pugna-

1132 2305 1223 2339 tum
1237 2304 1332 2339 est:
1354 2305 1547 2339 attamen
1563 2297 1743 2338 victoria
1759 2297 1874 2349 apud
1892 2298 2019 2338 Man-

1131 2363 1289 2406 tineam
1308 2369 1432 2415 parta
1447 2374 1533 2402 non
1544 2360 1629 2402 fuit
1643 2361 1864 2402 incruenta
1880 2375 1892 2412 3
1912 2363 2021 2402 mul-

1131 2427 1165 2467 ti
1185 2439 1240 2467 ex
1259 2426 1497 2466 victoribus
1526 2425 1741 2477 cecidere,
1771 2426 1888 2466 inter
1910 2439 2015 2478 quos

1129 2491 1216 2531 dux
1236 2491 1330 2543 ipse
1349 2489 1665 2542 Epaminondas
1693 2494 1737 2530 et
1755 2490 2018 2543 Xenophon-

1127 2557 1184 2597 tis
1197 2555 1327 2606 filius,
1346 2555 1399 2595 de
1421 2568 1504 2607 quo
1524 2567 1639 2595 nunc
1654 2554 1856 2595 diximus.
1890 2555 1995 2599 oliv.

1183 2621 1396 2673 Coronam]
1424 2621 1521 2663 Qua
1535 2625 1763 2661 coronatus
1780 2631 1902 2660 sacra
1919 2620 2015 2661 obi-

1124 2683 1214 2725 bat.

1177 2748 1394 2798 Abjecisset
1419 2747 1582 2800 altaria]
1614 2748 1829 2789 Ornatum
1850 2760 2010 2789 eorum.

1177 2812 1245 2864 §3
1274 2811 1558 2863 Anaxagoras]
1591 2813 1678 2854 Hie
1708 2812 2007 2853 Clazomenius

1122 2873 1223 2926 fuit,
1243 2866 1512 2926 Hegesibulo
1532 2880 1656 2927 patre
1678 2882 1819 2927 natus,
1846 2874 2007 2915 Anaxi-

1120 2938 1257 2979 menis
1277 2938 1460 2987 auditor,
1486 2939 1769 2993 Philosophus
1799 2951 1876 2980 suo
1898 2945 2005 2980 tem-

1119 3015 1225 3056 pore
1240 3003 1447 3056 inclytus.
