2346 3996
534 337 828 379 vitemur
875 336 1119 374 MAx1M1
1167 336 1288 374 Lis.
1319 336 1426 375 vri.
1470 338 1603 377 cAP.
1632 325 1684 376 4.

212 465 303 499 tum
338 459 400 499 ire
427 458 582 511 jubet3
615 454 794 496 Senatui
815 453 973 494 deinde
994 452 1096 494 scri-

210 523 292 572 bit,
321 534 417 575 quae
451 521 645 561 viderat:
675 519 860 559 Senatus
892 517 1097 557 Tuscula-

211 598 288 626 nos
309 598 395 626 non
415 586 548 626 solum
569 582 760 623 amicitia
793 587 840 622 et
869 593 978 633 pace
1003 580 1097 632 dig-

210 661 288 689 nos
299 648 532 701 judicavit,
549 647 626 687 sed
646 646 822 698 insuper
842 645 971 685 etiam
991 644 1098 684 civi·

210 719 304 753 tate
323 712 514 753 donavit.
547 712 696 752 Oliver.

265 778 289 829 ς
309 780 360 816 10
388 779 448 817 At
472 776 694 817 Volscorum
712 774 838 825 ducis,
863 772 953 826 ξω]
980 773 1099 813 Mar-

211 840 296 880 tius
319 839 572 880 Coriolanus
594 838 702 879 urbe
737 839 901 890 pulsus,
928 842 978 878 ut
1007 837 1099 877 dic-

212 910 301 944 tum
336 909 420 956 est,
446 904 667 944 exulatum
702 902 746 942 in
767 902 949 942 Volscos
980 900 1101 942 abiit.

211 967 418 1019 Hospitio
438 967 644 1007 utebatur
662 965 776 1006 Attii
792 964 906 1005 Tulli
924 964 1100 1005 Volsco-

213 1041 307 1069 rum
345 1029 568 1081 principis,
607 1034 654 1069 et
689 1028 892 1068 Romanis
929 1038 1100 1079 semper

210 1092 372 1134 infesti.
415 1093 474 1132 Hi
494 1092 580 1132 duo
599 1092 782 1132 consilia
797 1089 1029 1131 conferunt
1045 1091 1101 1132 de

213 1157 406 1197 Romano
440 1156 568 1196 bello.
625 1154 756 1195 Haud
789 1153 915 1195 facile
948 1154 1101 1195 crede-

212 1221 318 1261 bant
339 1220 507 1272 plebem
536 1231 656 1260 suam
688 1219 852 1271 impelli
880 1230 1024 1270 posse,
1053 1222 1102 1259 ut

215 1285 348 1324 toties
368 1281 602 1323 infeliciter
631 1287 802 1323 tentata
832 1293 951 1321 arma
975 1293 1102 1333 cape·

219 1351 346 1397 rent3
378 1346 525 1386 multis
553 1357 670 1398 saepe
690 1344 833 1395 bellis,
851 1344 1103 1397 pestilentia

216 1414 434 1462 postremo
471 1408 625 1448 amissa
665 1408 897 1460 juventute
939 1407 1102 1448 fractos

215 1473 397 1525 spiritus
426 1484 546 1522 esse3
577 1478 672 1512 arte
700 1471 912 1523 agendum
931 1471 974 1511 in
1002 1483 1102 1511 exo-

213 1537 305 1576 leto
327 1536 420 1588 jam
442 1539 662 1576 vetustate
681 1535 798 1585 odio,
823 1540 874 1575 ut
901 1539 1103 1575 recenter

216 1599 356 1652 aliqua
372 1600 438 1639 ira
454 1598 818 1640 exacerbarentur
833 1598 978 1638 animi.
1016 1599 1104 1638 Lu·

216 1662 259 1702 di
287 1661 402 1703 forte
432 1674 488 1702 ex
511 1662 823 1702 instauratione
853 1661 995 1713 magni
1018 1661 1104 1702 Ro·

216 1737 295 1765 mae
316 1725 607 1778 parabantur3
635 1724 734 1764 ideo
766 1730 946 1764 auctore
977 1723 1104 1764 Attio

215 1787 290 1827 illo
342 1788 406 1827 vis
459 1798 615 1838 magna
652 1786 919 1839 'Volscorum
970 1787 1104 1828 venit.

215 1849 475 1902 Priusquam
509 1849 903 1901 committerentur,
937 1849 1107 1902 Tullus,

219 1919 270 1954 ut
307 1913 421 1953 domi
472 1913 758 1964 compositum
807 1925 903 1952 cum
940 1914 1104 1953 Martio

218 1976 380 2027 fuerat,
407 1976 462 2016 ad
494 1977 693 2017 consules
720 1976 855 2027 venit,
881 1976 991 2017 dicit
1009 1989 1104 2017 esse

218 2052 314 2091 quae
333 2044 501 2080 secreto
521 2051 653 2092 agere
673 2039 728 2079 de
746 2041 968 2092 republica
984 2042 1105 2083 velit.

219 2103 418 2144 Remotis
468 2103 662 2154 arbitris,
711 2104 901 2156 Invitus,
947 2106 1105 2157 inquit,

220 2165 336 2218 quod
355 2165 526 2219 sequius
546 2165 618 2217 sit,
650 2165 706 2206 de
727 2167 833 2206 meis
853 2167 1018 2207 civibus
1047 2169 1105 2207 lo·

221 2242 345 2283 quor,
361 2241 444 2270 non
462 2235 605 2270 tamen
626 2229 855 2270 adinissum
876 2231 1107 2283 quicquam

221 2292 276 2333 ab
296 2293 360 2332 his
380 2293 652 2333 criminatum
672 2293 815 2343 venio,
837 2293 914 2333 sed
934 2300 1107 2334 cautum

221 2369 276 2396 ue
305 2356 551 2397 admittant.
609 2355 756 2397 Nimio
774 2356 869 2408 plus
889 2369 1016 2410 quam
1038 2369 1108 2396 ve-

219 2419 295 2459 lim
315 2425 558 2459 nostrorum
590 2418 765 2471 ingenia
794 2424 894 2460 sunt
921 2420 1109 2461 mobilia.

222 2482 378 2522 Multis
398 2481 443 2521 id
463 2480 659 2522 cladibus
692 2482 918 2533 sensimus,
946 2483 1110 2536 quippe

223 2545 297 2597 qui
335 2556 423 2584 non
459 2549 610 2584 nostro
648 2545 816 2598 merito,
852 2545 931 2587 sed
968 2551 1112 2587 vestra

225 2607 440 2660 patientia
464 2619 608 2648 sumus
636 2607 890 2649 incolumes.
947 2610 1112 2663 Magna

222 2671 295 2712 hic
328 2682 443 2711 nunc
475 2670 734 2712 Volscorum
763 2672 995 2713 multitudo
1026 2678 1110 2714 est.

222 2734 337 2776 Ludi
357 2740 472 2775 sunt.
514 2734 778 2787 Spectaculo
807 2735 978 2775 intenta
1006 2735 1110 2776 civi-

225 2805 294 2838 tas
314 2799 414 2839 erit.
467 2798 650 2838 Memini
679 2798 786 2851 quid
818 2811 897 2851 per
928 2799 1110 2839 eandem

226 2862 491 2903 occasionem
509 2862 802 2903 aSabinorum
815 2863 1050 2915 juventute
1067 2864 1111 2903 in

227 2926 308 2966 lrac
344 2926 452 2966 urbe
489 2926 758 2966 commissum
803 2927 874 2967 sit.
947 2927 1112 2967 Horret

227 2989 391 3029 animus
408 2998 462 3028 ne
481 2988 585 3041 quid
600 2988 840 3028 inconsulte
856 2994 931 3029 aut
947 2995 1111 3031 temere

227 3052 320 3094 fiat.
374 3052 487 3093 Haec
521 3057 683 3102 vestra,
718 3058 950 3105 nostraque
983 3066 1114 3094 causa

229 3117 414 3169 primum
434 3115 618 3155 dicenda
639 3115 762 3155 vobis
781 3116 1026 3157 consulibus
1046 3130 1114 3157 ra-

231 3187 301 3220 tus
319 3190 436 3220 sum:
464 3179 580 3232 quod
600 3180 655 3219 ad
672 3192 740 3220 me
759 3181 932 3232 attinet,
951 3186 1114 3221 extem·

225 3245 305 3296 'plo
333 3244 434 3284 hinc
464 3244 636 3284 domum
661 3244 780 3284 abire
804 3244 848 3284 in
875 3245 1016 3295 animo
1035 3250 1117 3297 est,

232 3318 289 3346 ne
325 3307 455 3358 cnjus
485 3306 593 3348 facti
629 3306 822 3360 dictique
859 3308 1115 3361 contagione

231 3379 428 3419 praesens
448 3368 595 3410 violer.
651 3369 761 3410 Haee
794 3370 961 3410 locutus
995 3370 1116 3411 abiit.

237 3432 442 3471 Consules
462 3444 558 3472 cum
587 3433 642 3473 ad
669 3439 813 3485 patres
832 3447 921 3474 rem
942 3435 1116 3475 dubiam

238 3494 316 3532 sub
337 3499 512 3534 auctore
533 3501 654 3536 certo
671 3497 947 3548 detulissent,
966 3503 1119 3539 auctor

238 3557 387 3608 magis,
413 3562 462 3595 ut
479 3556 547 3605 fit,
572 3570 696 3609 quam
715 3571 780 3600 res
800 3560 854 3599 ad
875 3572 1120 3612 praecaven·

347 3623 493 3675 Delph.
507 3627 544 3663 et
565 3625 655 3664 ναν.
674 3625 781 3665 Clas.

1043 3626 1131 3669 Val,
1153 3628 1270 3668 Max.

1904 327 2049 380 1265

1161 452 1262 492 dum
1283 455 1350 494 vel
1373 467 1427 495 ex
1447 466 1716 507 supervacuo
1737 454 1887 507 movit,
1913 455 2053 497 facto-

1158 529 1242 570 que
1262 519 1378 559 SCto
1397 525 1446 560 ut
1466 520 1573 560 urbe
1601 519 1867 560 excederent
1886 520 2052 572 Volsci,

1160 593 1388 632 praecones
1411 582 1708 635 dimittuntur,
1726 583 1798 636 qui
1816 595 1963 624 omnes
1977 595 2051 624 eos

1160 645 1376 696 proticisci
1397 651 1499 686 ante
1520 653 1690 688 noctem
1713 647 1936 700 juberent.
1980 648 2052 688 In-

1161 721 1266 761 gens
1303 721 1437 761 pavor
1474 711 1614 762 primo
1663 710 1957 751 discurrentes
1997 711 2053 750 ad

1162 786 1260 814 suas
1293 785 1364 814 res
1395 774 1609 815 tollendas
1630 776 1674 815 in
1694 776 1883 828 hospitia
1902 788 2056 828 percu-

1160 837 1236 895 lit:
1268 836 1653 889 proficiscentibus
1674 830 1833 880 deinde
1863 840 2058 892 indigna-

1162 900 1225 941 tio
1245 900 1412 952 oborta,
1433 907 1483 941 ut
1503 903 1823 942 consceleratos
1843 902 2055 943 contami-

1162 969 1374 1016 natosque
1395 964 1448 1004 ab
1468 964 1596 1016 ludis,
1613 964 1738 1004 festis
1754 965 1922 1018 diebus,
1939 970 2056 1006 coetu

1163 1028 1479 1081 quodammodo
1516 1028 1736 1069 hominum
1771 1030 2054 1083 Deorumque

1163 1092 1356 1132 abactos.
1414 1092 1522 1132 Cum
1548 1103 1688 1143 prope
1710 1092 1961 1132 continuato
1981 1105 2054 1144 ag-

1163 1156 1277 1196 mine
1305 1155 1435 1206 irent,
1469 1167 1723 1207 progressus
1742 1155 1890 1194 Tullus
1910 1154 1965 1194 ad
1985 1167 2055 1195 ca-

1165 1225 1246 1272 put
1266 1220 1564 1271 Ferentinum,
1591 1225 1638 1260 ut
1669 1220 1850 1272 quisque
1872 1219 2056 1269 veniret,

1165 1284 1372 1336 primores
1392 1295 1540 1323 eorum
1561 1284 1783 1336 excipiens
1801 1283 2055 1336 quaerendo,

1164 1346 1532 1399 indignandoque,
1560 1353 1606 1387 et
1641 1359 1715 1387 eos
1746 1347 1865 1399 ipsos
1903 1346 2055 1386 sedulo

1166 1410 1389 1450 audientes
1410 1409 1600 1450 secunda
1627 1410 1704 1450 irae
1736 1410 1884 1461 verba,
1913 1415 1959 1449 et
1979 1422 2058 1461 per

1165 1484 1238 1512 eos
1258 1473 1577 1514 multitudinem
1598 1473 1727 1513 aliam
1747 1473 1791 1513 in
1811 1473 2057 1525 subjectum

1165 1538 1251 1579 viae
1284 1549 1484 1590 campum
1517 1537 1714 1578 deduxit.
1770 1537 1840 1578 Ibi
1875 1538 1920 1577 in
1957 1549 2060 1578 con·

1165 1600 1300 1642 cionis
1349 1600 1524 1641 modum
1571 1601 1811 1641 orationem
1861 1613 2059 1652 exorsus,

1166 1677 1314 1705 omnes
1335 1664 1390 1704 ad
1410 1664 1570 1705 bellum
1595 1670 1641 1706 et
1667 1677 1784 1705 arma
1803 1665 2059 1716 concitavit,

1167 1734 1213 1769 et
1230 1727 1345 1781 quod
1366 1727 1534 1768 ratione
1554 1740 1769 1781 nunquam
1786 1727 2062 1780 obtinuisset,

1168 1798 1264 1832 arte
1301 1797 1348 1831 et
1385 1791 1626 1843 calliditate
1674 1796 1935 1832 consecutus
1979 1795 2058 1831 est.

1167 1854 1280 1894 Vide
1299 1854 1469 1895 Livium
1487 1853 1601 1894 libro
1620 1865 1675 1894 11.
1705 1853 1859 1895 Oliver.

1225 1918 1338 1958 CAP.
1371 1929 1437 1958 iv.
1482 1919 1506 1970 ξ
1540 1920 1562 1957 1
1599 1917 1792 1957 Omnibus
1823 1916 2062 1957 militaribus

1167 1981 1312 2033 copiis]
1342 1981 1490 2021 Livius
1518 1980 1595 2022 lib.
1613 1992 1644 2021 1.
1673 1982 1686 2003 ‘
1707 1980 1970 2033 Fidenates,’
1999 1981 2062 2020 in-

1170 2045 1281 2097 quit,
1323 2045 1335 2067 ‘
1357 2045 1524 2085 colonia
1556 2045 1766 2098 Romana,
1802 2044 2061 2085 Veientibus

1171 2108 1298 2148 sociis
1317 2108 1482 2148 consilii
1511 2109 1759 2161 assumptis,
1777 2113 1906 2161 pacto
1926 2113 2063 2148 trans-

1171 2170 1318 2211 itionis
1375 2170 1660 2224 Albanorum,
1706 2172 1760 2213 ad
1803 2173 1961 2213 bellum
1998 2176 2062 2211 at-

1172 2246 1258 2285 que
1276 2245 1396 2273 arina
1413 2234 1699 2274 concitantur.
1759 2234 1866 2275 Cum
1886 2234 2061 2274 Fidenae

1172 2302 1324 2348 aperte
1345 2295 1603 2348 descissent,
1634 2297 1802 2348 Tullus,
1831 2296 1972 2336 Metio
1992 2308 2065 2335 ex-

1173 2361 1403 2412 ercituque
1424 2359 1515 2410 ejus
1533 2360 1588 2400 ab
1603 2359 1719 2400 Alba
1734 2360 1892 2411 accito,
1911 2365 2064 2399 contra

1171 2423 1320 2463 hostes
1343 2423 1481 2464 ducit.
1536 2423 1624 2464 Ubi
1643 2422 1858 2463 Anienem
1878 2423 2063 2473 transiit,

1173 2486 1228 2527 ad
1249 2484 1520 2527 confluentes
1539 2487 1726 2527 collocat
1743 2492 1905 2527 castra.
1940 2487 2065 2526 Inter

1172 2561 1270 2589 enm
1308 2549 1452 2589 locum
1504 2553 1551 2588 et
1587 2548 1773 2588 Fidenas
1813 2548 2065 2589 Veientium

1173 2613 1394 2653 exercitus
1409 2611 1611 2664 Tyberim
1632 2612 1881 2652 transierat.
1937 2611 2000 2651 Hi
2019 2615 2066 2651 et

1173 2675 1218 2716 in
1250 2676 1344 2716 acie
1383 2687 1520 2727 prope
1550 2673 1711 2715 flumen
1746 2681 1928 2716 tenuere
1959 2674 2066 2714 dex-

1175 2743 1290 2779 trum
1306 2750 1464 2787 cornu;
1480 2739 1525 2778 in
1539 2738 1713 2779 sinistro
1725 2739 1956 2780 Fidenates
1971 2751 2069 2790 pro-

1174 2802 1272 2855 pius
1306 2807 1476 2841 montes
1507 2802 1767 2842 consistunt.
1820 2803 1970 2842 Tullus
1991 2801 2064 2841 ad-

1175 2877 1325 2907 versus
1339 2865 1566 2905 Veientem
1582 2866 1748 2912 hostem
1769 2864 1919 2917 dirigit
1938 2877 2036 2905 suos
2053 2878 2065 2914 ;

1177 2928 1368 2970 Albanos
1390 2933 1544 2969 contra
1561 2929 1775 2981 legionem
1791 2927 2066 2970 Fidenatium

1176 2983 1379 3034 collocat.
1454 2991 1625 3033 Albano
1660 3005 1749 3033 non
1803 2994 1899 3045 plus
1938 2990 2069 3031 animi

1177 3061 1274 3097 erat
1292 3068 1420 3108 quam
1448 3055 1581 3106 fidei;
1614 3068 1756 3109 neque
1776 3068 1969 3104 manere,
1994 3066 2069 3094 ne-

1178 3132 1263 3173 que
1285 3119 1464 3160 transire
1484 3117 1639 3172 aperte
1661 3133 1806 3172 ausus,
1835 3119 1991 3159 sensim
2014 3116 2070 3156 ad

1177 3188 1346 3224 montes
1385 3184 1600 3224 succedit.
1690 3183 1802 3223 Inde
1838 3181 1912 3221 ubi
1960 3179 2067 3219 satis

1179 3246 1356 3287 subiisse
1387 3258 1482 3286 sese
1514 3251 1631 3286 ratus
1660 3251 1743 3296 est,
1772 3244 1903 3296 erigit
1930 3247 2067 3282 totam

1179 3309 1332 3360 aciem,
1361 3307 1662 3360 fluctuansque
1691 3309 1848 3357 animo,
1877 3310 1925 3345 ut
1956 3311 2070 3344 tere-

1180 3378 1250 3412 ret
1281 3378 1465 3424 tempus,
1491 3373 1681 3423 explicat
1713 3370 1902 3409 ordines.
1958 3368 2070 3407 Con-

1181 3435 1323 3475 silium
1343 3440 1454 3485 erat,
1474 3446 1601 3487 quam
1621 3433 1797 3472 fortuna
1818 3443 1908 3471 rem
1929 3430 2069 3480 daret,

1183 3510 1234 3538 eo
1264 3498 1470 3537 inclinare
1502 3497 1627 3535 vires.
1684 3495 1902 3534 Miraculo
1930 3491 2067 3545 primo

1185 3573 1280 3601 esse
1303 3559 1522 3610 Romanis,
1545 3559 1616 3611 qui
1635 3558 1818 3611 proximi
1838 3562 2067 3607 steterant,

1860 3627 1885 3662 4
1917 3624 1954 3662 L
