2288 3990
546 277 807 320 vAnERn
853 276 1094 316 MAlel
1141 276 1262 318 nm.
1292 275 1362 322 11.
1397 267 1530 315 c'Ar.
1557 262 1611 315 9.

179 407 226 443 et
259 399 491 443 crudeliter
525 399 663 450 caesis,
699 396 1058 451 proscriptionem

178 466 447 513 Senatorum,
465 468 511 504 et
530 463 709 503 aliorum
734 462 912 512 civium,
931 459 1060 514 inpri-

177 529 259 569 mis
276 526 474 578 divitum,
492 525 600 566 fecit
618 525 871 567 mirabilem.
901 524 1048 566 Oliver.

230 590 384 642 Multas
417 588 548 642 urbes]
589 589 856 630 Simulachra
892 587 1059 627 urbium

177 653 441 694 devictarum
460 652 504 693 in
523 665 683 705 pompa
702 652 904 705 triumphi
929 650 1059 691 dedu·

178 728 281 758 cere
299 716 415 757 soliti
429 722 476 758 et
495 717 699 769 picturas.

233 779 398 820 Nullum
429 780 612 833 oppidum
646 779 776 831 vexit]
805 777 1059 832 significans

183 853 264 895 per
280 843 362 884 hoc
377 855 422 884 se
443 855 528 885 non
547 844 600 883 de
621 843 805 893 civibus,
823 842 928 883 licet
945 846 1062 882 esset

179 905 510 956 crudelissimus,
528 907 603 947 sed
632 906 686 947 de
705 906 893 947 externis
915 905 1061 946 trium-

180 970 331 1022 phare.
385 971 554 1012 Badius.

237 1034 449 1086 Lauretum]
478 1035 577 1074 Non
595 1033 732 1073 solum
764 1043 848 1072 non
881 1031 1064 1073 dabatur

181 1097 438 1150 triumphus,
454 1109 601 1137 verum
632 1096 782 1147 etiam,
799 1101 913 1137 teste
941 1095 1064 1137 Cice·

183 1173 287 1202 rone
318 1161 364 1202 in
396 1162 588 1215 Philipp.
643 1161 854 1203 Oratione
899 1160 1067 1215 ultima,

182 1224 314 1266 nullae
333 1223 496 1266 fiebant
517 1225 870 1277 supplicationes.

236 1286 306 1329 Aa
321 1300 505 1341 quercum
532 1301 667 1341 pronae
692 1301 830 1328 manus
857 1288 1067 1340 porrigun-

183 1353 270 1406 tur]
296 1353 381 1395 Qui
401 1354 539 1394 civem
566 1357 795 1404 servasset,
819 1363 982 1405 querna
1000 1363 1070 1392 co-

184 1426 291 1456 rona
306 1414 455 1457 donari
473 1421 774 1457 consueverat.
828 1414 946 1456 Ante
975 1427 1071 1468 pos-

187 1484 254 1518 tes
271 1479 379 1521 Julii
409 1479 592 1520 Caesaris
617 1485 713 1519 erat
740 1479 918 1532 antiqua
945 1491 1071 1531 quer-

187 1553 278 1588 cuS,
310 1554 365 1582 ex
401 1555 486 1595 qua
518 1554 656 1583 ramos
689 1542 928 1594 decerpere
963 1543 1073 1582 sole-

186 1604 396 1657 bant,ubi
423 1617 629 1647 coronam
658 1607 789 1647 alicui
819 1606 924 1648 dare
952 1607 1072 1647 volu-

184 1667 336 1709 issent.
395 1669 547 1710 Oliver.

239 1730 435 1782 Augusta
456 1731 610 1784 doma]
637 1732 691 1774 Id
721 1737 804 1786 est,
819 1732 951 1786 ipsius
967 1732 1075 1776 Julii

186 1793 385 1838 Caesaris.

239 1857 352 1900 Car.
369 1869 438 1900 11.
456 1860 693 1913 Censumm]
720 1860 813 1903 Liv.
842 1861 1072 1903 ‘Censnrae

187 1920 357 1962 initium
375 1921 472 1975 fuit,
488 1925 552 1965 rei
567 1937 592 1965 a
612 1937 747 1977 parva
764 1925 929 1977 origine
947 1931 1074 1977 ortae,

191 1995 285 2036 quae
314 1984 474 2027 deinde
501 1992 624 2029 tanto
650 1988 918 2030 incremento
947 1994 1075 2030 ancta

189 2053 275 2100 est,
301 2053 351 2090 ut
376 2060 543 2092 morum
570 2052 899 2106 disciplinaeque
918 2054 1074 2094 Roma-

189 2122 260 2153 na,
278 2123 410 2165 penes
428 2125 522 2154 eam
542 2115 750 2167 regimen,
768 2120 940 2157 senatus
958 2116 1075 2170 equi-

193 2178 371 2227 tumque
392 2176 618 2228 centuriae,
635 2176 806 2219 decoris
837 2177 1077 2220 dedecoris·

192 2247 277 2288 que
300 2236 532 2279 discrimen
561 2239 643 2280 sub
673 2241 837 2282 ditione
870 2241 963 2294 ejus
988 2254 1077 2283 ma-

192 2297 416 2351 gistratus,
461 2302 733 2352 publicorum
764 2303 840 2356 jus
886 2305 1076 2356 privato-

195 2371 374 2414 rumque
404 2363 612 2414 locorum,
640 2370 685 2405 et
718 2366 947 2418 vectigalia
973 2379 1076 2419 pop.

195 2423 321 2465 Rom.
337 2424 420 2465 snb
436 2433 546 2467 nutu
565 2433 693 2480 atque
711 2429 890 2470 arbitrio
906 2429 1080 2471 essent?

195 2486 332 2528 Primi
347 2493 491 2529 antem
513 2501 714 2532 censores
742 2491 921 2535 fuerunt
948 2494 1079 2547 Papi-

198 2549 288 2592 rius
329 2551 703 2607 Semproniusque.
761 2557 912 2598 Oliver.
967 2557 1079 2599 Vide

194 2612 355 2658 Janum
395 2614 656 2659 Gulielmum
696 2617 752 2659 de
784 2620 1081 2672 magistratib.

197 2677 348 2728 populi
404 2677 599 2720 Romani.
679 2681 876 2734 Contigit
919 2682 975 2724 A.
1022 2684 1080 2725 U.

195 2748 321 2780 CCXI.

253 2803 440 2844 Censorio
472 2805 695 2858 uper-cilio]
727 2806 1001 2850 Austeritate
1035 2815 1083 2851 et

197 2864 418 2917 rigiditate
450 2869 657 2910 censoria.
714 2871 827 2912 Nam
857 2874 1082 2925 supercili-

200 2939 272 2968 um
286 2940 367 2981 pro
384 2931 614 2972 severitate
628 2933 862 2985 saepissime
880 2936 1065 2987 ponitur.

255 2991 381 3043 Foro]
413 2992 503 3033 Ubi
514 2994 679 3046 judicia
698 3004 974 3038 exercentur.

259 3054 414 3107 cnrioe]
440 3056 529 3097 Ubi
547 3058 776 3100 sententiae
796 3060 1011 3102 dicuntur.

254 3117 279 3168 ς
300 3120 323 3157 1
351 3118 474 3171 AEru]
500 3118 554 3158 Id
586 3125 668 3171 est,
693 3127 857 3163 certam
889 3125 1083 3176 pecuniae

201 3179 507 3232 quantitatem,
535 3181 732 3224 fecerunt
757 3186 870 3226 enim
898 3188 1085 3230 aerarios.

204 3240 362 3284 AErarii
381 3247 525 3285 autem
551 3244 725 3287 obnoxii
751 3246 1009 3291 dicebantur
1028 3263 1086 3292 ae·

203 3317 334 3348 rano.

262 3368 446 3422 caelibes]
475 3370 643 3412 Camilli
678 3373 816 3425 legem
854 3381 1004 3427 postea
1040 3378 1086 3420 in

209 3441 391 3472 censura
408 3445 484 3473 sua
514 3433 656 3476 denuo
684 3438 971 3490 promulgavit
989 3440 1084 3482 Me-

208 3493 335 3535 teilus
369 3495 636 3550 Numidicus,
651 3510 707 3540 ex
739 3500 862 3552 cnjus
892 3502 1086 3545 oratione

1860 263 2001 317 1051

1119 395 1231 436 citat
1247 374 1396 448 xAgell.
1428 395 1505 437 lib.
1523 406 1559 436 r.
1576 406 1673 447 cap.
1701 397 1744 435 6.
1799 392 2005 435 Afranius

1120 459 1329 511 Vopisco:
1359 460 1372 483 ‘
1392 459 1583 512 Majores
1618 458 1753 499 nostri
1789 457 2004 511 incupidi-

1119 534 1216 563 ores
1235 522 1418 564 liberum
1434 521 1602 564 Fuere!
1659 521 1831 562 Colerus.

1171 585 1369 638 Longam,
1405 589 1472 638 dyc.
1510 584 1768 636 vacationem]
1804 584 1902 624 Hoc
1942 588 2009 624 est

1119 648 1292 699 longum
1329 649 1535 701 temporis
1568 648 1771 702 spatium.
1827 647 2007 699 Pighius

1118 711 1228 763 legit
1245 712 1549 753 advocationem.

1174 773 1374 815 Nodosam
1391 776 1582 816 exsolvite
1611 774 1775 828 stipem]
1803 774 1894 815 Per
1924 775 2009 815 hoc

1121 839 1216 880 illos
1241 836 1393 881 avaros
1413 841 1621 892 ostendit,
1636 847 1682 881 et
1711 841 1767 882 ob
1796 852 1888 881 eam
1912 852 2011 879 cau-

1122 914 1213 943 sam
1245 903 1421 944 coelibes
1450 904 1623 952 vixisse,
1649 904 1762 958 quod
1796 905 2017 956 timerent,

1122 976 1177 1005 ne
1208 976 1384 1006 uxorem
1413 971 1458 1006 et
1489 966 1646 1007 liberos
1674 968 1791 1007 alere
1822 974 2014 1019 possent.

1127 1029 1238 1072 Oliv.
1293 1030 1450 1083 stipem
1466 1031 1672 1084 nodosam]
1702 1031 1755 1071 Id
1772 1037 1855 1084 est,
1869 1032 2016 1072 multis

1124 1093 1248 1134 nodis
1268 1094 1312 1135 in
1330 1094 1478 1135 loculis
1497 1101 1573 1135 aut
1587 1095 1761 1135 sacculo
1775 1094 2015 1135 abstrusam

1126 1158 1367 1209 pecuniam.
1424 1158 1533 1199 Bau.

1183 1221 1248 1262 Ite
1278 1222 1423 1274 igitur,
1451 1226 1492 1263 et
1522 1223 1704 1263 nodosam
1735 1222 1923 1263 exsolvite
1949 1222 2020 1262 sti-

1127 1296 1229 1336 pem,
1251 1286 1388 1326 utilem
1410 1286 1639 1338 posteritati
1668 1284 1900 1337 numerosae]
1929 1286 2019 1327 No-

1131 1346 1212 1386 dus
1243 1348 1397 1401 aliquis
1417 1349 1460 1388 in
1488 1349 1653 1389 nodosa
1676 1348 1757 1390 hac
1786 1349 1918 1402 stipe,
1938 1361 2020 1389 nec

1134 1409 1261 1451 video
1298 1412 1371 1465 qui
1418 1411 1605 1465 adjectio
1641 1412 1736 1452 haec
1773 1412 2022 1454 conveniat.

1134 1472 1354 1526 Legerim,
1370 1487 1625 1518 numerosam.
1681 1476 1891 1516 Censores
1903 1475 2022 1516 vide-

1132 1536 1256 1588 licet,
1283 1537 1568 1589 multiplicato
1596 1550 1746 1589 censu,
1768 1538 1941 1580 aerarios
1960 1536 2024 1578 fe-

1135 1604 1292 1640 cerunt
1322 1600 1517 1652 coelibes,
1547 1601 1654 1654 sive,
1684 1608 1734 1641 ut
1765 1602 1861 1653 ipse
1892 1601 2024 1642 Vale-

1135 1663 1225 1703 rius
1255 1663 1336 1704 bac
1368 1665 1464 1716 ipsa
1490 1664 1534 1704 in
1568 1677 1615 1705 re
1649 1670 1751 1705 ante
1787 1664 1915 1715 dixit,
1935 1677 2025 1705 aera

1135 1738 1273 1779 poenae
1287 1728 1458 1769 nomine
1477 1727 1665 1781 pendere
1677 1728 1914 1780 jusserunt.
1969 1728 2025 1768 Id

1135 1804 1254 1835 more
1285 1805 1360 1833 suo
1381 1792 1578 1834 Valerius
1614 1792 1826 1844 alludens,
1846 1791 1934 1844 Ite,
1950 1792 2027 1843 ait,

1135 1857 1315 1909 pendite
1344 1869 1615 1898 numerosam
1648 1856 1807 1908 stipem
1833 1855 1876 1895 in
1907 1867 2026 1896 usum

1136 1932 1374 1962 numerosae
1396 1921 1684 1974 posteritatis.
1741 1919 1916 1972 Lipsius.

1191 1986 1215 2038 ς
1246 1988 1274 2026 2
1302 1985 1478 2038 Horam,
1520 1984 1611 2038 εμπ]
1639 1983 1816 2036 Contig.
1865 1981 1918 2023 A.
1966 1981 2026 2022 U.

1136 2058 1327 2091 ncxnvr.

1193 2114 1216 2166 §
1235 2116 1260 2154 3
1282 2112 1448 2153 Porcius
1470 2110 1590 2163 Cato]
1617 2110 1667 2151 1..
1686 2109 1915 2153 Quinctius
1931 2109 2029 2148 Fla-

1137 2176 1293 2216 minius
1307 2175 1553 2217 Consularis
1566 2179 1729 2227 praeter
1742 2173 1841 2225 alia,
1854 2185 1950 2225 quae
1967 2172 2030 2211 illi

1138 2238 1461 2292 objiciebantur
1505 2250 1531 2279 a
1575 2250 1742 2279 morum
1795 2237 2032 2290 magistris,

1140 2302 1412 2343 crudelitatis
1441 2314 1612 2355 quoque
1630 2301 1675 2342 in
1693 2301 1936 2353 supplicem
1955 2313 2032 2340 no-

1140 2370 1229 2406 tam
1247 2366 1446 2418 incurrit,
1462 2371 1594 2418 atque
1613 2365 1774 2405 Senatu
1795 2368 1934 2404 motus
1948 2370 2034 2404 est.

1141 2429 1397 2481 Exemplum
1410 2428 1601 2481 prodidit
1613 2427 1916 2468 disertissimus
1931 2427 2032 2467 His-

1142 2492 1307 2533 toricus
1326 2492 1376 2532 Τ.
1395 2491 1539 2532 Livius
1558 2490 1636 2531 lib.
1658 2500 1830 2531 xxxrx.
1886 2489 2034 2530 Habe-

1142 2554 1219 2595 bat
1257 2556 1308 2596 L.
1335 2554 1568 2597 Quinctius
1598 2553 1642 2593 in
1662 2552 1832 2593 deliciis
1870 2551 2035 2604 Philip-

1144 2630 1245 2671 pum
1260 2619 1476 2672 quendam
1493 2617 1692 2668 Poenum,
1709 2615 1901 2669 ejusdem
1918 2628 2035 2656 amo·

1144 2682 1260 2723 ribus
1305 2681 1499 2723 efflictim
1559 2694 1606 2723 se
1668 2681 2033 2733 emancipaverat.

1143 2746 1273 2798 AEgre
1301 2746 1420 2786 illum
1447 2746 1585 2786 Roma
1613 2744 1658 2786 in
1690 2744 1889 2796 Galliam,
1906 2755 2035 2796 quam

1144 2809 1420 2850 Provinciam
1452 2809 1613 2851 Consul
1654 2808 1900 2859 obtinebat,
1940 2807 2038 2848 abs·

1145 2878 1352 2913 traxerat.
1408 2872 1532 2913 Inter
1554 2872 1682 2925 jocos
1715 2877 1762 2912 et
1800 2870 2039 2912 cavillatio-

1145 2947 1220 2976 nes
1252 2935 1385 2976 semel
1420 2942 1552 2989 atque
1577 2935 1733 2976 iterum
1754 2935 1928 2976 Consnli
1960 2946 2035 2974 na-

1146 3012 1240 3040 sum
1259 3006 1468 3050 moverat‚
1487 2999 1863 3052 atque'objecerat
1883 3011 1929 3039 se
1950 2999 2037 3039 vel-

1148 3063 1214 3103 uti
1243 3063 1427 3103 invitum
1449 3062 1572 3103 Urbe
1601 3068 1771 3114 raptum
1804 3072 1914 3112 esse,
1932 3061 2033 3100 dum

1149 3126 1454 3176 gladiatorium
1504 3131 1817 3177 expectaretur
1866 3129 2036 3175 specta·

1148 3189 1306 3240 culum,
1335 3193 1385 3228 ut
1406 3187 1642 3239 >impotenti
1672 3187 1786 3227 illius
1818 3185 1952 3225 amori
1990 3197 2037 3224 se

1149 3251 1407 3291 venditaret.
1463 3251 1577 3291 Haec
1602 3248 1879 3301 exprobratio
1900 3259 2036 3300 pupu-

1150 3315 1214 3367 git
1234 3313 1422 3354 animum
1443 3313 1656 3363 Consulis,
1669 3317 1715 3352 et
1728 3323 1843 3351 caeco
1858 3312 2037 3353 consilio

1151 3376 1206 3418 ad
1238 3382 1364 3417 atrox
1397 3381 1527 3429 atque
1559 3376 1742 3415 immane
1778 3373 1944 3414 facinus
1973 3375 2036 3415 in-

1150 3440 1397 3483 flammavit.
1451 3439 1560 3479 Cum
1579 3438 1694 3477 enim
1708 3436 1809 3487 ,vino
1828 3443 1874 3476 et
1893 3450 2037 3478 amore

1150 3503 1412 3552 incaluisset,
1428 3499 1581 3553 quibus
1594 3498 1760 3539 duobus
1778 3499 1937 3540 nullum
1960 3512 2037 3553 po.
