2346 3996
578 284 840 325 VALERH
882 283 1125 323 MAXIMI

280 405 366 446 Nec
381 415 604 457 responsum
621 401 764 454 ullum]
792 399 948 454 Polyb.
966 400 1038 442 lib.
1058 413 1103 443 v.

222 469 433 510 et-Livins
460 468 535 509 lib.
554 478 642 508 xn.
682 466 905 507 Plutarch.
935 465 979 504 in
1010 464 1102 505 Vit.

221 533 277 574 de
311 533 391 573 hac
428 530 655 573 Annibalis
694 530 900 584 superbia
939 534 1103 571 tacent.

228 598 394 638 Con-ad.

274 660 420 701 Paucis
446 660 571 714 dieb.]
609 659 754 701 Livius
791 657 914 711 dicit,
951 658 1103 711 quinto

219 721 307 762 die.

273 787 342 838 §4
372 786 539 828 Diverso
560 786 674 838 foro]
707 786 822 828 Quia
849 797 934 827 non
951 785 1102 826 eodem

218 850 337 901 plebi
367 857 414 891 et
445 851 710 904 principibus
736 852 837 903 jura
866 850 1102 891 reddeban-

220 918 307 958 tur,
335 915 410 954 sed
430 915 580 954 alteris
601 915 738 954 altero
758 913 869 953 foro.
900 914 1049 954 Oliver.

277 977 391 1017 CAP.
418 989 484 1018 vi.
543 977 642 1017 Tum
676 977 824 1028 certus]
865 976 921 1016 Et
952 977 1104 1027 praeci-

221 1051 308 1092 pue
340 1039 508 1081 fructus
534 1045 684 1080 7certus
719 1045 802 1089 est,
833 1050 930 1080 cum
950 1039 1038 1091 ille,
1059 1040 1104 1080 in

219 1114 348 1155 quem
383 1102 565 1155 pertidia
596 1103 853 1154 intenditur,
883 1103 1102 1144 involutus

219 1164 418 1217 fallaciis,
455 1164 694 1205 crudeliter
731 1171 973 1216 tractatur;
1003 1179 1102 1207 nam

218 1238 315 1268 cum
345 1226 540 1280 perfidiae
565 1226 740 1268 additur
757 1228 1009 1280 crudelitas,
1030 1230 1103 1271 de-

218 1290 461 1331 testabilius
479 1290 584 1330 nihil
602 1303 697 1331 esse
719 1297 881 1344 potest.
912 1293 1020 1335 Oliv.

272 1354 296 1406 ς
325 1357 347 1394 1
378 1353 449 1406 Sp.
473 1354 681 1406 Tarpeius]
698 1356 925 1407 Legendus
941 1356 1104 1407 Livius,

218 1417 470 1470 Dionysius,
487 1419 761 1460 Plutarchus.
817 1420 989 1460 Servius
1013 1422 1103 1465 Da-

219 1481 343 1521 nielis
372 1481 427 1521 ad
458 1481 626 1523 AEneid.
658 1494 764 1523 vm.
801 1484 1018 1536 ‘Tarpeia
1037 1498 1102 1525 se-

219 1544 296 1584 des
307 1544 430 1585 dicta
448 1550 514 1586 est
532 1558 558 1586 a
574 1546 761 1599 Tarpeia
777 1548 959 1599 virgine.
993 1550 1101 1591 Cum

218 1607 331 1648 enim
364 1608 568 1649 Romulus
600 1616 755 1651 contra
780 1612 958 1653 Sabinos
990 1614 1102 1656 bella

218 1676 444 1724 tractaret,
462 1678 510 1713 et
534 1674 725 1727 Tarpeio
755 1675 926 1716 cuidam
958 1677 1101 1718 dedis·

220 1741 288 1776 set
304 1747 448 1778 arcem
460 1737 679 1790 tuendam,
690 1738 779 1779 filia
794 1740 833 1792 ej
841 1753 887 1779 us
901 1741 1102 1796 Tarpeia,

218 1805 422 1853 aquatum
442 1800 658 1854 profecta,
684 1803 728 1843 in
748 1803 894 1845 hostes
915 1805 1069 1848 incidit
1086 1820 1098 1848 ε

218 1875 346 1917 quam
374 1877 471 1906 cum
498 1866 777 1909 hortarentur
807 1868 859 1909 ad
895 1871 1098 1922 proditio-

216 1939 314 1968 nem
342 1929 469 1981 areis,
500 1929 578 1970 illa
606 1943 686 1984 pro
705 1932 880 1984 praemio
900 1935 1099 1986 poposcit

215 1998 414 2033 ornatum
434 2006 632 2035 manuum
650 1996 935 2048 sinistrarum,
954 1998 997 2038 id
1013 2006 1100 2053 est,

215 2057 419 2098 armillas.
475 2058 609 2116 Facta
642 2059 788 2113 itaque
817 2061 929 2101 arcis
957 2063 1100 2114 prodi-

216 2123 353 2177 tione,
388 2125 534 2166 hostes
570 2126 794 2180 ingeniosa
828 2134 965 2169 morte
1001 2141 1098 2181 pro·

216 2187 346 2229 missa
363 2189 599 2230 solverunt.
654 2190 767 2230 Nam
794 2196 932 2243 scuta,
953 2191 996 2231 id
1016 2197 1099 2243 est,

215 2251 486 2293 sinistrarum
520 2265 721 2294 manuum
753 2260 1005 2295 ornamenta
1033 2268 1101 2296 su·

216 2314 431 2366 perillam
460 2315 694 2368 jacientes,
726 2329 819 2357 eam
850 2317 940 2357 vita
958 2306 1098 2370 priva·

215 2385 340 2420 runt:
362 2391 458 2433 quae
477 2380 564 2420 illic
585 2381 771 2432 sepulta,
785 2381 985 2434 Tarpeiae
1005 2383 1098 2424 sedi

216 2455 371 2483 nomen
394 2443 626 2495 imposuit!
658 2445 787 2486 Coler.

275 2507 501 2559 Virginem]
553 2508 676 2548 illam
707 2521 811 2550 auro
848 2515 1096 2564 corruptam

216 2571 287 2611 alii
310 2571 519 2612 referunt.

269 2636 292 2687 ξ
319 2638 347 2675 2
377 2636 477 2675 Octo
494 2636 640 2688 millia]
679 2636 786 2688 Alii,
803 2650 936 2680 novem
955 2640 1094 2684 millia.

269 2702 356 2748 Quo
364 2700 563 2752 facinore,
579 2702 669 2754 θα]
699 2704 906 2745 Quamvis
928 2707 1095 2747 Lusita-

213 2777 363 2806 norum
393 2766 539 2806 clades
570 2767 753 2807 maxima
780 2766 926 2820 fuerit,
956 2771 1096 2823 majus

210 2834 356 2871 tamen
390 2829 547 2871 Gatbae
572 2832 750 2884 crimen,
775 2832 1096 2876 detestabilior-

214 2905 299 2946 que
317 2893 499 2946 perfidia
513 2893 611 2936 fuit.
642 2895 751 2936 Otiv.

266 2958 291 3009 ξ
317 2960 343 2998 3
375 2959 452 2999 Cn.
490 2963 622 3000 autem
672 2960 914 3014 Domitium]
960 2962 1094 3018 Atqui

211 3007 412 3061 Fabium
425 3020 634 3063 adversus
667 3022 783 3064 hunc
813 3037 958 3077 regem
986 3039 1093 3080 pug-

210 3095 333 3125 nasse
364 3085 558 3126 scribunt
589 3085 684 3127 Liv.
713 3087 790 3128 lib.
807 3098 901 3128 ιιι.
919 3094 964 3128 et
982 3090 1094 3130 0r·o

211 3147 298 3188 sius
334 3148 410 3188 lib.
448 3159 492 3190 v.
521 3161 565 3190 c.
593 3152 661 3191 14.
690 3151 859 3191 Cor-rad.
916 3152 1092 3206 Contig.

210 3211 267 3252 A.
286 3211 342 3252 U.
356 3221 578 3254 ncxxxn.

266 3275 403 3316 Iratus
415 3287 578 3328 numque
596 3275 756 3316 Bituito
772 3277 880 3330 regi]
910 3277 982 3318 Ita
1001 3279 1091 3318 vul·

213 3349 282 3389 go.
333 3337 666 3401 Corrigendum‚
701 3340 882 3391 Betulio,
918 3353 975 3381 ex
1004 3341 1091 3384 fide

212 3400 377 3454 antiqui
412 3403 650 3454 marmoris,
683 3403 795 3456 quod
829 3404 1091 3458 triumphum

211 3463 267 3504 de
299 3463 451 3505 eodem
474 3465 556 3505 hoc
575 3477 677 3519 rege
701 3466 826 3507 nobis
854 3480 1091 3520 repraesen·

211 3534 279 3568 tat
323 3526 450 3571 fastis
498 3529 756 3583 Capitolinis
802 3531 1089 3575 inserendum.

1167 285 1284 325 Lis.
1327 287 1417 326 lx.
1459 287 1596 328 CAP.
1622 275 1674 327 6.
1906 276 2050 330 1349

1169 403 1268 444 Hoc
1290 404 1427 457 ipsum
1448 404 1641 446 inveniet
1661 402 1876 444 studiosus
1894 406 1939 445 in
1957 418 2052 446 nos-

1169 466 1248 506 tris
1265 467 1518 508 Annalibus.
1552 467 1672 518 Pigh.

1223 531 1507 582 Arvernorum]
1563 529 1720 583 Populi
1761 535 1858 570 sunt
1897 530 2050 572 Galliae

1167 592 1474 644 Transalpinae.

1231 656 1380 696 Viriati
1395 658 1514 697 etiam
1533 657 1674 709 coedes]
1705 656 1900 698 Perfidia
1919 670 2052 711 quan-

1168 725 1322 772 topere
1343 721 1501 772 populo
1535 722 1659 762 Rom.
1690 721 1976 774 displicuerit,
1997 733 2051 762 ex

1167 785 1249 824 hoc
1264 785 1461 835 exemplo
1482 785 1685 836 cognosci
1714 790 1875 837 potest,
1893 792 1941 825 ut
1966 797 2052 825 non

1168 849 1303 889 solum
1323 848 1465 888 oderit
1484 849 1596 887 illam
1625 849 1666 888 in
1697 848 1873 900 amicos,
1903 860 2051 889 verum

1168 912 1297 952 etiam
1317 911 1359 951 in
1379 911 1542 963 hostes,
1560 917 1608 951 ut
1631 912 1712 950 hoc
1733 912 1829 952 loco
1848 911 1891 951 in
1908 912 2052 952 Viria-

1167 981 1275 1017 tum.
1340 975 1442 1016 Fuit
1487 980 1633 1015 autem
1682 974 1892 1026 Viriatus,
1934 980 2052 1016 teste

1166 1039 1335 1081 Autore
1361 1040 1416 1080 de
1448 1039 1565 1079 Viris
1598 1038 1859 1089 Illustribus‚
1893 1050 2052 1091 genere

1167 1104 1413 1154 Lusitanus,
1460 1102 1517 1144 ob
1569 1107 1871 1156 paupertatem
1913 1102 2053 1155 primo

1167 1168 1475 1218 mercenarius,
1493 1166 1654 1207 deinde
1677 1166 1906 1207 alacritate
1926 1178 2054 1207 vena·

1167 1236 1252 1282 tor,
1266 1231 1447 1271 audacia
1462 1231 1590 1282 latro,
1603 1230 1657 1270 ad
1673 1236 1933 1282 postremum
1949 1229 2051 1278 dux,

1167 1294 1325 1336 bellum
1361 1295 1565 1335 adversus
1602 1295 1818 1334 Romanos
1856 1294 2053 1346 sumpsit,

1166 1369 1401 1412 eorumque
1451 1359 1757 1410 imperatorem
1824 1357 2051 1399 Claudium

1165 1423 1443 1472 Unimanum,
1462 1422 1622 1462 deinde
1651 1423 1701 1462 C.
1735 1421 1956 1472 Nigidium
1976 1434 2052 1473 op-

1165 1487 1353 1538 pressit3
1375 1498 1526 1539 pacem
1549 1486 1700 1526 maluit
1717 1498 1742 1525 a
1757 1485 1927 1537 Popilio
1943 1485 2053 1524 inte-

1165 1562 1243 1601 ger
1263 1555 1429 1602 petere‚
1458 1563 1587 1603 quam
1610 1550 1766 1598 victus,
1786 1555 1830 1588 et
1851 1561 1946 1588 cum
1967 1549 2052 1588 alia

1164 1612 1371 1663 dedisset,
1406 1619 1451 1653 et
1484 1624 1601 1653 arma
1633 1612 1942 1662 adimerentur,
1963 1611 2051 1650 bel-

1164 1676 1250 1716 lum
1278 1677 1517 1717 renovavit.
1574 1675 1722 1728 Caepio
1750 1688 1847 1716 cunt
1876 1675 2050 1716 vincere

1163 1740 1291 1780 aliter
1310 1753 1394 1781 non
1415 1745 1579 1793 posset,
1607 1739 1714 1779 duos
1743 1739 1955 1780 satellites
1975 1751 2053 1791 pe-

1163 1804 1292 1844 cunia
1324 1804 1535 1856 corrupit,
1580 1803 1655 1856 qui
1692 1802 1910 1843 Viriatum
1951 1802 2050 1842 vino

1165 1869 1354 1922 sopitum
1371 1873 1663 1921 peremerunt.
1720 1868 1828 1911 Quae
1849 1867 2050 1920 victoria,

1162 1932 1265 1986 quia
1281 1938 1429 1986 empta
1460 1937 1572 1984 erat,
1604 1945 1629 1972 a
1656 1932 1820 1972 Senatu
1839 1943 1925 1971 non
1953 1944 2048 1984 pro-

1164 1997 1280 2039 bata.
1351 1997 1646 2038 Abbreviator
1682 1996 1736 2036 T.
1772 1994 1913 2036 Livii:
1960 1996 1972 2018 ‘
1994 1996 2049 2038 Q.

1163 2062 1350 2114 Fabius,’
1369 2062 1524 2116 inquit,
1550 2062 1563 2085 ‘
1581 2061 1829 2114 proconsul,
1859 2059 1985 2100 rebus
2003 2060 2048 2100 in

1163 2128 1379 2179 Hispania
1410 2138 1616 2181 prospere
1649 2125 1796 2178 gestis,
1814 2124 1954 2164 labem
1973 2124 2048 2164 im-

1163 2193 1324 2243 posuit,
1347 2203 1454 2243 pace
1474 2203 1572 2232 cum
1590 2189 1763 2230 Viriato
1793 2187 1927 2240 aequis
1946 2200 2046 2228 con·

1161 2254 1395 2296 ditionibus
1409 2254 1544 2295 facta.
1599 2253 1792 2293 Viriatus
1814 2264 1839 2291 a
1855 2251 2047 2304 prodito-

1160 2319 1278 2360 ribus
1318 2320 1499 2360 consilio
1535 2317 1706 2359 Servilii
1735 2315 1952 2368 Caepionis
1982 2316 2045 2355 in-

1161 2386 1401 2436 teremptus
1440 2389 1526 2434 est,
1557 2389 1602 2423 et
1634 2381 1689 2422 ab
1717 2380 1912 2421 exercitu
1952 2380 2044 2432 ejus

1159 2447 1343 2487 multum
1387 2446 1652 2500 deploratus,
1691 2457 1742 2485 ac
1780 2443 2043 2484 nobilissime

1160 2511 1394 2551 tumulatus
1412 2525 1423 2550 z
1453 2511 1516 2550 vir
1535 2510 1708 2563 duxque
1726 2508 1952 2559 maximus,
1968 2519 2045 2559 per

1159 2573 1485 2626 quatuordecim
1503 2585 1655 2623 annos,
1672 2572 1825 2624 quibus
1841 2583 1938 2611 cum
1960 2571 2043 2612 Ro-

1159 2636 1295 2676 manis
1326 2636 1485 2676 bellum
1506 2637 1654 2689 gessit,
1686 2634 1955 2689 frequentius
1975 2647 2042 2675 sue

1158 2699 1331 2752 perior.'
1362 2701 1511 2740 Oliver.

1212 2763 1425 2816 Duplicem
1444 2761 1639 2816 perfidiae]
1681 2761 1859 2803 Orosius
1879 2761 1958 2803 lib.
1977 2773 2040 2805 iv.

1157 2838 1251 2879 cap.
1264 2830 1305 2868 2.
1320 2826 1375 2867 de
1391 2826 1547 2866 Fabio:
1562 2831 1574 2848 ‘
1589 2825 1711 2867 Fecit
1728 2824 1894 2866 facinus
1910 2826 2039 2866 etiam

1157 2890 1321 2931 ultimis
1341 2890 1536 2931 barbaris
1553 2890 1761 2946 Scythiae,
1782 2902 1867 2930 non
1895 2890 2037 2931 dicam

1156 2953 1362 2995 Romanae
1398 2952 1500 2995 fidei
1527 2958 1573 2995 et
1603 2953 1886 2994 moderationi
1917 2966 2039 2994 exse-

1156 3017 1337 3060 crabile.
1390 3019 1651 3071 Quingentis
1689 3019 1800 3058 enim
1831 3017 2035 3069 principi-

1156 3080 1235 3121 bus
1263 3093 1428 3134 eorum,
1456 3095 1562 3135 quos
1595 3082 1805 3122 societate
1834 3081 2038 3120 invitatos

1156 3144 1388 3187 deditionis
1421 3146 1523 3199 jure
1583 3150 1845 3197 susceperat,
1887 3155 2036 3184 manus

1155 3209 1386 3260 praecidit:
1458 3209 1544 3250 Sed
1591 3220 1719 3262 quam
1760 3207 1839 3246 hoc
1877 3207 2034 3246 leuiter

1153 3274 1375 3314 Valerius!
1416 3274 1503 3314 Vix
1521 3271 1785 3326 perstringit.
1817 3270 1945 3311 Celer.

1208 3336 1290 3378 Sed
1306 3336 1422 3389 emit]
1440 3335 1630 3376 Praemia
1648 3339 1789 3374 tamen
1811 3343 2032 3384 percusso-

1152 3399 1273 3441 ribus
1286 3401 1458 3453 negata.
1515 3397 1694 3440 Orosius
1709 3395 1813 3435 inibi
1833 3408 1844 3435 ε
1864 3400 1876 3418 ⁸
1892 3395 2032 3435 Viria-

1153 3471 1221 3506 tus
1241 3472 1402 3515 autem‚
1421 3476 1515 3504 cum
1531 3473 1606 3514 per
1625 3458 1943 3513 quatuordecim
1960 3471 2034 3501 an·

1153 3542 1230 3573 nos
1265 3531 1479 3573 Romanos
1506 3526 1637 3568 duces
1667 3530 1795 3578 atque
1814 3524 2030 3565 exercitus
