2358 4036
356 226 463 278 912

355 358 556 407 adulatio,
584 354 703 408 qnasi
734 353 864 394 totius
893 352 1075 392 universi
1095 351 1223 402 Regi—

354 433 451 461 men
473 430 602 471 penes
634 419 845 457 Romanos
875 414 1040 454 fuisset.
1095 413 1224 453 Ridet

355 485 446 524 haec
464 481 725 534 Septentrio,
741 484 785 519 et
799 489 1013 530 nunquam
1034 478 1075 516 in
1086 482 1222 516 totum

357 547 549 587 devictus
588 545 756 584 Oriens.
827 541 937 582 Vide
958 541 1145 593 Lipsium
1169 540 1222 580 de

354 609 653 661 Magnitudine
674 609 874 647 Romana.

408 673 501 711 Mea
515 671 708 723 parvitas]
734 669 880 709 Utitur
898 667 1103 707 vocabulo
1127 667 1222 705 Tul·

354 735 432 773 lius
454 735 505 773 de
526 732 819 782 universitate,
847 729 923 770 sed
943 730 984 769 in
1016 728 1221 780 signitica-

354 798 469 838 tione
505 795 768 849 quantitatis.
841 794 946 835 Quae
981 792 1100 833 cerni
1137 803 1221 831 non

350 865 524 912 possent
538 863 711 911 propter
722 856 991 909 parvitatem.
1023 853 1219 894 Valerius

352 928 493 962 autem
514 934 590 973 pro
615 921 783 960 vilitate
815 919 950 970 ponit,
984 919 1051 958 vel
1081 916 1219 968 parvi-

354 991 473 1035 tate3
502 998 586 1037 qua
614 973 658 1024 in
688 982 991 1035 significatione
1022 982 1114 1032 ejus
1135 980 1217 1031 pri-

350 1049 498 1088 mitivo
545 1047 740 1099 ‘parvus’
770 1058 883 1097 saepe
917 1049 1085 1084 veteres
1119 1048 1217 1082 sunt

350 1112 429 1152 usi.
485 1111 600 1151 Huic
619 1110 831 1150 contraria
860 1121 944 1148 vox
975 1113 1043 1147 est
1071 1108 1216 1158 ‘gran-

351 1173 491 1225 ditas‚’
518 1174 655 1213 Tullio
674 1177 876 1224 usurpata
894 1172 938 1211 in
956 1172 1110 1218 Bruto,
1138 1182 1215 1222 pro

349 1237 679 1278 Demosthenica
697 1235 916 1286 σεμνότητι,
948 1234 991 1273 id
1020 1239 1100 1286 est,
1124 1246 1217 1283 gra-

348 1300 470 1339 vitate
497 1300 708 1339 verborum.
738 1298 928 1349 Pighius.

401 1368 426 1403 6
458 1366 610 1403 Coetera
626 1362 832 1412 divinitas]
863 1360 1035 1410 Caeteri‚
1067 1359 1219 1410 inquit,

347 1427 419 1466 Dii
454 1432 617 1466 tantum
650 1425 845 1476 opinione
873 1422 1147 1474 colliguntur,
1174 1421 1218 1460 id

347 1496 426 1541 est,
457 1487 747 1529 tantummodo
780 1486 965 1526 homines
993 1485 1219 1537 opinantur

346 1558 526 1592 caeteros
546 1565 639 1591 esse
658 1552 790 1600 Deos,
819 1550 891 1602 qui
911 1562 983 1589 eos
1002 1562 1217 1601 nunquam

350 1617 556 1655 viderint:
572 1615 766 1653 Caesares
778 1619 919 1652 autem
935 1611 1080 1652 vident
1091 1625 1102 1662 ;
1115 1623 1216 1664 ergo

349 1685 602 1719 caeterorum
618 1676 787 1729 quidem
806 1678 995 1715 Deorum
1013 1675 1118 1714 fides
1136 1679 1217 1726 est,

344 1742 418 1780 sed
440 1743 627 1790 incerta3
649 1741 861 1779 Caesarum
874 1745 1015 1778 autem
1033 1750 1216 1790 praesens

347 1810 392 1844 et
430 1809 574 1844 certa:
611 1802 712 1855 quia
748 1802 820 1840 Dii
859 1802 1047 1842 Caesares
1083 1801 1216 1840 oculis

346 1868 446 1918 ipsis
485 1866 834 1919 conspiciuntur:
882 1877 984 1916 ergo
1024 1865 1125 1917 quia
1163 1864 1217 1904 de

347 1930 586 1969 Caesaribus
623 1928 729 1968 fides
774 1934 841 1967 est
886 1928 1043 1967 certior
1088 1933 1216 1979 atque

347 1994 615 2045 praesentior,
648 2004 771 2044 quam
817 1992 869 2031 de
906 1990 1077 2031 caeteris
1108 1990 1217 2040 Diis,

348 2062 468 2096 tanto
491 2056 645 2107 justius
677 2068 755 2106 ego
774 2059 893 2094 tuum
915 2066 1070 2093 numen
1102 2054 1219 2093 invo-

347 2120 458 2170 cavi,
485 2131 611 2171 quam
649 2123 902 2157 caeterorum
942 2118 1128 2156 Deorum
1166 2117 1219 2156 ab

346 2182 600 2222 Oratoribus
619 2187 663 2222 et
677 2182 823 2222 Poetis
839 2182 1103 2222 invocantur.
1136 2182 1220 2221 Oli-

348 2258 428 2286 ver.

928 235 1102 274 NOTAE
1148 233 1221 271 vA
1237 232 1477 272 RIORUM
1522 229 1586 269 IN

1344 352 1518 390 Paterno
1550 349 1727 399 avitoque
1755 340 1896 398 sideri]
1929 346 2090 389 Julinm
2119 351 2166 388 et

1291 415 1532 467 Augustum
1552 415 1777 466 intelligit3
1797 426 1894 453 nam
1914 413 2039 453 ambo
2064 424 2164 453 con-

1291 478 1443 517 secrati
1466 483 1560 528 post
1575 481 1771 527 mortem,
1788 481 1838 514 ut
1852 479 2050 516 auctores
2065 478 2166 515 sunt

1290 539 1532 584 Suetonius,
1561 539 1831 588 Plutarchus,
1859 537 1962 583 Dio,
1995 537 2163 577 Plinius

1292 607 1336 642 et
1362 603 1445 642 alii.
1501 602 1585 642 Qui
1623 601 1726 640 item
1757 601 1893 641 stellae
1926 600 2092 641 crinitae
2119 600 2164 640 in

1290 665 1610 706 consecratione
1627 665 1655 705 J
1660 663 1733 703 ulii
1753 664 1936 704 Caesaris
1954 663 2058 703 visae
2077 675 2164 703 me-

1291 730 1518 768 minerunt.
1575 727 1801 778 Virgilius:
1831 733 1842 750 ‘
1865 727 1981 767 Ecce
1999 727 2167 768 Dionaei

1289 792 1499 844 processit
1519 791 1700 831 Caesaris
1719 789 1911 830 astrum!
1930 789 2138 830 Horatius
2155 805 2167 831 ι

1290 854 1453 894 ‘Micat
1488 854 1603 893 inter
1638 865 1784 893 omnes
1819 853 1984 894 Julinm
2033 853 2167 904 sidus,

1288 918 1406 956 velut
1457 917 1569 957 inter
1620 917 1740 969 ignes
1786 909 1908 957 Luna
1940 916 2165 957 minores!

1285 979 1470 1029 Pighius.

1340 1042 1602 1093 Ceremoniis]
1618 1042 1888 1094 Ceremonia,
1902 1042 2009 1082 ritus
2029 1053 2165 1083 sacer.

1285 1104 1353 1145 Ab
1365 1104 1525 1157 oppido
1542 1105 1664 1145 Caere
1677 1104 1835 1145 dictam
1847 1105 1984 1146 voluit
1996 1105 2168 1145 Festus.

1286 1168 1508 1219 Nonnulli,
1530 1173 1575 1208 et
1596 1169 1759 1219 melius,
1786 1181 1812 1208 a
1829 1169 2005 1209 Cerere.
2049 1167 2166 1208 Hinc

1287 1232 1464 1272 Glossa:
1487 1230 1727 1284 ceremonia,
1744 1231 1958 1284 Δημητρία.
1986 1230 2165 1283 Joseph.

1287 1295 1494 1346 Scaliger.
1515 1299 1526 1317 ‘
1540 1295 1696 1335 Cerum
1710 1294 1929 1335 sanctum'
1949 1294 2166 1334 veteribus

1288 1357 1374 1397 dici
1419 1356 1638 1397 ostendit:
1685 1357 1799 1397 unde
1841 1358 1977 1399 Janus
2009 1356 2168 1397 dicitur

1288 1420 1300 1443 ‘
1318 1420 1451 1459 Cerus
1466 1419 1643 1467 manus‚'
1662 1421 1705 1460 id
1723 1426 1804 1468 est,
1825 1419 1999 1462 creator
2018 1420 2169 1471 bonus,

1285 1483 1328 1522 in
1355 1483 1508 1523 Saliari
1541 1484 1742 1525 carmine.
1789 1484 1906 1524 Hinc
1935 1484 2163 1525 ‘Ceremo-

1284 1547 1389 1586 niae'
1421 1547 1671 1588 vocabulum
1691 1547 1882 1588 deducit.

1342 1613 1547 1652 Claritatis
1582 1612 1764 1663 accessit]
1797 1611 2165 1654 Quemadmodum

1283 1674 1417 1715 fastos
1438 1677 1707 1716 correxerint
1718 1676 1858 1718 Julius
1871 1681 1914 1715 et
1929 1675 2166 1728 Augustus,

1285 1738 1510 1790 pontifices
1528 1739 1714 1786 maximi,
1730 1744 1774 1779 et
1789 1751 1885 1792 quae
1907 1751 2028 1779 sacra
2045 1751 2166 1779 cere.

1284 1802 1517 1851 moniasve,
1553 1803 1621 1841 vel
1657 1814 1787 1842 novas
1830 1801 2169 1854 introduxerint,

1284 1864 1353 1904 vel
1370 1870 1580 1905 vetustate
1597 1864 1778 1905 abolitas
1791 1866 1833 1904 in
1851 1877 1972 1906 usum
1992 1877 2166 1905 revoca-

1286 1927 1389 1978 rint,
1418 1939 1607 1980 quasque
1638 1928 1742 1968 item
1780 1928 1894 1968 aedes
1928 1940 2086 1978 sacraS,
2114 1940 2166 1968 ac

1286 1991 1450 2042 templa
1481 1991 1780 2042 restaurarint,
1807 1993 1877 2032 vel
1905 2004 2036 2032 novas
2053 1990 2168 2032 fece-

1288 2054 1389 2100 rint,
1419 2054 1545 2093 latius
1576 2054 1790 2106 intelliges
1811 2067 1866 2094 ex
1883 2055 2040 2105 Dione,
2059 2055 2164 2095 Sue-

1289 2117 1419 2168 tonio,
1454 2117 1706 2169 Plutarcho,
1739 2117 1886 2158 Ovidii
1921 2117 2076 2164 Fastis,
2123 2122 2168 2156 et

1290 2181 1398 2221 aliis.
1428 2180 1614 2231 Pighius.
2023 2191 2025 2193 ·

1055 2650 1332 2712 LIBER
1402 2652 1460 2710 Ι.

406 2825 515 2864 CAP.
534 2837 565 2864 1.
601 2827 662 2876 §1
704 2826 894 2877 Majores]
936 2828 1166 2868 Exorditur
1195 2842 1219 2868 a

347 2888 493 2938 primis
548 2890 880 2929 ceremoniarum
938 2891 1219 2931 Romanarum

348 2949 659 3001 fundamenti53
685 2965 809 3004 quem
836 2954 974 2992 locum
1007 2953 1117 2992 haud
1145 2953 1220 2993 du-

353 3012 421 3052 bio
455 3014 652 3053 Valerius
680 3026 732 3053 ex
761 3015 980 3054 Ciceronis
1012 3015 1220 3055 Oratione

349 3075 402 3115 de
422 3075 677 3128 Aruspicum
697 3078 927 3128 Responsis
959 3084 1026 3118 est
1060 3083 1224 3118 mutua-

353 3144 435 3179 tus.
490 3140 641 3192 Itaque
680 3152 774 3179 cum
810 3140 925 3179 varia
959 3146 1003 3179 et
1040 3140 1223 3180 obscura

353 3200 442 3250 ejus
461 3201 590 3241 lectio
624 3203 864 3254 reperiatur
897 3204 939 3242 in
973 3205 1220 3255 exemplari-

355 3262 450 3313 bus,
481 3265 643 3316 vulgari
674 3265 749 3304 illa
781 3266 946 3316 rejecta
978 3277 1071 3317 quae
1089 3271 1223 3306 statas

354 3326 642 3378 solemnesque
676 3329 945 3368 caeremonias
977 3328 1224 3379 pontificum

353 3388 549 3440 scientia,
564 3389 670 3429 bone
686 3390 962 3441 gerendarum
978 3402 1116 3430 rerum
1129 3403 1224 3431 auc-

1288 2829 1479 2881 toritate,
1492 2841 1697 2881 augurum
1709 2827 2022 2878 observatione,
2037 2826 2169 2879 Apol·

1286 2891 1386 2930 linis
1408 2892 1708 2942 praedictione,
1737 2900 1883 2932 vatum
1909 2891 2047 2941 libris,
2071 2903 2169 2942 por-

1289 2959 1504 2995 tentorum
1518 2956 1722 3008 depulsis,
1752 2957 1934 2996 Etrusca
1947 2954 2170 3005 disciplina

1291 3018 1497 3069 explicari
1513 3019 1620 3059 dicit
1637 3033 1647 3068 ;
1686 3019 1868 3070 probare
1885 3010 2169 3070 hancsmalim,

1291 3092 1385 3130 quae
1422 3081 1640 3121 Ciceronis
1678 3082 1907 3125 sententiae
1947 3087 1993 3122 et
2026 3080 2170 3121 verbis

1291 3155 1415 3193 quam
1438 3144 1616 3184 maxime
1645 3146 1864 3194 convenit,
1894 3150 1940 3185 et
1967 3143 2169 3197 quemad-

1290 3206 1461 3246 modum
1491 3208 1583 3258 ipse
1630 3208 1784 3248 Cicero
1818 3207 2036 3260 quaternis
2075 3217 2170 3245 sen-

1291 3268 1470 3308 tentiam
1509 3270 1708 3309 clausulis
1748 3270 1858 3310 finit.
1919 3269 2024 3320 Age,
2057 3279 2171 3308 nunc

1292 3332 1510 3383 utriusque
1548 3334 1735 3373 auctoris
1775 3333 1904 3372 verba
1933 3344 2011 3383 per
2038 3331 2170 3371 dictas

1294 3394 1502 3434 clausulas
1535 3395 1779 3446 singulatim
1815 3393 2103 3445 conferamus,
2124 3398 2169 3432 ut
