2346 3996
508 297 773 341 VALERu
817 290 1063 333 MAXIMI
1105 290 1227 329 ma.
1255 289 1392 329 v111.
1431 287 1569 328 cAP.
1596 274 1683 328 13.

188 435 235 470 et
251 422 534 478 Tragoediam,
561 416 736 471 reliquit
769 423 942 467 quoque
971 409 1074 450 His-

188 493 332 535 toi-iar.
353 489 486 531 libros
509 492 630 526 xvn.
664 485 777 521 teste
804 476 970 518 Suida:
1001 473 1074 525 qui

189 562 238 598 et
273 554 383 595 dicit
419 549 601 602 primum
637 544 890 585 Latinorum
928 537 1074 584 fuisse,

190 619 262 673 qui
276 621 401 671 gesta
415 614 666 655 Graecorum
683 607 837 649 Latine
852 603 1076 646 scriberet.

189 681 360 724 Bellum
379 687 551 731 qnoque
584 673 710 715 civile
741 667 1078 722 consignavit,a

189 756 275 800 quo
293 755 392 785 eum
412 740 611 781 deterret
630 735 837 778 Horatius
857 745 908 774 ιι.
929 732 1017 773 Od.
1040 733 1079 771 1.

189 811 244 852 In
263 809 379 851 bello
410 803 525 847 civili
556 815 582 843 a
614 801 808 854 partibus
839 799 965 840 stetit
985 797 1079 838 Cae·

192 876 316 926 saris,
334 879 384 914 ut
403 874 591 913 testatur
612 865 902 908 Plutarchus
891 877 934 906 m
953 864 1082 904 Pom-

195 938 309 992 peio.
345 934 520 978 Vossius.

251 1002 347 1043 Non
361 999 522 1041 minim
535 1009 631 1050 pars
652 994 822 1036 Romani
844 992 960 1047 styli]
988 991 1083 1044 Sig-

196 1066 349 1108 nificat
382 1065 497 1105 hunc
535 1059 910 1114 diligentissimum
951 1055 1086 1098 fuisse

197 1142 338 1172 rerum
360 1132 576 1181 gestarum
594 1125 875 1176 scriptorem,
902 1134 988 1163 non
1022 1122 1085 1162 in-

198 1199 268 1235 ter
283 1190 506 1234 inferiores
526 1187 935 1230 connumerandum.
960 1186 1068 1227 oliv.

255 1257 422 1297 Centum
449 1253 560 1295 illum
586 1257 626 1294 et
659 1252 835 1303 triginta
870 1262 990 1291 annos
1021 1263 1088 1291 exe

196 1320 359 1374 plevim
375 1316 666 1369 cmmemorat]
685 1316 758 1357 Ita
772 1316 916 1368 vulgo.
956 1316 1090 1366 Lege,

199 1385 312 1427 utin
339 1383 521 1426 Susiano
554 1388 601 1423 et
627 1381 973 1422 Pulmanniano:
1001 1391 1091 1419 cen-

201 1453 286 1490 tum
320 1449 435 1497 illum
466 1450 506 1487 et
541 1445 690 1497 viginti
737 1456 860 1486 annos
904 1443 1092 1495 explesse.

200 1512 510 1565 Astipulantur
529 1510 641 1550 enim
661 1509 759 1550 huic
788 1519 968 1548 numero
1000 1506 1093 1547 He-

203 1577 398 1628 rodotus,
429 1579 477 1616 et
510 1574 583 1614 alii
612 1574 703 1626 Jam
738 1572 843 1613 dicti
881 1575 1095 1621 auctores,

205 1640 364 1681 Cicero
389 1644 437 1679 et
461 1638 645 1679 Plinius.
674 1637 801 1687 Pigh.
860 1637 1028 1676 Centum
1046 1635 1095 1674 il-

204 1705 287 1745 lum
302 1707 342 1744 et
359 1701 530 1753 viginti]
550 1700 701 1742 Codex
716 1700 927 1751 DanieliS,
950 1709 1096 1740 cxxx.

207 1773 359 1810 contra
377 1754 662 1808 mutatione'm
682 1765 829 1816 Pighii
846 1778 859 1814 ;
878 1762 994 1817 quod
1010 1775 1098 1803 ma-

205 1832 271 1885 gis
306 1832 466 1884 placet.
521 1829 663 1882 Supra
692 1828 892 1868 Valerius
922 1838 1097 1879 expres-

207 1900 328 1938 serat
363 1906 589 1936 nnmerum
622 1896 716 1934 120.
746 1904 977 1942 annorum3
1002 1891 1098 1944 jam

207 1972 263 2001 ex
295 1958 444 2002 Asinio
480 1959 698 2011 aliquanto
738 1957 990 2008 ampliorem
1025 1955 1099 1995 ad-

203 2025 366 2078 jungit.
420 2024 537 2068 Quin
575 2032 621 2064 et
657 2023 827 2064 Plinius
865 2028 990 2064 autor
1031 2026 1102 2062 est

207 2089 533 2130 Anacreontem
559 2087 660 2128 huic
681 2086 978 2140 Arganthonio
1011 2089 1100 2126 150.

210 2165 346 2209 annos
366 2152 520 2193 vitales
534 2151 750 2192 tribuisse.
804 2151 928 2191 Idem
948 2151 1102 2191 Lucia-

213 2229 293 2257 nus
313 2216 482 2259 scribit.
537 2216 702 2256 Versus
719 2215 1008 2256 Anacreontis
1028 2226 1102 2254 ex-

216 2286 336 2322 stant
364 2281 479 2334 apud
508 2280 767 2321 Strabonem
792 2280 821 2320 l.
851 2290 920 2319 111.
975 2278 1103 2318 Silius

215 2343 419 2387 Italicus:
433 2343 827 2397 ‘Arganthoniacos
849 2348 988 2384 armat
1001 2343 1104 2383 Car-

218 2411 309 2452 teia
323 2414 529 2462 nepotes4·
551 2410 645 2449 Rex
662 2421 848 2461 proavus
859 2407 942 2449 fuit
959 2409 1104 2448 huma-

216 2475 262 2515 ni
281 2474 514 2516 ditissimus
542 2474 643 2526 aevi,
670 2474 760 2514 Ter
796 2473 930 2514 denos
961 2473 1105 2514 decies

216 2551 414 2580 emensus
434 2538 617 2591 belliger
635 2551 717 2579 ann
750 2539 802 2579 s.'
835 2539 965 2578 Celer.
1080 2592 1087 2595 ν

269 2604 328 2643 Et
362 2603 446 2655 ipse
481 2615 696 2642 numerosa>
729 2602 956 2643 vivacitatis
1002 2602 1107 2642 haud

211 2679 378 2719 parvum
394 2666 631 2719 exemplum]
661 2666 733 2706 Ita
748 2667 892 2719 vulgo.
947 2666 1106 2719 Inepte

215 2732 397 2783 dictum,
423 2744 627 2772 nunoerosa
642 2732 851 2783 vivacitas,
879 2744 975 2772 cum
1012 2743 1108 2785 pro-

216 2797 311 2849 prie
330 2796 545 2850 significet
562 2798 804 2838 naturalem
837 2796 1010 2838 vivendi
1045 2798 1108 2838 vi-

217 2872 364 2913 gorem
381 2851 548 2901 numeri
568 2874 653 2902 non
684 2874 908 2914 capacem,
937 2874 1034 2903 cum
1063 2862 1107 2909 in

215 2924 390 2976 singulis
425 2925 554 2966 rebus
590 2937 676 2965 nna
711 2933 852 2966 morte
896 2925 1106 2966 finiatur:

218 2989 380 3029 rectius
398 2988 544 3042 itaque
572 2990 615 3029 in
636 2990 882 3042 Campensi,
905 2991 1110 3031 Cauchia·

219 3064 292 3103 no,
320 3051 640 3104 Gemblacensi,
667 3058 713 3093 et
748 3053 1044 3105 Atrebatensi,
1071 3059 1111 3095 et

218 3115 302 3167 ipse
339 3127 511 3156 nervosoe
543 3115 771 3156 vivacitatis
805 3117 909 3157 haud
941 3130 1017 3169 pai
1018 3130 1111 3157 vum

225 3179 458 3231 exemplum.
486 3179 615 3231 Pigh.

274 3244 342 3295 §5
372 3243 596 3296 AEthwpes]
624 3243 793 3284 Solinus
826 3244 881 3284 de
901 3244 1111 3298 AEthiopi-

224 3306 332 3347 bus:
353 3308 511 3349 ‘Ultra
528 3308 755 3361 Meroem,'
776 3310 930 3362 inquit,
951 3310 963 3333 ‘
980 3323 1112 3362 super

223 3370 423 3411 exortum
458 3372 588 3423 Solis,
632 3373 850 3413 Macrobii
887 3373 1111 3427 AEthiopes

223 3439 450 3475 vocantur.
505 3435 697 3476 Dimidio
715 3437 828 3478 enim
859 3450 1005 3478 eorum
1038 3451 1112 3490 po-

225 3496 401 3546 tentior,
416 3509 542 3550 quam
561 3506 710 3540 nostra
728 3508 796 3542 est
812 3503 928 3542 vita:
960 3504 1004 3543 hi
1021 3504 1113 3543 Ma-

226 3560 361 3601 crobii
386 3561 602 3612 justitiam
623 3565 786 3615 colunt,
814 3573 958 3607 amant
985 3569 1114 3619 aequi-

339 3627 484 3679 Delph.
501 3633 542 3669 et
567 3629 659 3671 Var.
678 3631 783 3672 clas.

1027 3635 1112 3676 Vaz.
1132 3635 1181 3676 M
1185 3648 1252 3677 ατ.

1882 273 2025 327 1313

1135 413 1287 459 tatem,
1318 408 1546 461 plurimum
1568 407 1717 448 valent
1732 403 1885 445 robore
1914 417 2027 457 prae-

1135 472 1292 524 cipuo,’
1309 475 1391 514 &c.
1423 473 1576 513 Oliver.

1195 537 1303 582 Quos
1319 537 1565 590 Herodotus]
1592 535 1754 577 Scribit
1773 531 2026 575 Herodotus

1137 601 1391 654 Scytharum
1420 614 1565 655 regem
1598 599 1753 654 legatis
1775 599 1879 651 Cyri
1912 598 2028 650 regis

1139 665 1371 705 Persarum
1384 678 1507 706 senes
1521 665 1765 717 complures
1774 662 2031 714 ostendisse,

1140 727 1213 781 qui
1242 733 1414 769 centum
1436 734 1482 770 et
1501 729 1653 782 viginti
1682 740 1816 770 annos
1850 739 2031 780 perege-

1141 797 1254 834 rant.
1286 794 1436 833 Olz‘ver.
1770 838 1773 841 ‚
1880 840 1884 843 ⁸

1199 857 1465 899 Centesimum
1506 862 1546 898 et
1592 858 1844 909 trigesimum
1888 869 2034 897 aurnum

1143 920 1392 972 transgredi]
1419 922 1490 962 Ita
1509 922 1654 974 vulgo.
1713 923 1847 975 Lege,
1870 921 2037 962 centesi-

1143 1000 1248 1029 mum
1265 991 1305 1028 et
1322 987 1572 1039 vigesimum,
1601 989 1713 1028 utin
1744 988 1932 1041 quinque
1965 987 2036 1026 vel

1146 1065 1222 1093 sex
1257 1051 1565 1104 manuscriptis
1603 1051 1941 1105 exemplaribus,
1977 1057 2039 1090 at·

1148 1129 1232 1170 que
1279 1116 1414 1157 etiam
1460 1116 1701 1169 Herodoto,
1729 1116 1804 1169 qui
1841 1114 1933 1155 ἔτεα
1967 1113 2039 1164 μὲν

1148 1180 1270 1221 εἴκοσι
1289 1179 1354 1220 καὶ
1373 1178 1514 1220 ἑκατὸν
1533 1180 1695 1232 prodit.
1722 1180 1851 1232 Pigh.

1203 1246 1261 1285 Et
1283 1244 1396 1297 Indi]
1427 1246 1499 1285 De
1519 1245 1640 1286 Indis
1658 1246 1792 1287 multo
1813 1245 1938 1286 aliter
1958 1243 2040 1285 Ar-

1150 1310 1294 1349 rianus
1325 1310 1401 1350 lib.
1436 1320 1539 1351 vm.
1576 1309 1691 1351 Plin.
1723 1310 1797 1351 lib.
1819 1321 1904 1350 vu.
1940 1323 1978 1350 c.
2000 1313 2042 1350 8.

1155 1374 1326 1414 Corrad.

1210 1441 1384 1494 Ctesias]
1402 1440 1735 1494 Antiquissimus
1750 1439 2045 1481 Historiarum

1153 1507 1356 1559 scriptor.
1416 1506 1570 1547 Ctesias
1599 1505 1772 1557 quidem]
1799 1504 1872 1544 Ita
1901 1504 2045 1555 vulgo.

1154 1571 1303 1612 Editio
1311 1571 1497 1623 Veneta,
1512 1571 1668 1611 Ctesias
1680 1570 1796 1610 idem.
1824 1569 1931 1610 Scil.
1945 1568 2050 1609 Cte-

1157 1635 1263 1675 siam
1289 1635 1404 1675 idem
1426 1635 1480 1676 de
1503 1635 1625 1675 Indis
1660 1634 1905 1685 tradidisse,
1934 1633 2048 1687 quod

1158 1699 1374 1742 Herodot.
1396 1699 1452 1740 de
1467 1698 1756 1752 AEthiopibus.
1813 1699 1912 1739 Scio
1945 1698 2049 1738 alias

1159 1764 1294 1804 multa
1313 1763 1367 1803 de
1387 1762 1658 1816 AEthiopibus
1680 1762 1826 1813 scribi,
1856 1774 1950 1815 quae
1981 1773 2051 1802 ea-

1161 1827 1259 1868 dem
1294 1840 1463 1881 quoque
1501 1828 1558 1869 de
1599 1827 1733 1869 Indis.
1787 1828 1847 1867 Et
1886 1827 2054 1867 Ctesias

1163 1892 1233 1933 ille
1249 1893 1429 1945 Syriaca
1448 1894 1580 1933 etiam
1601 1898 1646 1934 et
1665 1892 1845 1933 Persica
1868 1891 2054 1944 scripse·

1163 1964 1249 2010 rat,
1276 1963 1389 1999 teste
1419 1958 1635 1999 Strabone
1663 1958 1773 1998 libro
1795 1969 1889 1998 xiv.
1923 1958 2055 1999 Celer.

1166 2023 1339 2075 Ctesias]
1367 2023 1540 2063 Praeter
1577 2023 1775 2073 Persica,
1803 2034 1898 2075 quae
1936 2021 2057 2060 libris

1164 2087 1316 2140 viginti
1337 2087 1474 2127 tribus
1501 2086 1850 2136 continebantur,
1878 2085 2058 2136 scripsit

1164 2158 1210 2191 et
1231 2151 1397 2192 Indica.
1453 2152 1637 2203 Floruit,
1660 2157 1709 2192 ut
1732 2156 1919 2192 testatur
1941 2150 2058 2190 Pho·

1164 2217 1264 2266 tius,
1292 2216 1562 2269 temporibus
1583 2217 1701 2269 Cyri,
1730 2216 1863 2256 Dario
1896 2221 1941 2255 et
1970 2215 2055 2254 Pa-

1170 2281 1361 2332 rysatide
1382 2281 1538 2332 geniti,
1559 2282 1631 2333 qui
1658 2279 1798 2321 frater
1827 2279 1910 2319 fuit
1931 2278 2060 2318 Arta-

1166 2345 1328 2395 xerxis,
1356 2345 1409 2385 ad
1449 2357 1574 2398 quem
1614 2357 1791 2397 regnum
1831 2343 2054 2383 Persicum

1169 2410 1360 2450 devenit.

1222 2473 1489 2526 Epimenidis]
1519 2474 1604 2514 Hie
1634 2474 1918 2527 Philosophus
1954 2475 2059 2514 Cre·

1171 2538 1306 2579 tensis
1344 2535 1443 2588 fuit,
1489 2539 1748 2591 Pythagorae
1797 2544 2060 2591 coaetaneus,

1171 2609 1286 2644 teste
1305 2603 1506 2656 Apuleio,
1536 2603 1590 2644 de
1611 2617 1694 2658 quo
1724 2605 1921 2645 Laertius
1950 2604 2060 2646 libro

1171 2668 1227 2709 de
1242 2667 1349 2709 Vita
1363 2669 1722 2722 Philosophorum
1735 2668 1930 2711 fabulosa
1947 2683 2063 2723 quae-

1171 2732 1271 2772 dam
1316 2744 1494 2772 narrare
1532 2733 1721 2776 videtur.
1778 2735 1892 2775 Nam
1939 2735 2060 2781 dicit,

1172 2797 1288 2850 quod
1310 2809 1335 2836 a
1351 2802 1477 2849 patre
1490 2796 1636 2848 jussus
1652 2798 1705 2838 ad
1722 2810 1884 2851 pascua
1899 2798 2059 2839 ducere

1174 2874 1291 2914 oves,
1304 2862 1419 2903 circa
1436 2862 1659 2902 meridiem
1676 2863 1858 2920 divertit
1874 2863 1914 2903 in
1933 2875 2061 2916 prox-

1171 2928 1302 2967 imam
1337 2928 1604 2979 speluncam,
1643 2926 1715 2968 ubi
1745 2929 2062 2981 quinquaginta

1173 2998 1219 3032 et
1242 2997 1410 3043 septem
1438 2992 1560 3031 annis
1581 2998 1793 3045 perpetuo
1818 3004 1974 3044 sopore
1996 3004 2061 3032 re-

1174 3055 1366 3108 quievit:
1394 3055 1561 3096 excitus
1578 3056 1781 3108 quaesivit
1794 3068 1918 3106 oves;
1939 3060 2062 3108 puta-

1174 3118 1251 3159 bat
1284 3118 1398 3158 enim
1443 3125 1496 3158 se'
1540 3131 1687 3172 parum
1724 3119 2059 3160 obdormivisse:

1174 3194 1281 3234 quas
1316 3193 1535 3223 cum-mn
1572 3184 1802 3233 inveniret,
1832 3183 1875 3221 in
1913 3195 2061 3234 agrum

1174 3257 1400 3296 reversus3
1437 3259 1533 3287 cum
1562 3259 1662 3287 vero
1696 3259 1844 3298 agrum
1879 3246 1923 3285 in
1958 3248 2062 3286 alte-

1176 3310 1264 3350 rius
1298 3315 1563 3362 potestatem
1595 3311 1766 3350 venisse
1801 3310 1985 3362 videret,
2016 3316 2063 3351 et

1175 3379 1335 3415 cuneta
1352 3380 1516 3416 mutata
1536 3387 1631 3414 esse
1662 3373 1966 3426 perpenderet,
1998 3386 2064 3414 re-

1177 3439 1258 3479 diit
1278 3439 1321 3479 in
1343 3438 1565 3491 oppidum,
1594 3437 1664 3477 ubi
1684 3449 1709 3476 a
1733 3437 1904 3489 juniore
1923 3434 2062 3476 fratre

1168 3506 1259 3557 jam
1280 3507 1425 3545 vetulo
1460 3503 1675 3555 cognitus,
1705 3513 1870 3541 omnem
1905 3514 1957 3540 ex
1988 3501 2064 3542 illo

1164 3570 1326 3609 didicit
1360 3569 1422 3608 rei
1454 3569 1704 3608 veritatem:
1736 3565 1894 3606 deinde
1928 3567 2063 3617 philo-

1859 3636 1954 3674 40
