2320 4004
546 319 807 361 vALERn
848 318 1090 357 MAX1M1
1135 320 1252 358 ms.
1294 319 1375 359 ιν.
1415 320 1550 359 οΑΡ.
1580 305 1633 358 2.

174 445 226 485 lis
243 449 309 485 est
327 441 542 494 Delphica
557 450 720 479 mensa.
748 437 863 478 Nam
882 436 926 476 in
946 440 1053 475 tem-

177 512 248 562 plo
269 506 479 561 Apollinis
506 503 702 557 tripodes
735 507 874 552 erant,
902 499 1055 553 quibus

176 571 349 612 admota
367 568 566 619 Phoebas,
584 567 729 607 statim
759 565 902 606 afflata
921 564 1057 604 numi-

176 635 241 675 nis
260 634 485 682 instinctu,
503 629 654 670 futura
676 628 961 681 praedicebat.
992 627 1057 667 Id.

230 695 413 747 wactas]
433 695 529 735 Lib.
541 693 751 744 Danielis,
762 695 911 733 ductus.
943 692 1058 732 Duc-

177 766 268 802 tum
288 759 463 812 piscium
482 758 583 808 dici,
599 769 682 798 non
703 756 885 807 ambigo.
930 755 1058 796 Plau-

176 830 245 865 tus
262 823 548 864 Truculento:
579 822 592 843 ‘
610 820 696 861 reti
710 818 893 871 impedit
909 818 1058 859 Pisces

175 899 312 940 usque
346 886 469 936 adeo,
498 884 696 925 donicum
729 882 881 923 eduxit
910 880 1059 922 foras!

177 949 250 990 Sic
269 950 283 972 ‘
299 948 506 989 arundine
526 947 667 1000 pisces
681 945 867 993 ducere‚'
886 945 1060 985 memini

177 1024 246 1052 me
273 1011 388 1064 apud
409 1009 614 1051 Ovidium
645 1010 820 1061 legisse.
875 1010 962 1050 Hic
982 1009 1059 1049 im-

178 1082 360 1128 pegerat
379 1076 572 1127 Pighius.
603 1076 732 1116 Coler.

230 1138 570 1190 Magnitudinem]
627 1139 741 1181 Quia
773 1150 921 1179 mensa
964 1143 1062 1180 erat

175 1202 299 1243 solidi
335 1202 444 1242 auri.
509 1202 831 1253 Magnitudinem
865 1202 1060 1255 pecunioe]

177 1268 278 1310 Qua
294 1277 441 1307 mensa
458 1267 533 1307 illa
562 1279 695 1308 aurea
716 1268 931 1308 aestimata
949 1274 1061 1309 erat.

232 1330 318 1372 His
351 1330 497 1383 verbis]
542 1331 642 1371 Vox
675 1332 850 1383 vulgata
890 1332 1062 1384 Graecz's,

180 1396 392 1447 glossema
426 1403 509 1448 est,
539 1408 636 1448 quae
668 1396 842 1449 quidem
874 1397 917 1437 in
953 1398 1062 1438 Mss.

177 1472 263 1501 non
279 1461 512 1513 reperitur,
537 1459 676 1511 ἔκγονε
693 1461 890 1512 Μιλήτου,
909 1476 946 1503 κ.
963 1477 1002 1503 τ.
1021 1469 1064 1502 λ.

179 1534 319 1576 neque
339 1523 468 1564 etiam
489 1524 653 1565 oraculi
674 1537 822 1564 versus
839 1525 910 1565 ille
930 1525 1062 1577 prior.

179 1586 309 1628 Unde
342 1587 498 1639 colligo
539 1588 762 1629 Valerium
800 1589 1064 1631 solummodo

179 1649 478 1702 posteriorem,
518 1662 603 1703 quo
636 1651 854 1703 Apollinis
888 1665 1064 1705 respon-

178 1725 267 1753 sum
287 1713 548 1766 continetur,
567 1716 774 1766 posuisse,
789 1716 1063 1768 prioremque

177 1775 396 1818 addidisse
414 1782 566 1830 postea
583 1778 778 1819 librarios
793 1791 847 1819 ex
863 1779 1063 1832 Diogene

178 1840 368 1895 Laertio,
406 1842 663 1896 qui-ambos
705 1855 854 1885 versus
888 1845 1064 1885 recitat.

235 1969 408 2022 Thaleti]
454 1970 650 2011 Fuerunt
683 1975 850 2022 septem
882 1971 1062 2025 Sapien-

178 2037 260 2084 tes,
296 2033 503 2075 videlicet
529 2035 685 2076 Thales
717 2036 928 2087 Milesius,
963 2037 1062 2076 Bias

177 2095 405 2148 PrieneuS‚
438 2097 637 2142 Pittacus
672 2098 954 2151 Mityleneus‚
986 2100 1061 2139 So-

179 2159 250 2199 lon
293 2159 586 2214 Atheniensis,
631 2162 755 2202 Chilo
790 2163 1064 2203 Lacedaemo·

179 2222 293 2274 nius,
329 2223 562 2264 Cleobulus
600 2224 777 2278 Lydius,
822 2226 1064 2266 Periander

179 2285 443 2329 Corinthius.

232 2349 342 2402 Alii]
367 2351 460 2391 Uni
475 2351 570 2393 scil.
586 2365 641 2392 ex
659 2353 954 2405 Sapientibus.

234 2414 258 2465 ᾗ
276 2416 302 2453 8
321 2412 454 2466 Atque
465 2419 508 2455 ut
523 2415 761 2468 'l'lieopompo
775 2430 921 2469 quoque
939 2418 1063 2470 Spar-

180 2479 360 2516 tanorum
374 2477 480 2529 regi]
511 2477 598 2518 Hic
625 2479 670 2518 in
703 2479 819 2519 omni
840 2481 929 2520 vita
948 2494 1063 2522 com-

179 2550 350 2580 munem
384 2552 431 2580 se
455 2543 640 2581 maxime
673 2543 824 2595 gessit,
841 2544 913 2596 qui
932 2544 1064 2584 inter-

179 2603 350 2654 roganti
379 2604 532 2656 amico,
552 2617 635 2658 quo
663 2611 793 2657 pacto
824 2607 978 2659 aliquis
999 2620 1064 2649 se-

179 2665 400 2708 verissime
438 2679 615 2719 regnum
648 2669 782 2709 tutari
821 2676 984 2723 posset,
1027 2673 1063 2712 si

181 2728 433 2782 participes,
453 2730 606 2783 inquit,
631 2732 762 2783 justae
794 2732 981 2775 licentiae
1019 2741 1064 2776 et

182 2792 453 2834 authoritatis
472 2795 632 2835 amicos
645 2795 819 2847 fecerit,
831 2803 877 2837 et
891 2809 945 2838 ne
965 2799 1064 2839 sub·

179 2853 260 2896 diti
272 2853 552 2896 afficerentur
569 2857 740 2910 injuria,
761 2860 1015 2911 providerit.

233 2919 404 2971 Ephori]
473 2921 740 2973 Ephororum
797 2924 1063 2965 creationem

181 2984 376 3024 nonnulli
403 2984 459 3024 ad
488 2985 627 3037 ipsum
666 2987 909 3040 Lycurgum
947 2988 1061 3030 refe-

180 3051 298 3098 runt,
322 3046 517 3099 inprimis
545 3054 673 3100 pater
691 3050 903 3092 Historiae
923 3053 1063 3093 Hero-

181 3108 322 3160 dotus,
349 3110 425 3150 sed
458 3112 643 3163 plurium
673 3125 902 3155 consensus
927 3116 1062 3157 Theo·

181 3183 339 3225 pompo
368 3173 537 3214 tribuit.
592 3176 792 3216 Fraenum
816 3178 896 3217 hoc
917 3178 1062 3230 objec-

181 3240 270 3275 tum
303 3235 492 3288 regibus.
548 3238 716 3279 Revera
747 3247 890 3281 autem
928 3242 1062 3282 Theo-

182 3298 327 3349 pompi
360 3304 554 3352 tempore
598 3312 682 3340 non
729 3307 893 3342 tantam
928 3302 1062 3344 fuisse

183 3365 441 3409 potestatem
470 3363 714 3404 verisimile.
770 3366 894 3406 Sicut
920 3378 1061 3420 neque

184 3420 299 3472 apud
344 3422 554 3466 Romanos
601 3427 827 3468 tribunitia
871 3436 1061 3482 potestas

184 3482 330 3523 statim
365 3496 502 3538 usque
522 3488 576 3528 ad
608 3488 829 3543 fastigium
849 3494 1062 3544 pervenit.

186 3544 292 3591 Cum
334 3545 513 3600 Ἐφορεῖα
553 3552 829 3606 adolevisset,
884 3567 1061 3597 numero

1850 305 1993 358 1135

1115 435 1300 488 quinque
1321 436 1498 489 singulis
1517 436 1636 476 annis
1651 435 1996 488 cresti,quorum

1115 510 1223 538 unus
1246 498 1453 553 ἐπώνυμος,
1481 501 1599 555 qnod
1624 500 1794 540 nomine
1826 512 1903 539 suo
1924 512 1996 538 an-

1117 573 1215 600 num
1237 563 1441 614 signaret.
1498 563 1785 617 Eligebantur
1809 563 1854 602 in
1870 563 2000 603 comi-

1119 625 1188 665 tiis
1218 638 1272 665 ex
1307 633 1398 666 toto
1429 630 1605 680 populo,
1632 628 1724 668 sine
1753 626 2001 667 discrimine

1119 691 1288 742 generis
1309 697 1384 731 aut
1402 704 1547 743 opum,
1575 693 1684 734 adeo
1703 698 1752 732 ut
1771 691 1903 732 etiam
1918 691 1921 694 ’
1936 692 2002 731 in·

1118 753 1230 794 fimae
1259 766 1376 806 saepe
1397 757 1656 797 conditionis
1684 756 1877 796 homines
1905 767 2002 807 pro-

1119 823 1394 859 moverentur
1408 820 1460 859 ad
1473 831 1566 860 eam
1584 820 1853 872 dignitatem.
1873 818 2002 861 Quod

1121 882 1400 934 reprehendit
1438 882 1622 925 Aristot.
1680 885 1819 924 Tanta
1857 889 2004 924 autem

1121 957 1269 986 eorum
1316 946 1540 999 autoritas,
1575 952 1624 988 ut
1659 947 1913 988 vocantibus
1950 947 2002 987 iis

1122 1009 1266 1061 Reges
1286 1016 1330 1050 et
1350 1022 1496 1051 omnes
1511 1011 1695 1064 majores
1715 1012 2003 1063 Magistratus

1122 1073 1340 1113 cederent.
1397 1074 1618 1114 Praeterea
1646 1074 2007 1114 administrabant

1122 1136 1237 1176 domi
1258 1149 1370 1189 pene
1403 1139 1561 1190 omnia,
1588 1150 1684 1189 quae
1717 1136 1889 1189 aliquod
1919 1149 2007 1177 mo-

1123 1206 1313 1242 mentum
1351 1203 1394 1242 in
1433 1203 1803 1256 Rep.habebant;
1841 1193 2003 1243 bellu‘m

1124 1265 1319 1316 gerendi,
1351 1273 1501 1318 pacem
1522 1267 1788 1318 stabiliendi,
1806 1266 1923 1319 ipsos
1941 1279 2006 1307 re-

1125 1340 1200 1380 ges
1237 1330 1282 1369 in
1326 1342 1546 1371 carcerem
1592 1330 1911 1383 compingendi,
1952 1330 2007 1370 ad

1125 1398 1305 1434 mortem
1332 1395 1562 1434 damnandi
1582 1400 1776 1447 potestas
1795 1406 1930 1446 penes
1958 1394 2008 1433 il-

1123 1457 1188 1497 los
1232 1463 1341 1498 erat.
1401 1458 1526 1498 Unde
1562 1458 1689 1499 Plato
1729 1463 1777 1498 et
1821 1452 2010 1498 Aristot-

1124 1521 1340 1573 scripsere
1373 1534 1468 1562 eam
1514 1527 1776 1574 potestatem
1820 1520 2009 1573 speciem

1125 1584 1362 1637 tyrannidis
1382 1585 1591 1625 obtinere.

1177 1648 1414 1699 Antiochus]
1443 1648 1589 1700 Scipio
1602 1646 1836 1698 Asiaticus,
1854 1646 1908 1686 de
1923 1658 2009 1699 quo

1126 1723 1254 1763 supra
1283 1712 1545 1751 mentionem
1576 1710 1771 1762 fecimus,
1802 1710 1915 1750 bello
1943 1723 2010 1751 re-

1125 1786 1220 1825 gem
1247 1773 1508 1815 Antiochum
1542 1774 1780 1827 superavit,
1811 1778 1857 1814 et
1888 1774 2010 1814 illum

1124 1850 1280 1890 magna
1298 1843 1423 1890 parte
1441 1838 1561 1890 regni
1587 1837 1827 1888 mulctavit,
1854 1844 2011 1889 utpote

1125 1901 1229 1941 Asia
1244 1906 1351 1954 tota,
1369 1914 1465 1941 nam
1487 1907 1719 1942 summotus
1731 1900 1877 1942 fuerat
1897 1903 2011 1942 ultra

1125 1971 1316 2005 montem
1343 1966 1545 2015 Taurum,
1562 1971 1610 2005 ut
1629 1965 1700 2005 lib.
1721 1976 1827 2005 vlu.
1850 1978 1945 2018 cap.
1966 1969 2008 2008 1.

1127 2027 1321 2069 dicturus
1342 2034 1424 2070 est.
1455 2029 1606 2071 Oliver.
1662 2030 1862 2082 Contigit
1881 2030 1936 2070 A.
1952 2031 2010 2072 U.

1127 2105 1287 2135 DLxlv.

1185 2159 1375 2211 Taurum]
1420 2160 1499 2200 Est
1514 2159 1583 2199 hic
1611 2171 1732 2200 mons
1751 2158 1867 2200 Asiae
1887 2159 2011 2212 longe

1127 2223 1352 2264 maximus.

1183 2286 1295 2326 CAP.
1317 2298 1368 2326 11.
1403 2286 1761 2337 Transgrediamur
1778 2289 1830 2326 ad
1853 2287 2011 2338 egregi·

1125 2360 1192 2387 um
1218 2347 1378 2387 humani
1396 2348 1520 2387 animi
1549 2347 1598 2388 ab
1626 2349 1714 2388 odio
1750 2350 1802 2388 ad
1832 2349 2011 2399 gratiam

1127 2410 1340 2463 deflexum]
1370 2412 1483 2451 Duae
1513 2422 1656 2461 voces,
1673 2411 1858 2463 affectum
1885 2426 2011 2465 quem,

1127 2487 1150 2515 a
1171 2475 1313 2517 sciolis
1344 2474 1556 2515 infarcitae
1578 2487 1821 2528 perperam,
1840 2489 1936 2529 quae
1966 2477 2011 2516 in

1127 2538 1440 2591 Manuscriptis
1477 2551 1563 2579 non
1607 2539 1834 2590 habentur,
1881 2541 2012 2592 pluri-

1127 2614 1326 2655 mumque
1373 2602 1648 2643 obscuritatis
1707 2603 2010 2646 exterminatae

1128 2678 1274 2706 secum
1293 2666 1529 2717 abducunt,
1564 2666 1907 2719 sententiamque
1925 2668 2012 2707 Va-

1125 2731 1222 2771 lerii
1271 2730 1409 2771 nostri
1445 2742 1531 2770 non
1570 2731 1707 2770 solum
1750 2731 2012 2783 elegantem,

1127 2795 1205 2834 sed
1226 2794 1358 2836 etiam
1380 2807 1434 2835 ex
1453 2794 1602 2835 nubila
1634 2796 1796 2836 claram
1822 2809 1873 2836 ac
1895 2809 2012 2837 sere·

1126 2869 1225 2898 nam
1261 2858 1478 2910 linquunt,
1515 2857 1552 2897 si
1600 2859 1822 2910 legamus:
1866 2860 2011 2900 Trans·

1123 2922 1352 2972 grediamur
1382 2923 1433 2962 ad
1465 2922 1679 2972 egregium
1700 2923 1859 2964 humani
1885 2924 2012 2965 animi

1126 2985 1174 3025 ab
1188 2986 1277 3025 odio
1295 2987 1346 3026 ad
1360 2986 1538 3036 gratiam
1555 2986 1767 3040 deflexum,
1796 2993 1836 3028 et
1856 2990 2012 3040 quidem

1127 3061 1214 3088 eum
1231 3050 1323 3089 loeto
1359 3051 1460 3102 stylo
1494 3062 1784 3102 prosequamur.
1840 3053 1948 3091 Nam
1975 3052 2010 3091 si

1121 3113 1389 3163 placidumaex
1414 3125 1566 3165 aspero,
1585 3116 1651 3166 &c-
1682 3115 1717 3153 si
1748 3114 1884 3155 bellum
1912 3127 2008 3166 pace

1125 3180 1331 3227 mutatum,
1351 3178 1418 3228 δῖε.
1447 3176 1572 3228 Pigh.

1182 3239 1362 3279 Candida
1379 3239 1586 3291 relatione]
1615 3240 1782 3281 Livoris
1809 3245 1854 3280 et
1874 3239 2007 3279 tristi·

1125 3302 1201 3342 tiae
1222 3303 1409 3354 experti.

1180 3367 1238 3417 §1
1260 3366 1425 3406 Marcus
1442 3366 1629 3406 AEmilius
1647 3366 1819 3416 Lepidus
1833 3365 1892 3405 bis
1918 3379 2008 3407 oon·

1124 3430 1204 3482 sul]
1223 3430 1363 3472 Aulus
1381 3432 1547 3473 Gellius
1564 3447 1575 3473 2
1596 3431 1833 3482 ‘AEmilius,'
1851 3432 2006 3484 inquit,

1125 3496 1136 3516 ‘
1155 3495 1345 3547 Lepidus
1366 3501 1411 3535 et
1443 3495 1618 3535 Fulvius
1649 3494 1844 3544 Flaccus,
1873 3495 2006 3536 nobili

1125 3569 1300 3610 genere,
1347 3557 1701 3611 amplissimisque
1760 3558 2003 3610 honoribus,
