2346 3996
322 293 465 348 1256

329 427 608 478 scripserunt.
639 426 768 466 Celer.

383 492 406 543 ς
425 493 450 530 7
480 490 700 530 Remissum
717 490 766 529 ab
778 488 917 538 inferis
930 488 1208 530 Atheniensem

327 554 539 605 Periclem]
565 553 822 604 Turpissime
842 553 997 604 passim
1017 558 1115 592 sunt
1134 553 1207 591 de-

327 624 510 669 pravata
531 616 701 668 propria
727 616 897 655 nomina
926 616 969 655 in
997 616 1077 656 hoc
1109 627 1208 655 auc-

329 686 440 731 tore,
467 692 517 719 ac
539 679 722 731 plurima
754 679 884 719 etiam
914 678 1022 719 falso
1055 692 1210 732 suppo-

329 744 412 784 sita
431 755 456 783 a
474 743 631 789 sciolis,
661 743 732 795 qui
757 743 834 783 hoc
865 755 971 795 opus
990 744 1057 783 vel
1077 743 1209 783 corri-

329 818 445 858 gere,
473 807 543 846 vel
569 806 613 845 in
638 806 934 858 compendium
956 806 1209 846 contrahere

330 872 575 922 voluerunt,
609 870 664 911 de
693 883 875 923 quorum
903 871 1115 911 mehercle
1136 868 1209 909 fla-

332 936 419 988 gris
439 934 689 987 dignissima
706 934 952 975 temeritate
972 939 1100 986 atque
1133 933 1208 973 im-

319 999 541 1051 *pudentia
561 1010 764 1051 nusquam
780 1010 864 1038 non
884 997 1088 1049 conqueri
1113 1009 1208 1049 pos-

333 1075 489 1104 sumus,
545 1062 747 1115 Superius
779 1061 1095 1113 apophthegma
1122 1061 1210 1099 Xe-

331 1126 498 1166 nocrati·
516 1125 782 1175 adscribunt,
810 1123 921 1177 quod
953 1123 1210 1164 Plutarchus

333 1195 379 1229 et
424 1189 620 1230 Stobaeus
657 1188 864 1228 Simonidi
901 1187 1068 1228 Poetae.
1125 1187 1210 1227 Hic

331 1259 477 1294 autem
515 1254 569 1293 ab
608 1252 756 1293 inferis
794 1253 983 1292 revocati
1029 1251 1211 1291 Periclis

333 1328 486 1356 nomen
522 1317 743 1368 injectum,
777 1328 871 1356 cum
899 1314 1211 1365 Aristophanes

331 1380 374 1418 in
413 1379 541 1419 Ranis
576 1380 685 1418 hanc
722 1379 980 1418 sententiam
1013 1376 1213 1428 AEschylo

334 1437 558 1481 attribuat.
609 1441 738 1493 *Ejus
778 1440 910 1480 verba
945 1446 1043 1480 sunt
1086 1439 1210 1480 haec:

335 1505 392 1544 Οὐ
410 1507 487 1556 χρῆ
500 1503 660 1544 λέοντος
674 1502 842 1554 σκύμνον
860 1504 901 1544 ἐν
915 1501 1029 1543 πόλει
1045 1503 1214 1556 τρέφειν,

337 1567 522 1608 Μάλιστα
548 1567 619 1618 μὲν
635 1567 777 1608 λέοντα
794 1568 847 1619 μὴ
864 1568 898 1606 ’ν
918 1566 1029 1608 πόλει
1045 1567 1212 1620 τρέφειν.

323 1630 403 1671 Ἠν
418 1633 450 1671 δ’
465 1632 638 1686 ἐκτραφῇ
650 1647 724 1684 τις,
736 1635 820 1673 τοῖς
830 1631 984 1685 τρόποις
998 1634 1212 1685 ὑπηρετεῖν.

335 1697 454 1738 Quos
472 1708 618 1736 versus
636 1698 855 1749 eleganter
876 1699 998 1737 Eras.
1026 1703 1214 1738 transtu-

333 1760 415 1800 lit:
448 1761 632 1800 Catulum
649 1773 698 1800 ne
711 1762 795 1800 alas
813 1761 930 1801 leonis
948 1763 988 1800 in
1006 1761 1216 1814 republica,

337 1825 398 1865 Ac
416 1825 586 1865 maxime
619 1826 748 1878 ipsum
781 1827 926 1866 leonem
957 1839 1005 1866 ne
1031 1827 1114 1866 alus
1144 1826 1215 1866 ibi.

340 1888 455 1933 Quod
471 1889 507 1927 si
530 1888 618 1940 quis
634 1888 754 1928 alitus
766 1902 783 1937 ‚·
801 1888 1080 1941 obsequendum
1098 1889 1215 1929 mori-

337 1951 421 1993 bus.
449 1953 642 2003 Pighius.

391 2020 416 2070 ξ
431 2022 456 2058 9
489 2019 796 2071 Themistoclem]
820 2019 916 2060 Hoc
935 2019 1046 2060 idem
1063 2019 1218 2060 Cicero

341 2080 469 2123 Offic.
487 2083 561 2123 lib.
581 2095 630 2124 ιι.

375 2147 523 2199 ΙχΜαῖα,
535 2147 675 2199 inquit,
687 2147 836 2200 virum]
853 2147 1005 2188 Cicero
1019 2147 1072 2187 de
1090 2145 1219 2188 Offic.

336 2209 412 2249 lib.
434 2222 483 2252 11.
511 2223 636 2263 quem
668 2212 926 2252 Plutarchus
953 2213 1032 2252 hoc
1061 2211 1114 2252 de
1143 2223 1221 2251 sua

337 2271 426 2313 filia
443 2273 601 2314 dixisse
621 2275 769 2316 refert.
802 2277 966 2317 Corrad.

395 2338 417 2389 ς
455 2341 505 2378 10
537 2338 638 2384 Quae
665 2344 718 2390 te,
735 2340 827 2393 fili]
859 2341 1096 2392 Epistulam
1127 2340 1219 2380 aliis

340 2402 482 2443 verbis
510 2402 644 2442 refert
663 2404 815 2443 Cicero
845 2402 974 2443 Offic.
1006 2403 1077 2443 lib.
1095 2414 1146 2444 11.
1175 2411 1220 2442 et

341 2477 396 2506 ex
417 2465 623 2506 Cicerone
655 2466 873 2508 Johannes
900 2467 1222 2507 Sarisberiensis

343 2528 387 2568 in
406 2529 667 2570 Policratico
686 2530 759 2571 lib.
778 2542 880 2570 viu.
912 2531 1038 2571 Coler.

399 2594 490 2646 §11
519 2593 824 2644 Jucundissimi]
852 2592 1096 2646 Aliquando
1110 2592 1222 2634 huuc

345 2668 514 2698 versum
532 2657 1003 2698 recitavitAristoteles
1021 2672 1031 2697 :
1058 2658 1221 2707 Ὠκυμο-

346 2721 409 2775 ρὸς
425 2721 471 2771 δή
486 2722 699 2775 μοι,τε’κος,
718 2721 868 2773 ἔσσεαι,
886 2721 937 2763 οἷ’
951 2723 1157 2775 ἀγορεύεις.

400 2788 459 2828 At
499 2788 566 2827 ille
599 2790 691 2828 dum
727 2788 999 2829 Alexandrum
1042 2790 1224 2828 Macedo-

347 2863 448 2902 nem,
474 2852 637 2893 Persica
652 2853 886 2893 salutatione
908 2855 1144 2904 gaudentem
1162 2854 1225 2893 ob-

337 2913 497 2966 jurgat,
512 2919 552 2955 et
570 2918 620 2955 ud
637 2916 904 2956 Macedonicos
923 2929 1046 2957 mores
1061 2917 1228 2957 invitum

347 2990 527 3019 revocare
546 2980 720 3020 benevole
733 2981 975 3031 perseverat]
1003 2981 1072 3020 Ita
1086 2981 1227 3030 vulgo.

350 3044 505 3091 Locus,
520 3044 643 3084 utita
662 3044 819 3094 dicam,
843 3057 927 3084 non
945 3057 1026 3084 uno
1042 3046 1137 3084 loco
1156 3044 1229 3084 de-

350 3113 557 3160 pravatus
577 3108 879 3159 glossematum
896 3108 1015 3158 vitio,
1033 3120 1126 3160 quae
1142 3120 1232 3159 pas-

352 3173 430 3212 sim
471 3177 608 3212 semet
651 3172 921 3224 ingesserunt
956 3172 1234 3224 impudentis-

354 3236 476 3278 sime.
520 3235 743 3287 Ejicienda
763 3235 956 3288 inprimis
978 3247 1059 3275 vox
1077 3234 1235 3286 ociosa,

354 3299 547 3351 benevole,
569 3312 660 3353 quae
681 3299 723 3338 in
741 3299 1036 3339 Wincheliano
1053 3303 1098 3338 et
1110 3298 1233 3337 Cam-

358 3363 479 3414 pensi
512 3374 595 3403 non
627 3359 976 3402 habetur-:item
1010 3362 1233 3413 legendum

357 3441 412 3469 ex
446 3435 639 3469 veterum
674 3428 876 3468 librorum
914 3426 1100 3468 omnium
1138 3438 1235 3466 con·

358 3505 486 3532 sensu
502 3509 513 3543 3
531 3494 622 3533 dum
639 3491 905 3532 Alexandrum
925 3491 1083 3530 Persica
1104 3491 1236 3529 Mace-

359 3557 498 3596 donum
522 3555 756 3597 salutatione
785 3555 1033 3606 gaudentem.
1089 3553 1235 3594 Persae

922 304 1098 344 NOTAE
1137 303 1468 345 VARIORUM
1511 304 1577 345 IN

1266 425 1438 477 quidem
1467 436 1520 464 ex
1539 435 1656 465 more
1676 426 1846 465 vetusto
1866 436 2033 477 semper
2046 436 2145 478 pro·

1269 488 1392 528 strati
1410 489 1651 529 adorabant
1667 501 1789 541 reges
1810 502 1931 540 su0s3
1955 490 2083 543 igitur
2101 495 2147 530 et

1267 551 1561 591 Alexandrum
1600 553 1806 594 victorem
1843 566 1926 593 non
1970 554 2146 606 inepte3

1268 615 1344 654 sed
1377 614 1456 655 hoc
1491 616 1604 655 idem
1638 616 1730 656 fieri
1758 630 1784 656 a
1821 617 2156 668 Macedonibus,-

1268 677 1404 731 iisque
1445 678 1680 719 insolentiis
1726 681 1915 732 gaudere
1960 681 2149 722 Alexan-

1271 743 1411 792 drum,
1443 743 1616 794 indigne
1644 745 1792 785 latum.
1849 747 2030 786 Rursum
2051 757 2148 786 cum

1270 806 1330 846 ita
1358 818 1403 846 se
1438 814 1560 846 vetus
1583 807 1740 847 habeat
1761 809 1908 860 lectio,
1928 815 1974 849 et
1993 809 2148 850 deinde
2187 846 2189 849 .

1271 870 1312 909 in
1332 870 1560 922 Campensi
1581 872 1790 923 scriptum
1805 873 1876 924 sit,
1890 875 1996 912 etad
2014 873 2149 912 Mace-

1271 936 1411 974 donum
1428 947 1568 986 mores,
1588 947 1642 974 ne
1663 935 1812 975 eadem
1830 948 1908 975 vox
1926 935 2149 977 fastidiose

1273 1003 1509 1050 repetatur,
1538 1005 1643 1051 puto
1664 998 1797 1040 fuisse
1817 1000 1916 1040 olim
1948 1001 1991 1041 in
2021 1002 2148 1043 Vale-

1271 1062 1348 1108 rio,
1395 1066 1432 1101 et
1481 1063 1534 1101 ad
1579 1062 1765 1112 majorum
1801 1076 1938 1103 mores.
2007 1063 2150 1118 Atque

1273 1125 1576 1177 Glossographi
1618 1126 1774 1167 deinde
1808 1128 1984 1180 alicujus
2018 1129 2152 1170 inter-

1272 1189 1573 1240 pretationem,
1602 1202 1755 1242 nempe
1788 1204 1938 1231 vocem
1970 1193 2152 1234 Macedo-

1271 1264 1379 1301 num,
1399 1249 1529 1292 fuisse
1549 1255 1827 1305 suppositam.
1856 1255 1981 1306 Pigra.

1331 1315 1546 1366 objurgat]
1593 1317 1690 1358 Quo
1740 1318 1984 1371 indignatus
2023 1319 2151 1359 Alex-

1275 1379 1425 1429 ander,
1439 1379 1608 1432 obJecto
1623 1380 1683 1420 illi
1704 1379 1811 1420 falso
1827 1382 2020 1434 crimine,
2040 1382 2153 1435 quod

1275 1443 1496 1483 Hermolai
1523 1444 1831 1496 conjurationis
1861 1446 2016 1486 author
2046 1447 2156 1487 exti-

1277 1508 1416 1557 tisset,
1435 1508 1477 1547 in
1499 1520 1714 1548 carcerem
1736 1509 1895 1562 conjici
1918 1509 2064 1561 jussit,
2081 1509 2156 1551 ubi

1275 1571 1514 1623 pediculari
1556 1573 1703 1612 morbo
1749 1580 2024 1626 consumptus
2074 1581 2155 1616 est.

1275 1632 1364 1674 Alii
1402 1636 1520 1674 cruci
1567 1635 1741 1677 affixum
1787 1637 1921 1678 fuisse
1969 1637 2156 1680 tradunt.

1278 1698 1410 1738 Cares
1441 1711 1541 1738 vero
1561 1697 1693 1739 refert
1715 1707 1881 1752 septem
1912 1713 2079 1742 menses
2111 1701 2157 1742 in

1278 1761 1556 1813 compedibus
1577 1768 1792 1802 servatum
1809 1763 1862 1803 ob
1891 1764 2064 1803 nimiam
2096 1776 2160 1804 ar-

1277 1826 1418 1864 vinam
1437 1833 1640 1865 concreto
1671 1825 1844 1877 paedore
1878 1838 1929 1867 ac
1963 1826 2156 1867 sordibus

1279 1899 1526 1940 supremum
1571 1888 1683 1927 diem
1729 1888 1899 1930 obiisse.
1961 1888 2156 1930 Justinus

1280 1964 1382 1992 vero
1403 1952 1522 2001 dicit,
1539 1952 1650 2006 quod
1671 1966 1765 1993 eum
1784 1954 1992 1994 truncatis
2007 1955 2159 1995 crude-

1281 2015 1381 2056 liter
1413 2017 1621 2069 manibus,
1655 2017 1938 2070 abscissisque
1970 2018 2160 2070 auribus,

1283 2092 1333 2120 ac
1346 2092 1446 2120 naso
1458 2081 1679 2133 labiisque,
1691 2081 1884 2122 deforme
1895 2094 1944 2122 ac
1958 2083 2159 2123 miseran-

1284 2145 1382 2184 dum
1415 2145 1703 2195 spectaculum
1734 2144 1929 2185 omnibus
1957 2145 2161 2196 reddidit,

1282 2208 1537 2260 insuperque
1566 2207 1698 2259 jussit
1726 2219 1820 2247 eum
1855 2220 1950 2248 cum
1982 2221 2090 2249 cane
2119 2209 2163 2249 in

1283 2283 1412 2311 cavea
1426 2273 1632 2321 clausum,
1649 2270 1702 2310 ad
1718 2275 1875 2311 metum
1891 2277 2165 2324 caeterorum,

1283 2336 1580 2378 circumferri:
1637 2343 1681 2378 et
1725 2342 1828 2377 tunc
1865 2337 2163 2390 Lysimachum

1284 2401 1560 2442 miseratione
1592 2406 1851 2441 commotum
1879 2412 2091 2441 venenum
2119 2404 2166 2440 et

1285 2464 1519 2506 remedium
1560 2465 1851 2505 calamitatum
1886 2463 2071 2515 dedisse,
2108 2463 2164 2519 ob

1286 2542 1412 2582 quam
1452 2541 1542 2568 rem
1574 2529 1840 2580 indignatum
1875 2527 2165 2569 Alexandrum

1279 2594 1456 2645 jussisse
1477 2592 1774 2644 Lysimachum
1794 2583 1922 2643 objici
1951 2591 2166 2632 ferocissi-

1285 2670 1353 2698 mo
1374 2658 1487 2697 leoni
1509 2657 1815 2705 devorandum,
1836 2668 2017 2709 eumque
2044 2656 2167 2709 Lysi-

1289 2721 1498 2769 machum,
1519 2732 1645 2759 manu
1667 2719 2105 2770 manipuloiuvoluta,
2123 2726 2169 2760 et

1287 2784 1330 2822 in
1349 2795 1394 2822 os
1414 2782 1504 2834 ejus
1525 2781 1980 2833 immissa,.ereptaque
2007 2781 2168 2833 lingua,

1289 2859 1480 2886 necasse.
1537 2845 1670 2897 Cujus
1690 2845 1753 2884 rei
1774 2845 2052 2886 admiratione
2084 2858 2170 2886 mo-

1290 2916 1378 2951 tum
1401 2909 1709 2962 Alexandrum,
1738 2921 1834 2950 eum
1871 2909 2073 2952 liberasse
2107 2909 2170 2951 fe-

1290 2979 1404 3014 runt.
1434 2974 1583 3014 Oliver.

1345 3040 1367 3090 ξ
1386 3042 1434 3077 13
1467 3037 1657 3077 Demadis
1673 3049 1818 3089 quoque
1834 3036 1981 3077 dictum
2003 3036 2170 3088 sapiens,

1291 3103 1378 3154 ssa]
1408 3103 1494 3142 Hic
1521 3108 1667 3142 orator
1691 3100 1772 3140 fuit
1792 3100 2171 3152 praestantissimus

1296 3174 1492 3218 tempore
1511 3164 1831 3213 Demosthenis,
1850 3169 1897 3204 et
1921 3175 2019 3203 cum
2036 3162 2174 3203 Athe-

1294 3230 1359 3269 nis
1378 3235 1508 3279 esset,
1536 3227 1717 3280 atquein
1738 3227 1899 3266 Senatu
1931 3226 2173 3278 promulga-

1296 3300 1386 3334 tum
1412 3292 1543 3343 foret,
1578 3298 1627 3331 ut
1657 3288 1904 3330 Alexander
1935 3288 1978 3328 in
1997 3301 2173 3331 numero

1296 3359 1506 3405 Deorum,
1524 3359 1569 3394 et
1588 3365 1664 3406 pro
1678 3352 1765 3392 filio
1784 3353 1905 3395 Jovis
1925 3352 2174 3404 haberetur,

1295 3420 1424 3472 idque
1451 3418 1735 3458 Athenienses
1773 3427 1888 3468 aegre
1918 3414 2101 3467 ferrent,
2129 3421 2176 3457 et

1297 3483 1467 3523 omnino
1496 3486 1762 3531 recusarent,
1788 3481 1831 3519 in
1863 3480 2046 3520 medium
2077 3480 2174 3531 pro‘·

1299 3547 1446 3600 cessit,
1473 3551 1518 3587 et
1539 3545 1676 3586 dixit:
1704 3543 1910 3596 ‘Videte‚
1938 3542 2174 3596 Atheniens
