2320 4004
386 311 528 362 1170

390 442 599 492 Zophirus
619 441 791 494 quidam
806 439 1007 490 Antigoni
1022 439 1144 478 miles
1164 451 1262 491 cog·

389 507 526 545 nitum
546 517 687 557 regem
705 505 1042 556 apprehendens,
1055 504 1116 542 illi
1133 509 1264 555 caput

390 568 602 618 abscidit3
650 567 893 620 Alcyoneus
927 579 1028 606 vero
1058 566 1265 618 Antigoni

389 633 500 672 filius
522 644 760 678 accurrens,
792 631 1022 671 abscissum
1057 631 1167 682 regis
1198 643 1266 669 ca·

391 703 470 748 put
490 696 541 734 ad
566 702 730 746 patrem
751 707 844 734 cum
865 707 1023 734 summa
1044 693 1266 733 alacritate

392 760 587 810 deportat
603 772 614 807 3
635 763 757 809 pater
773 757 903 797 filium
921 758 1070 797 baculo
1091 768 1266 808 percus-

393 821 465 870 sit,
486 833 535 860 ac
556 833 580 858 a
599 832 644 859 se
675 821 848 871 repulit,
874 821 1097 860 barbarum
1118 827 1161 858 et
1181 819 1268 869 pol-

388 886 526 923 lutum
566 885 801 936 appel-lans.
871 885 1004 936 Regis
1052 891 1182 936 caput
1223 890 1268 924 et

390 959 546 997 corpus
568 946 791 997 magnifice
810 944 1035 997 cremavit,
1054 949 1268 987 Helenum

393 1023 564 1063 quoque
593 1012 751 1062 Pyrrhi
771 1010 902 1052 filium
932 1012 1116 1063 benigne
1137 1017 1181 1051 et
1198 1012 1268 1050 lm-

390 1075 576 1121 maniter
618 1081 863 1126 exceptum,
901 1088 996 1114 cum
1030 1087 1125 1114 eum
1157 1087 1270 1113 com-

393 1139 544 1190 plexus
565 1142 692 1188 esset,
728 1138 835 1177 bene
865 1138 1199 1189 sperarejussit,
1227 1143 1270 1176 et

394 1214 488 1241 eum
511 1202 652 1240 statim
686 1201 728 1239 in
763 1202 947 1252 priorem
980 1201 1170 1240 habitum
1204 1212 1269 1238 οι·-

393 1270 624 1315 natumque
645 1265 852 1313 restituit,
872 1270 1000 1315 atque
1029 1264 1071 1302 in
1093 1263 1270 1314 Epirum

393 1326 629 1375 remisit,·'‘et
644 1338 745 1377 erga
763 1327 915 1365 amicos
932 1338 1096 1378 quoque
1113 1325 1271 1377 Pyrrhi

391 1388 599 1440 benignus
619 1388 716 1428 fuit.
748 1390 896 1428 Oliver.

451 1452 620 1503 Causea]
659 1452 812 1491 Velum
832 1451 1004 1504 capitis,
1025 1451 1135 1504 quod
1157 1450 1273 1490 circa

395 1520 528 1566 caput
548 1515 791 1566 gestabant.

446 1579 563 1617 More
583 1577 858 1628 Macedonum]
886 1576 955 1616 An
974 1576 1104 1628 igitur
1123 1587 1275 1615 causea

395 1654 476 1680 vox
501 1641 811 1681 Macedonibus
841 1641 1040 1693 propria?
1085 1641 1275 1680 Militare

397 1709 693 1754 tegumentum
719 1704 876 1755 capitis
906 1704 1037 1743 fuisse
1057 1709 1102 1743 et
1122 1716 1176 1742 ex
1194 1703 1274 1742 hoc

394 1768 489 1806 loco
504 1772 548 1806 et
561 1779 611 1806 ex
623 1767 808 1816 Vegetio
824 1767 1069 1818 discas,imo
1079 1779 1134 1806 ex
1149 1767 1276 1806 Plau-

396 1830 429 1869 ti
451 1829 598 1878 Persa,
618 1834 662 1869 et
692 1830 853 1870 Milite.
892 1831 1053 1870 Scena:
1085 1831 1097 1851 ‘
1125 1829 1275 1881 Sequi-

396 1892 515 1932 mini.
556 1892 763 1931 Causeam
791 1893 945 1932 habeas
974 1892 1277 1944 ferrugineam,

396 1955 618 1995 culcitram
658 1955 712 1994 ob
746 1957 892 1994 oculos
922 1954 1117 1995 laneam.’
1172 1955 1277 1994 Ute-

395 2017 553 2058 bantur
577 2029 630 2056 ea
663 2023 942 2068 pugnatores,
961 2030 1014 2057 ne
1035 2017 1147 2057 oculi
1166 2029 1190 2056 a
1211 2029 1275 2055 so-

397 2080 450 2119 lis
488 2080 616 2119 radiis
659 2082 895 2132 perstringi
913 2088 1069 2120 rentur.
1127 2080 1278 2119 Fuisse

398 2147 540 2182 tamen
562 2149 607 2183 et
638 2143 786 2182 Romae
817 2150 1039 2194 gestamen
1065 2141 1278 2192 significat

398 2205 614 2244 Martialis
661 2205 735 2244 lib.
783 2217 881 2245 xiv.
929 2207 1006 2244 hoc
1044 2207 1244 2244 lemmate
1266 2218 1276 2244 :

397 2269 409 2288 ⁴
450 2267 648 2306 CAVSEA.
719 2268 769 2307 In
818 2269 1081 2320 Pompeiano
1136 2274 1279 2308 tectus

399 2330 603 2381 spectabo
637 2330 801 2370 theatro
822 2345 832 2371 :
879 2333 989 2370 Nam
1022 2337 1173 2370 ventus
1208 2344 1279 2383 po-

401 2394 503 2443 pulo
524 2394 620 2432 vela
640 2405 793 2445 negare
821 2395 962 2434 solet)
1021 2391 1176 2434 Graec'a
1196 2395 1280 2434 ori-

399 2457 498 2508 gine
519 2469 612 2496 esse
635 2470 779 2497 vocem
811 2470 892 2497 non
925 2458 1090 2507 dubito,
1110 2458 1184 2498 ἀπὸ
1211 2459 1281 2498 τοῦ

399 2519 531 2559 καίειν.
599 2522 750 2560 Suidas
768 2535 779 2561 z
829 2521 995 2575 Καυσία,
1031 2521 1129 2563 εἶδος
1164 2521 1281 2562 πίλου

399 2586 648 2635 Βαρβαρικοῦ.
681 2586 854 2625 coleras.

461 2647 591 2697 Urna]
637 2648 756 2687 Urna
776 2656 862 2700 est,
880 2662 972 2701 quae
994 2661 1071 2701 pro
1092 2650 1277 2689 conden-

402 2708 469 2747 dis
515 2709 816 2751 defunctorum
855 2713 1071 2752 cineribus
1118 2713 1281 2752 solebat

403 2771 608 2813 adhiberi.

457 2836 479 2886 ξ
499 2840 522 2874 5
556 2837 748 2886 Campani
767 2837 915 2887 autem]
957 2837 1104 2876 Livius
1126 2838 1197 2877 lib.
1218 2848 1280 2878 rx,

402 2897 519 2936 circa
549 2898 835 2948 principium:
875 2899 981 2938 Cum
1005 2898 1138 2938 Aulus
1161 2900 1280 2938 Post-

403 2959 570 2998 humius
590 2967 635 2999 et
653 2962 701 3000 Τ.
718 2962 925 3001 Veturius
945 2965 1139 3002 consules
1158 2976 1282 3014 opem

407 3023 601 3061 Luceriae
621 3022 734 3062 ferre
757 3025 929 3069 vellent,
950 3025 1065 3063 inter
1099 3024 1284 3064 furculas

404 3085 618 3124 Caudinas
650 3086 798 3125 inclusi
837 3093 950 3126 sunt.
1017 3089 1155 3127 Locus
1191 3094 1285 3128 erat

407 3148 536 3199 sylvis
568 3149 753 3201 undique
787 3150 948 3190 obsitus
968 3164 978 3190 z
1025 3163 1120 3189 nam
1153 3153 1284 3191 saltus

405 3210 489 3249 duo
509 3211 584 3250 alti
601 3213 770 3262 augusti
786 3214 1025 3266 sylvosique
1041 3220 1153 3265 sunt,
1169 3228 1283 3255 mon-

403 3272 520 3313 tibus
540 3275 672 3313 arctis
687 3276 910 3326 perpetuis
931 3277 1042 3316 inter
1060 3278 1284 3328 sejuncti;

403 3334 446 3373 in
460 3334 600 3374 medio
613 3348 786 3387 campus
800 3343 865 3376 est
882 3338 1082 3377 herbidus
1097 3347 1141 3378 et
1157 3352 1284 3391 aquo-

403 3410 578 3450 sus,per
596 3411 719 3451 quem
732 3401 915 3440 medium
929 3402 1010 3440 iter
1026 3409 1110 3441 est:
1131 3403 1205 3440 sed
1218 3415 1286 3442 au-

406 3466 576 3512 tequam
588 3463 731 3501 venias
742 3463 795 3502 ad
805 3464 1127 3514 eum,intranda:
1139 3477 1288 3516 augus·

409 3524 481 3563 tiae
498 3531 610 3578 sunt,
623 3530 665 3565 et
682 3533 753 3566 aut
767 3527 931 3579 eadem,
945 3539 1026 3579 qua
1044 3534 1085 3568 te
1100 3528 1286 3568 insinua-

956 322 1134 359 No'rAE
1173 320 1506 360 VARIORUM
1550 321 1615 360 1N

1326 439 1455 490 veris,
1469 444 1586 480 retro
1614 439 1682 478 via
1700 440 1939 492 repetenda
1955 443 2038 488 est,
2061 441 2152 489 aut,
2169 436 2205 478 si

1325 503 1387 543 ire
1401 515 1527 553 porro
1548 514 1717 554 pergas,
1734 503 1948 554 peralium
1957 503 2106 542 saltum
2117 513 2207 541 arez·

1328 566 1477 605 tior-em
1492 565 1909 618 impeditioremque,
1923 565 2207 605 evadendum.

1327 630 1378 668 In
1399 641 1494 667 eum
1514 641 1710 680 campum
1741 629 1812 668 via
1845 629 1928 668 alia
1960 641 2039 680 per
2059 636 2206 668 cavam

1329 704 1476 742 rupem
1504 703 1600 730 cum
1635 693 1816 731 Romani
1846 692 2083 742 venissent,
2100 695 2146 731 et
2163 690 2206 730 in

1330 757 1432 794 alias
1450 754 1666 805 angustias
1684 755 1747 793 ire
1763 759 2008 806 pergerent,
2021 766 2092 794 eas
2112 766 2208 805 sep·

1331 824 1394 857 tas
1413 817 1588 870 dejectu
1622 817 1819 857 arborum
1841 828 2127 868 saxorumque
2146 816 2210 855 iu·

1331 882 1518 933 gentium
1552 880 1776 931 objacente
1795 880 1906 919 mole
1936 878 2210 918 invenerunt.

1331 953 1432 985 tunc
1468 945 1585 985 fraus
1613 945 1778 983 hostilis
1823 942 2040 995 apparuit,
2077 946 2125 981 et
2166 941 2209 980 in

1330 1021 1492 1048 summo
1513 1009 1626 1047 saltu
1657 1006 1901 1058 praesidium
1931 1004 2210 1057 conspicitur.

1331 1071 1381 1110 In
1400 1070 1574 1110 insidias
1609 1069 1888 1122 praecipitati,
1907 1081 2004 1108 cum
2024 1066 2212 1108 evadere

1331 1134 1447 1172 nullo
1477 1133 1602 1173 modo
1633 1137 1823 1184 possent,
1845 1130 2002 1171 foedam
2036 1135 2082 1170 et
2099 1130 2214 1182 igno·

1331 1197 1545 1235 miniosam
1576 1195 1840 1235 deditionem
1872 1194 2070 1246 accipere
2097 1204 2212 1233 com-

1332 1259 1440 1309 pulsi
1461 1265 1574 1305 sunt,
1594 1264 1642 1297 ut
1662 1270 1755 1297 cnm
1787 1256 1962 1308 singulis
1982 1255 2212 1296 vestimen-

1333 1322 1387 1360 tis
1418 1321 1496 1359 sub
1523 1320 1676 1371 jugum
1704 1318 1819 1357 missi
1856 1318 2026 1358 abirent
2050 1317 2212 1357 incolu-

1333 1395 1450 1422 mes:
1491 1395 1575 1435 qua
1604 1381 1848 1421 conditione
1886 1385 2084 1432 accepta,
2116 1391 2213 1420 curn

1335 1454 1434 1486 ante
1456 1454 1626 1486 noctem
1649 1446 1838 1497 Capuam
1871 1443 2099 1496 pervenire
2118 1449 2215 1496 pos·

1336 1513 1444 1558 sent,
1458 1508 1610 1548 incerti
1625 1507 1678 1546 de
1698 1507 1783 1546 fide
1794 1506 2019 1557 sociorum,
2036 1511 2083 1546 et
2098 1505 2215 1558 quod

1335 1571 1475 1624 pudor
1494 1571 1803 1623 praepediebat,
1822 1570 1937 1610 circa
1957 1569 2084 1619 viam,
2101 1569 2214 1613 haud

1336 1639 1484 1691 procul
1504 1651 1527 1678 a
1547 1639 1708 1688 Capua,
1741 1636 1926 1676 omnium
1959 1649 2098 1688 egena
2124 1647 2219 1676 cor-

1338 1714 1443 1755 pora
1461 1702 1573 1741 humi
1605 1706 1941 1753 prostraverunt.
1997 1700 2122 1742 Quod
2142 1699 2218 1740 ubi

1338 1771 1405 1806 est
1438 1767 1628 1817 Capuam
1660 1765 1915 1811 nuntiatum,
1948 1763 2028 1803 hac
2058 1764 2101 1803 in
2144 1775 2218 1803 eos

1337 1830 1602 1870 humanitate
1623 1829 1688 1869 usi
1707 1836 1804 1869 sunt
1825 1827 2047 1879 Campani,
2067 1832 2132 1877 ut,
2149 1838 2217 1866 so-

1337 1895 1495 1934 ciorum
1533 1894 1655 1945 justa
1690 1892 1963 1932 miseratione
1998 1890 2219 1939 commoti,

1339 1958 1536 2009 deposita
1574 1957 1719 1997 statim
1766 1955 1956 2007 ingenita
2002 1953 2219 2006 superbia,

1339 2021 1562 2060 mitterent
1582 2019 1809 2060 confestim
1824 2018 2008 2070 insignia
2027 2029 2104 2057 sua
2118 2029 2220 2057 con-

1341 2083 1516 2133 sulibus,
1530 2081 1688 2133 fasces,
1706 2082 1900 2131 lictores,
1920 2093 2051 2132 arma,
2069 2092 2220 2133 equos,

1339 2146 1595 2186 vestimenta
1626 2150 1974 2196 commeatusque
2012 2142 2219 2183 militibus

1341 2208 1548 2259 omnibus,
1603 2214 1649 2248 et
1696 2207 1966 2248 venientibus
2011 2206 2220 2257 Capuam,

1342 2279 1522 2313 cunctus
1541 2274 1725 2316 Senatus
1755 2273 2023 2324 populusque
2051 2270 2220 2311 obviam

1341 2348 1550 2388 egressus,
1565 2337 1696 2388 justis
1712 2334 2222 2388 omnibusjiospitalibus,

1341 2408 1385 2438 et
1423 2400 1608 2450 publicis
1641 2405 1686 2440 et
1723 2399 1901 2452 privatis
1938 2397 2221 2451 fungerentur

1342 2462 1502 2503 officiis.
1561 2465 1696 2505 Quam
1733 2469 1920 2503 mentem
1958 2463 1994 2502 si
2031 2460 2222 2502 secundo

1341 2527 1505 2565 Punico
1535 2526 1648 2566 bello
1683 2525 1887 2565 adversus
1910 2526 2119 2565 Romanos
2135 2537 2224 2564 ser-

1342 2594 1531 2640 vassent,
1553 2589 1728 2628 Fulvius
1762 2588 1943 2628 Flaccus
1979 2588 2126 2626 consul
2155 2598 2223 2626 se·

1341 2665 1465 2691 cures
1512 2663 1608 2690 suas
1654 2652 1969 2701 Campanorum
2016 2648 2223 2699 sauguine

1340 2726 1424 2753 non
1445 2719 1724 2764 cruentasset,
1743 2719 1789 2752 ut
1806 2713 1974 2751 illorum
2002 2710 2222 2762 perfidiam

1344 2777 1596 2816 vindicaret.
1655 2777 1828 2828 Dequo
1848 2775 1889 2814 in
1918 2786 2014 2826 cap.
2033 2773 2086 2813 de
2113 2773 2224 2812 Con-

1341 2839 1500 2878 stantia
1543 2839 1704 2890 largius
1747 2838 1911 2879 dictum
1957 2842 2038 2878 est.
2090 2837 2223 2877 Olive-

1342 2903 1440 2942 rius.

1401 2966 1600 3005 Caudinas
1629 2965 1798 3016 Furcas]
1851 2965 2004 3004 Furcae
2035 2963 2100 3003 vel
2130 2961 2221 3002 fau·

1345 3041 1417 3068 ces
1436 3028 1642 3069 Caudinae
1659 3041 1683 3068 a
1699 3027 1859 3068 Caudio
1875 3026 2128 3067 Samnitium
2148 3037 2224 3077 op-

1346 3092 1447 3143 pido
1468 3104 1619 3131 nomen
1641 3103 1867 3142 accepere.

1398 3154 1569 3205 Jugum]
1623 3154 1787 3205 Jugum
1823 3151 1959 3193 tribus
1993 3150 2126 3190 hastis
2161 3149 2227 3201 fit,

1346 3216 1508 3257 duabus
1544 3217 1659 3256 humi
1696 3215 1865 3265 defixis,
1901 3226 2114 3267 superque
2151 3225 2223 3253 eas

1347 3291 1429 3318 una
1449 3285 1694 3318 transversa
1714 3279 1857 3330 ligata.

1402 3343 1487 3386 Quo
1532 3343 1676 3392 animo,
1712 3341 1800 3391 δρα]
1856 3339 2049 3392 Contigit
2093 3339 2147 3380 A.
2168 3340 2224 3379 U.

1349 3416 1493 3444 Dxmi.

1401 3469 1422 3517 ᾧ
1456 3471 1482 3506 6
1511 3467 1650 3519 Facta,
1694 3467 1782 3518 ἔγω]
1842 3467 2031 3519 Contigit
2077 3467 2130 3508 A.
2169 3467 2222 3507 U.

1350 3540 1533 3571 nxxvn.
