2288 3990
543 271 805 314 VALERu
847 270 1088 311 ΜΑΧιΜι
1131 272 1252 311 mn.
1291 272 1357 310 11.
1398 271 1536 311 cAi’.
1562 258 1648 309 10.

184 401 289 441 bant
317 397 446 439 etiam
466 399 654 436 mortuos
675 392 729 434 ad
750 391 916 442 tibiam,
937 396 986 432 ut
1005 403 1060 431 ex

181 463 321 505 Statio
335 464 503 505 constat
516 457 571 498 de
587 456 866 505 Archemoro,
885 460 932 496 et
948 454 1064 506 apml

181 525 370 567 Plinium
407 535 461 562 ex
500 519 652 561 funere
691 519 784 571 ejus
824 519 960 567 corvi,
994 517 1067 571 qui

181 587 411 636 Tiberium,
429 585 529 629 inde
547 584 852 629 Germanicum
878 587 925 623 et
953 582 1068 622 Dru-

183 664 275 692 sum
315 649 564 691 nominatim
599 650 793 689 Caesares
834 645 1067 690 salutabat.

183 715 390 759 Pluribus
430 719 686 767 prosecutus
732 718 803 753 est
843 710 1070 753 materiam

182 780 295 822 hano
314 777 447 820 Linus
467 776 703 829 Gyraldus,
721 776 773 819 ad
803 788 932 829 quem
962 774 1071 814 rele-

185 855 256 895 go,
282 843 319 883 si
340 843 434 895 quis
454 843 579 894 plura
598 841 801 894 requirat.
832 841 1054 890 Fungerua.

242 906 452 958 Frontem]
481 907 534 950 Id
566 914 652 954 est,
680 918 884 948 summam
918 910 963 944 et
984 903 1071 957 pri-

187 983 302 1017 mam
320 978 488 1024 partem
509 971 620 1014 illius
637 969 757 1011 lecti.

241 1035 509 1080 Macedonicis
541 1033 770 1086 triumphis]
811 1032 926 1076 Quia
962 1032 1071 1072 Per-

185 1110 278 1143 sam
294 1098 565 1143 Maeedoniae
597 1109 741 1149 regem
765 1096 1075 1148 debellaverat,

185 1166 232 1204 et
247 1162 301 1206 de
320 1162 415 1214 ipso
434 1162 618 1214 gloriose
637 1161 992 1213 triumphaverat.

241 1226 416 1278 Indicia]
454 1226 675 1268 Videlicet
710 1226 970 1278 triumphum
1000 1225 1074 1266 de·

186 1291 369 1342 pictum,
399 1303 486 1344 qno
516 1290 804 1343 indicabatur,
837 1291 889 1331 ab
920 1303 971 1331 eo
1002 1291 1075 1343 qui

187 1352 412 1398 ferebatur
430 1360 622 1395 mortuus
641 1355 941 1397 Macedoniam
968 1353 1074 1394 fuis·

189 1429 236 1462 se
255 1424 513 1471 superatam.
546 1419 652 1461 Oliv.

244 1480 420 1532 Indicia]
435 1481 487 1522 Id
507 1487 590 1534 est,
606 1482 731 1535 signa
746 1486 792 1523 et
802 1488 1076 1524 monumenta

194 1546 396 1589 cladium.

245 1612 269 1661 ξ
288 1613 316 1650 4
346 1610 412 1650 Ne
423 1610 514 1662 filii
536 1610 708 1662 quinem]
738 1611 943 1662 Superior
958 1609 1077 1652 Afri-

190 1685 323 1715 canus
357 1672 491 1715 filium
528 1674 679 1715 habuit
711 1676 820 1717 adeo
858 1676 1000 1715 tenuis
1030 1681 1075 1716 et

189 1737 317 1780 exilis
354 1743 535 1787 naturae,
565 1743 613 1781 ut
645 1750 726 1779 nec
758 1737 869 1779 filios
902 1739 1075 1792 quidem

190 1814 423 1855 procreare
446 1808 607 1854 posset.
656 1802 718 1842 Ut
738 1814 793 1842 ex
810 1815 886 1845 suo
905 1803 1077 1844 nomine

190 1877 327 1918 genus
366 1861 644 1919 propagaret,
689 1867 824 1909 tilium
871 1880 897 1909 a
943 1869 1078 1910 Paulo

193 1929 365 1974 AEmilio
396 1931 440 1972 in
473 1932 749 1984 adoptionem
788 1933 976 1984 accepit,
1004 1934 1079 1987 qui

191 1994 350 2036 deinde
373 1993 606 2036 Africanus
631 1994 809 2037 inferior
829 1996 972 2037 dictus
993 2002 1080 2049 est,

191 2066 246 2097 eo
275 2057 389 2111 quod
410 2057 603 2101 Africam
635 2058 858 2110 devIcerit,
894 2066 940 2102 et:
975 2062 1080 2102 Car-

192 2120 410 2177 thaginem
455 2121 646 2163 funditus
692 2124 915 2166 everterit.
975 2126 1081 2167 Oliv.

194 2183 390 2236 Contigit
408 2185 463 2228 A.
478 2187 534 2228 U.
554 2197 664 2230 neu.

249 2248 433 2291 Duarum
449 2249 722 2302 familiarum]
749 2252 990 2294 AEmilianae
1021 2264 1084 2296 sc.

198 2314 245 2350 et
261 2310 528 2363 Scipionum.

248 2375 542 2416 Adolescentem
558 2377 782 2429 admodum]
812 2378 967 2430 Scipio
988 2392 1086 2421 cum

197 2438 379 2479 Lucullo
397 2438 669 2492 Imperatore
684 2441 903 2483 militabat
922 2443 966 2483 in
987 2444 1086 2484 His-

199 2501 343 2554 pania,
376 2504 450 2555 qui
484 2504 747 2555 provinciam
770 2517 871 2546 cum
891 2507 1087 2548 exercitu

198 2565 405 2616 tenebat;
444 2572 491 2608 et
520 2580 618 2609 cum
649 2569 704 2610 ad
732 2571 1087 2622 supplementum

195 2630 414 2673 exercitus
446 2631 511 2672 uti
530 2632 664 2674 vellet
683 2634 844 2674 auxilio
866 2635 1087 2686 Carthagi-

197 2693 426 2747 niensium,
455 2707 552 2736 nam
579 2702 676 2739 'tum
709 2703 833 2739 erant
870 2699 1089 2739 tributarii

201 2760 588 2812 Carthaginienses,
617 2762 864 2814 Scipionem
899 2763 944 2804 in
972 2762 1087 2804 Afri-

198 2837 292 2866 cam
310 2825 427 2867 misit
441 2826 582 2868 adhuc
595 2826 940 2879 adolescentem3
961 2840 1089 2881 quem

199 2901 299 2931 cum
317 2890 578 2932 Massauissa
597 2891 794 2943 vidisset,
823 2892 1088 2945 disceptato-

201 2965 290 2994 rem
312 2954 433 3006 pacis
454 2955 566 2995 inter
582 2968 626 2995 se
646 2961 692 2996 et
713 2956 1088 3009 Carthaginienses

197 3018 406 3058 continuo
424 3017 601 3070 delegit.
631 3019 741 3059 Oliv.

255 3080 592 3132 Disceptatorem]
644 3081 937 3134 Cognitorem.
995 3083 1091 3124 Dis·

197 3149 375 3196 ceptator
407 3144 582 3197 dicitur,
602 3145 677 3198 qui
705 3146 820 3186 inter
839 3145 948 3186 dnos
965 3146 1092 3186 dissi-

198 3207 357 3256 dentes
373 3209 549 3260 eligitur
563 3209 616 3249 ad
636 3209 754 3250 litem
769 3209 1072 3261 judicandam.

255 3273 532 3325 Indulgentia]
561 3273 615 3314 Id
645 3278 729 3324 est,
746 3275 868 3326 largo
887 3274 1064 3314 bonore.

256 3336 444 3389 Superius
485 3338 715 3395 cognomen]
781 3337 823 3379 A
869 3339 1092 3392 superiore

206 3397 414 3442 Africano
447 3402 663 3454 Carthago
701 3401 819 3444 facta
847 3410 912 3443 est
934 3405 1092 3456 populo

207 3463 397 3503 Romano
414 3465 668 3517 tributaria3
689 3467 741 3507 ab
763 3466 967 3508 inferiore
989 3480 1093 3508 vero

205 3526 402 3569 funditus
435 3540 604 3571 eversa.
658 3532 907 3584 Scipionum
947 3537 1089 3574 autem

1864 257 1888 310 1
1902 257 2007 310 059

1126 390 1290 431 familia
1327 404 1352 431 a
1389 395 1519 444 gente
1557 388 1757 431 Cornelia
1799 389 2008 442 originem

1128 454 1265 495 duxit.
1296 456 1404 495 Oliv.

1182 521 1241 571 §5
1274 519 1382 565 Quid
1407 517 1679 567 damnativam·
1702 515 1792 569 ξω]
1818 515 1872 557 Ρ.
1889 515 2012 557 Ruti-

1130 582 1211 623 lius
1233 582 1296 622 vir
1313 594 1488 622 summae
1519 581 1793 632 innocentiae,
1824 591 1922 622 cum
1953 581 2014 620 le·

1132 653 1258 699 gatus
1291 647 1341 688 C.
1375 647 1504 687 Mutii
1538 646 1823 700 proconsulis,
1850 645 1936 695 vel,
1965 649 2016 685 ut

1133 711 1205 752 alii
1239 710 1405 760 dicunt,
1447 716 1635 763 quaestor
1669 709 1867 763 praetoris
1899 709 2015 748 Asiae

1133 779 1356 828 praeesset,
1391 775 1446 815 ab
1479 775 1647 827 injuriis
1686 773 2016 827 publicanorum

1133 838 1280 879 Asiam
1315 836 1602 887 defenderat3
1633 849 1729 878 nam
1763 836 2018 889 ,publicanos

1135 902 1367 955 vectigalia
1395 899 1591 954 asperius
1622 901 1845 953 exigentes
1876 899 2021 951 prohi-

1134 967 1290 1008 buerat
1306 965 1582 1009 miseratione
1597 964 1823 1006 civitatum
1836 974 2019 1014 commo-

1136 1038 1221 1083 tus,
1256 1031 1327 1083 qui
1359 1043 1457 1072 cum
1496 1035 1646 1082 postea
1675 1028 1861 1079 virnperio
1897 1026 2020 1069 finito

1138 1098 1315 1139 Romam
1328 1095 1546 1147 rediisset,
1560 1106 1656 1135 eum
1673 1091 1891 1144 publicani
1907 1091 2022 1131 laesae

1138 1161 1382 1213 majestatis
1402 1164 1674 1208 accusarunt,
1698 1156 1812 1208 quod
1839 1155 2027 1207 vectiga-

1137 1226 1196 1266 lia
1217 1225 1363 1277 populi
1384 1222 1565 1264 Romani
1586 1221 1700 1274 exigi
1720 1219 2024 1272 prohibuisset.

1138 1289 1287 1329 Valuit
1302 1287 1537 1337 accusatio,
1559 1287 1662 1327 etin
1678 1285 1850 1324 exilium
1873 1284 2019 1335 pulsus

1139 1360 1222 1405 est,
1250 1365 1348 1393 nam
1378 1351 1566 1405 equestri
1603 1350 1742 1390 ordini
1775 1348 2026 1401 perinvisus‚

1141 1432 1274 1473 penes
1293 1431 1417 1472 quem
1439 1423 1528 1458 tum
1549 1415 1713 1470 judicia
1747 1421 1888 1463 erant,
1909 1415 2023 1454 iaesae

1141 1483 1392 1536 majestatis,
1425 1482 1510 1527 vel,
1538 1485 1586 1520 ut
1618 1479 1689 1520 alii
1714 1478 1885 1527 dicunt,
1906 1489 2029 1528 repe·
2088 1520 2090 1524 ⁸

1141 1548 1368 1589 tundarum
1420 1546 1580 1598 injuste
1627 1543 1873 1592 damnatus,
1918 1542 2027 1581 urbe

1142 1612 1312 1663 ejectus
1331 1616 1396 1651 est
1416 1623 1428 1659 ;
1466 1610 1536 1651 cui
1574 1609 1616 1648 in
1637 1608 1812 1648 exilium
1836 1605 2029 1658 proficis-

1145 1676 1263 1716 centi
1283 1686 1428 1715 omnes
1445 1672 1563 1715 Asiae
1581 1671 1812 1725 provinciae
1831 1671 2031 1711 civitates

1140 1740 1313 1781 honoris
1334 1738 1476 1791 gratia
1507 1738 1670 1789 legatos
1702 1735 1874 1776 obviam
1905 1734 2029 1774 mise-

1143 1809 1259 1855 runt,
1281 1809 1326 1844 et
1351 1815 1448 1843 eum
1477 1799 1908 1842 honorificentissime
1941 1797 2032 1837 ubi-

1143 1879 1226 1920 que
1245 1871 1546 1918 susceperunt.
1601 1865 1672 1904 De
1703 1863 1827 1915 cujus
1858 1860 2033 1901 fortuna

1143 1937 1190 1971 et
1222 1930 1469 1971 conditione
1487 1929 1662 1971 dicetur
1682 1929 1724 1968 in
1745 1939 1839 1980 cap.
1860 1926 1912 1966 de
1934 1925 2030 1965 Mu-

1145 1996 1308 2037 tatione
1327 1995 1545 2035 Fortunae.
1576 1993 1725 2034 Oliver.

1206 2058 1522 2109 Publicanomm]
1563 2056 1793 2098 Publicani
1839 2067 1866 2095 a
1907 2054 1934 2096 J
1941 2053 2033 2094 Ctis

1149 2123 1355 2167 Romanis
1375 2122 1480 2163 dicti
1500 2127 1600 2162 sunt
1619 2121 1690 2174 qui
1712 2119 1886 2173 publica
1903 2117 2035 2158 vecti-

1149 2188 1263 2240 galia
1281 2193 1326 2227 et
1345 2187 1450 2228 alios
1471 2186 1628 2238 Populi
1645 2186 1698 2225 R.
1717 2183 1897 2232 reditus,
1913 2188 2037 2222 exte·

1150 2252 1207 2292 ris
1239 2251 1482 2291 nationibus
1532 2250 1782 2300 imperatos,
1828 2258 1908 2286 nec
1932 2258 2035 2285 vnon

1150 2316 1266 2356 ultro
1282 2314 1459 2364 tributa,
1477 2319 1667 2366 quaestus
1689 2312 1753 2351 sui
1769 2322 2035 2362 causa,‚con-

1152 2378 1307 2419 stituto
1327 2378 1469 2429 pretio
1501 2377 1714 2429 exigenda
1746 2374 2036 2423 redimebant,

1151 2443 1221 2483 vel
1240 2455 1264 2482 a
1284 2441 1386 2482 fiseo
1407 2440 1724 2481 conducebant.
1783 2438 1950 2478 Horum
1971 2449 2038 2476 or·

1151 2506 1294 2547 dinem
1308 2506 1456 2545 Romae
1469 2509 1514 2545 et
1526 2514 1704 2544 numero
1716 2501 2035 2554 amplissimum,

1150 2577 1197 2612 et
1234 2582 1515 2623 personarum
1543 2569 1758 2621 dignitate
1785 2567 2036 2621 potentissi-

1152 2648 1266 2676 mum
1281 2633 1426 2687 fnisse,
1438 2634 1546 2674 adeo
1558 2639 1608 2674 ut
1624 2645 1708 2673 non
1724 2632 1806 2673 nisi
1821 2631 2036 2685 equitibus

1153 2699 1359 2740 Romanis
1389 2696 1579 2738 conferri
1606 2698 1781 2747 soleret,
1808 2697 1923 2736 inter
1942 2708 2038 2747 pro-

1151 2763 1274 2803 fanos
1317 2762 1553 2816 scriptores
1599 2761 1754 2802 Cicero
1798 2760 2040 2800 luculenter

1153 2832 1339 2869 testatur
1356 2827 1486 2866 variis
1503 2825 1620 2866 locis.
1677 2826 1744 2865 Ex
1763 2825 1827 2865 his
1848 2824 2038 2876 publica-

1152 2892 1217 2932 nis
1239 2891 1310 2932 alii
1326 2890 1553 2942 Mancipes
1573 2895 1714 2938 erant,
1741 2888 1811 2928 alii
1844 2886 2043 2937 Praenes,

1155 2956 1226 2996 alii
1246 2955 1386 2996 Socii:
1417 2961 1464 2994 ut
1490 2966 1544 2994 ex
1565 2954 1746 3007 Polybio
1759 2951 1950 2993 ostendit
1971 2952 2036 2991 Si-

1155 3022 1306 3074 gonius
1340 3021 1394 3062 de
1422 3021 1531 3062 Jure
1552 3020 1722 3062 Civium
1743 3020 1866 3059 Rom.
1887 3017 1962 3056 lib.
1984 3028 2035 3056 11.

1153 3098 1251 3138 cap.
1272 3090 1315 3126 4.
1371 3086 1595 3139 Mancipes
1620 3084 1795 3138 quidem
1829 3095 1883 3122 ex
1908 3083 2037 3122 Festo

1155 3149 1262 3190 dicit
1281 3149 1429 3202 fuisse,
1447 3154 1662 3203 quotquot
1679 3145 1839 3200 aliquid
1859 3158 1883 3184 a
1904 3156 2037 3196 popu·

1155 3214 1196 3254 lo
1225 3220 1436 3267 emerant,
1463 3213 1838 3253 conduxerantve:
1869 3209 1929 3247 ita
1961 3218 2036 3246 no-

1154 3277 1355 3328 minatos,
1384 3278 1485 3329 quia
1512 3276 1684 3317 sublata
1719 3285 1843 3313 manu
1876 3270 2037 3323 signifi-

1156 3340 1316 3379 cabant
1347 3351 1394 3380 se
1431 3339 1660 3392 emptionis
1694 3342 1892 3387 auctores
1928 3346 2041 3385 esse,

1153 3415 1262 3455 quos
1283 3403 1516 3443 Paedianus
1548 3401 1762 3454 principes
1795 3398 2039 3450 publicano·

1156 3479 1249 3506 rum
1269 3466 1402 3506 fuisse
1423 3467 1498 3516 ait,
1517 3465 1588 3518 qui
1610 3469 1799 3516 quaestus
1820 3463 1883 3501 sui
1911 3473 2038 3502 causa

1157 3530 1369 3582 exigenda
1393 3543 1417 3570 a
1443 3529 1568 3570 sociis
1589 3527 1873 3581 suopericulo
1892 3526 2034 3578 exige-
