2320 4004
389 297 530 350 1106

388 426 470 468 feri
487 439 558 469 111.
576 441 670 469 cum
691 428 891 470 dimidio:
919 429 1099 482 quinarii
1116 436 1160 471 et
1175 442 1261 471 ses-

390 490 510 530 tertii
538 503 616 542 pro
645 491 932 542 proportione.
960 492 1072 543 mps.
1099 493 1262 533 Sester-

388 553 475 593 tius
502 554 648 606 itaque
679 560 828 606 quarta
854 567 951 606 pars
979 555 1159 606 denarii,
1187 562 1262 597 aut

386 616 641 657 Sestertium
671 618 785 656 mille
815 630 1007 658 nummos
1032 619 1262 660 Sestertios

387 680 520 730 valet,
534 681 601 719 vel
623 679 727 719 duas
746 682 913 731 argenti
933 681 1059 721 libras
1077 689 1123 723 et
1141 682 1262 722 dimi-

387 742 516 793 diam,
538 747 585 782 ut
618 742 782 782 Budaeo
813 745 970 794 placet.
1026 745 1139 784 Hinc
1171 746 1260 786 Ho-

386 806 520 845 ratius
532 805 607 845 lib.
624 817 676 847 11.
692 806 830 857 Epist.
845 807 897 846 ad
911 808 1079 847 Florum
1097 822 1107 848 :
1134 808 1147 830 ⁴
1164 809 1260 848 Cla-

386 880 458 908 rus
488 869 542 909 ob
577 868 621 908 id
653 868 818 931 (anctum
842 869 964 910 donis
993 876 1169 910 ornatur
1188 870 1259 910 ho-

385 933 530 983 nestis,
558 931 731 984 Accipit
750 938 795 972 et
814 932 876 972 bis
895 934 1005 973 dena
1023 946 1150 985 super
1168 934 1259 973 Ses-

385 995 517 1035 tertia
548 995 794 1036 nummum!
850 997 1045 1036 Ridicula
1072 997 1140 1036 hic
1159 996 1261 1036 suisa

386 1063 454 1098 set
499 1059 666 1098 Luculli
700 1059 1007 1110 munificentia,
1041 1060 1076 1099 si
1109 1059 1260 1112 viginti

385 1123 604 1163 sestertios
651 1125 691 1163 ei
733 1124 911 1164 donatos
947 1124 1259 1176 intelligamus:

384 1197 467 1237 quo
487 1192 616 1237 pacto
643 1199 745 1239 ergo
763 1187 1041 1238 explicandus
1058 1187 1093 1226 is
1113 1186 1259 1226 locus?

384 1248 482 1288 dico
507 1249 571 1288 bis
592 1250 702 1289 dena
728 1250 930 1290 sestertia
946 1262 1160 1289 nummum
1179 1245 1259 1300 sissg-

383 1309 558 1350 nificare
590 1311 655 1351 bis
689 1312 815 1363 dena,
842 1325 914 1352 seu
946 1312 1098 1363 viginti
1128 1312 1261 1350 millia

384 1374 628 1413 sestertium
645 1386 873 1414 nummum.
927 1374 1000 1414 Ita
1015 1379 1061 1413 et
1073 1374 1260 1426 loquitur

383 1435 537 1476 Cicero
553 1437 691 1488 Epist.
705 1437 853 1489 quinta
867 1437 919 1476 ad
934 1436 1088 1477 Rufum
1105 1449 1115 1476 :
1147 1437 1160 1459 ‘
1172 1437 1258 1477 Re-

379 1498 542 1550 liquum
556 1505 623 1540 est
641 1500 694 1539 de
714 1501 959 1540 sestertium
978 1506 1148 1540 centum
1165 1500 1258 1540 mil-

380 1563 508 1614 libus,
543 1564 598 1604 de
630 1564 782 1616 quibus
819 1564 1123 1604 memini'mihi
1153 1575 1179 1603 a
1212 1569 1256 1603 te

380 1626 555 1678 Myrina
581 1627 731 1668 literas
749 1628 900 1668 allatas
920 1627 1040 1668 esse!
1094 1627 1256 1666 Eadem

378 1688 577 1739 Epistola
595 1690 705 1730 hanc
724 1703 926 1731 summam
945 1691 1142 1731 sestertia
1159 1703 1256 1730 cen-

379 1754 470 1790 tum
501 1754 708 1804 appellat.
760 1753 916 1805 Itaque
942 1766 1042 1794 cum
1074 1753 1255 1794 dicimus

379 1813 531 1854 decem
551 1816 754 1863 sestertii,
768 1817 928 1856 nullum
947 1829 1165 1857 numerum
1181 1828 1255 1856 ex-

378 1881 447 1917 tra
462 1879 572 1919 hune
600 1879 907 1931 intelligimus:
937 1892 1032 1920 cum
1052 1891 1155 1919 vero
1183 1879 1255 1918 de·

380 1952 474 1981 cem
514 1942 778 1993 sestertium,
814 1943 877 1982 his
913 1942 1052 1982 verbis
1103 1941 1254 1982 decem

378 2004 514 2045 millia
525 2006 768 2045 sestertium
780 2005 1073 2057 designamus;
1095 2010 1138 2044 at
1158 2017 1255 2045 cum

375 2066 519 2107 decies
535 2069 794 2121 sestertium,
810 2068 1014 2120 majorem
1030 2069 1159 2108 etiam
1179 2080 1255 2107 nu-

375 2141 552 2180 merum,
566 2131 760 2171 nimirum
792 2131 934 2170 decies
963 2136 1144 2171 centena
1162 2130 1255 2169 mil-

375 2193 434 2233 lia
469 2195 730 2234 sestertium.
786 2194 899 2233 Vide
942 2193 1153 2233 Budaeum
1198 2193 1253 2233 de

374 2256 502 2303 Asse,
530 2263 576 2297 et
604 2256 849 2308 Agricolam
877 2256 932 2295 de
951 2256 1090 2296 Pond.
1112 2267 1252 2295 mone-

374 2325 459 2361 tar.
494 2321 663 2360 Manut.
696 2321 751 2360 de
781 2321 962 2362 Quaesit.
999 2334 1077 2372 per
1113 2322 1252 2373 Epist.

373 2383 448 2423 lib.
468 2395 502 2425 1.
533 2396 626 2436 cap.
659 2388 700 2424 8.
728 2378 777 2424 'et
807 2384 1053 2436 nuperrime
1086 2384 1253 2425 Grono-

373 2446 485 2486 vium
505 2447 557 2486 de
574 2448 757 2487 Sestert.

427 2509 543 2549 Sicut
571 2514 610 2550 et
646 2511 743 2549 illud
769 2509 944 2560 factum]
973 2509 1070 2550 Hoc
1103 2509 1253 2561 depre-

372 2570 572 2610 henditur
597 2572 827 2623 contigisse
847 2571 1102 2612 Celtiberico
1121 2571 1250 2622 bello,

372 2633 487 2685 quod
509 2635 556 2673 C.
571 2633 846 2685 Sempronius
872 2633 1105 2673 Tuditanus
1133 2634 1251 2673 Prae-

373 2703 442 2737 tor
471 2705 623 2738 contra
657 2699 896 2739 Celtiberos
926 2700 1073 2750 gessit,
1094 2698 1137 2738 in
1166 2710 1249 2750 quo

372 2761 466 2812 ipse
485 2760 576 2804 fere
609 2774 705 2802 cum
740 2767 833 2801 toto
862 2761 1058 2801 exercitu
1085 2760 1249 2800 occisus

373 2829 455 2863 est.
513 2824 662 2864 Oliver.

426 2887 519 2926 Non
530 2885 756 2937 fatigabor]
776 2885 872 2925 Hoc
901 2885 1144 2937 exemplum
1163 2883 1251 2924 Au-

371 2949 438 2988 lus
456 2949 570 2989 Geli.
590 2949 714 3000 ponit
732 2948 807 2988 lib.
828 2960 893 2988 ιν.
915 2960 1010 2999 cap.
1030 2951 1095 2987 18.
1135 2947 1248 2986 Nam

369 3010 507 3052 refert
522 3012 765 3063 Scipionem
784 3023 809 3050 a
822 3012 886 3051 M.
907 3010 1060 3051 Naevio
1081 3022 1252 3050 accusa-

372 3080 480 3126 tum,
512 3074 624 3127 quod
662 3074 886 3126 pecuniam
922 3073 1162 3124 accepisset
1195 3073 1248 3113 ab

371 3135 585 3179 Antiocho
605 3148 719 3186 rege,
739 3140 788 3174 ut
818 3134 1134 3175 conditionibus
1155 3146 1249 3186 gra-

370 3199 488 3238 tiosis
507 3205 554 3239 et
585 3199 784 3239 mollibus
817 3210 898 3251 pax
931 3210 1024 3238 curn
1044 3209 1096 3238 eo
1123 3197 1250 3238 fieret

372 3273 474 3314 pop.
492 3261 617 3302 Rom.
637 3261 818 3302 nomine.
874 3261 998 3301 Idem.

425 3324 593 3376 Rostra]
621 3326 673 3365 Id
703 3329 788 3375 est,
814 3326 970 3374 locum,
996 3322 1107 3363 unde
1137 3323 1248 3363 edic-

373 3395 419 3430 ta
450 3389 627 3440 fiebant,
646 3388 796 3429 rostris
816 3388 983 3428 navium
1010 3385 1248 3426 Antiatium

367 3453 591 3500 vmunitum.
647 3451 815 3492 Badius.

430 3516 582 3559 Corona
608 3514 857 3567 triumphali]
886 3515 957 3556 De
991 3513 1145 3557 talibus
1178 3523 1248 3554 co-

964 313 1142 352 NO'rAE
1185 313 1515 355 VARIORUM
1560 318 1624 358 ΙΝ

1322 433 1433 472 rouis
1450 434 1551 475 alibi
1567 435 1744 486 egimus.

1375 498 1529 546 Magna
1561 498 1798 550 sperantem]
1841 501 1978 541 Recte
2022 501 2198 542 Modius

1322 559 1581 610 emendavit,
1591 573 1733 610 magna
1745 562 1970 611 spirantem.
2005 564 2198 605 Emendo

1322 625 1368 659 et
1381 633 1461 672 ego
1478 622 1727 662 Ciceronem
1746 624 1872 665 Tusc.
1890 626 1965 666 lib.
1986 638 2017 667 1.
2047 628 2059 649 ‘
2076 626 2198 666 Non-

1322 683 1420 722 dum
1443 685 1720 735 gustaverat‚'
1737 686 1974 738 inquiunt,‘
1989 689 2087 728 vitae
2107 701 2200 728 sua-

1320 745 1513 795 vitatem,
1532 747 1601 786 bic
1620 753 1760 787 autem
1770 749 1858 799 jam
1873 749 2066 801 spirabat
2084 763 2200 802 mag·

1321 809 1406 848 na!
1465 810 1686 850 Hactenus
1730 811 1888 863 editur,
1932 813 2200 865 ‘sperabat.’

1323 872 1496 914 Colerus.

1374 935 1630 986 Pulvinaria]
1677 937 1980 985 Lectisternia‚
2018 951 2113 990 quae
2152 939 2196 980 in

1321 1000 1479 1051 templo
1515 1000 1638 1041 Jovis
1674 1000 1843 1052 Optimi
1878 1001 2059 1041 Maximi
2103 1001 2198 1042 fue·-

1320 1067 1434 1102 runt.
2111 1080 2114 1083 ·

1375 1125 1397 1175 ς
1414 1127 1439 1163 2
1467 1124 1601 1176 Scipio
1621 1125 1877 1177 AEmilianus]
1900 1127 2002 1177 Hic,
2021 1131 2068 1166 ut
2082 1139 2198 1179 saepe

1320 1186 1479 1226 dictum
1515 1192 1595 1236 est,
1630 1187 1684 1226 de
1722 1194 1853 1239 gente
1887 1189 2057 1229 AEmilia
2097 1189 2197 1242 fuit,

1321 1248 1445 1287 Pauli
1490 1248 1618 1301 filius,
1650 1250 1692 1288 in
1735 1257 1907 1301 gentem
1949 1252 2196 1304 Scipionum

1322 1310 1566 1362 adoptatus.
1622 1313 1709 1352 Hic
1742 1314 1814 1353 ille
1847 1313 1930 1354 fuit
1947 1313 2197 1367 Africanus,

1318 1375 1390 1425 qui
1419 1368 1726 1425 Carthaginem'
1747 1376 1922 1423 evertit,
1940 1382 1987 1416 et
2005 1377 2196 1418 Numan-

1319 1437 1421 1477 tiam
1452 1439 1641 1488 sustulit,
1668 1438 1794 1478 urbes
1827 1439 1931 1478 duas
1953 1440 2198 1491 potentissi-

1319 1512 1426 1552 mas,
1470 1506 1516 1540 et
1561 1513 1664 1552 pop.
1713 1502 1834 1542 Rom.
1886 1500 2197 1545 infestissimas.

1320 1563 1424 1604 Cum
1446 1563 1574 1614 igitur
1602 1563 1955 1615 Intercallatiam,
1973 1565 2196 1616 Hispaniae

1318 1627 1466 1666 urbem
1486 1626 1777 1678 praevalidam,
1797 1627 2031 1678 obsideret,
2047 1628 2130 1680 vel,
2149 1635 2202 1668 ut>

1317 1690 1387 1729 alii
1420 1695 1586 1741 putant,
1621 1690 1913 1741 Numantiam,
1944 1691 2066 1731 multi
2097 1691 2195 1734 1108·ι

1317 1754 1422 1793 tium
1452 1754 1716 1805 eruptionem
1752 1759 2008 1804 metuentes,
2045 1753 2194 1795 suade-

1315 1816 1418 1856 bant
1465 1817 1645 1856 tribulos
1699 1815 1966 1868 ferratasque
2023 1816 2195 1856 tabulas

1317 1878 1436 1919 circa
1470 1880 1629 1919 moeuia
1665 1878 1926 1931 spargendas
1957 1891 2066 1928 esse,
2094 1892 2191 1932 quae

1313 1943 1460 1983 hostes
1514 1943 1568 1982 ab
1627 1942 1853 1994 eruptione
1905 1941 2195 1983 deterrerent.

1315 2006 1480 2047 Quibus
1498 2004 1719 2057 respondit
1736 2016 1819 2044 non
1841 2016 1936 2046 esse
1951 2004 2031 2043 viri
2049 2002 2191 2056 fortis,

1316 2070 1425 2109 velle
1439 2070 1582 2108 hostes
1604 2080 1775 2120 capere,
1789 2067 2051 2120 eosdemque
2070 2068 2194 2108 time-

1315 2143 1375 2173 re.
1424 2133 1572 2172 Oliver.
1618 2130 1809 2182 Contigit
1827 2130 1881 2170 A.
1896 2130 1950 2170 U.
1969 2140 2167 2170 ncxxrx.

1369 2195 1635 2235 Proevalidam
1661 2192 1813 2243 urbem]
1841 2192 2198 2244 Intercallatiam,

1315 2263 1363 2297 ut
1381 2259 1551 2310 quidam
1582 2262 1755 2309 putant,
1773 2269 1866 2307 quae
1888 2256 2014 2296 estin
2035 2256 2193 2307 Hispa-

1315 2320 1400 2370 nia,
1431 2322 1513 2372 vel,
1529 2326 1577 2360 ut
1609 2321 1682 2359 alii
1702 2320 1865 2371 volunt,
1893 2318 2192 2360 Numantiam.

1317 2383 1527 2422 oliverius.

1367 2445 1562 2498 Murices]
1608 2445 1767 2485 Murex
1814 2443 1989 2495 proprie
2033 2443 2193 2485 dicitur

1313 2520 1493 2548 acumen
1516 2508 1621 2548 saxi.
1676 2506 1911 2557 Virgilius:
1941 2506 1955 2528 ‘
1973 2507 2032 2546 Et
2065 2511 2192 2548 acuto

1311 2570 1473 2610 murice
1496 2569 1600 2609 remi
1619 2568 1786 2621 Obnixi
1807 2567 2048 2619 crepuere!
2103 2568 2191 2608 Sed

1313 2645 1390 2684 pro
1408 2643 1660 2684 unaquaque
1693 2641 1740 2669 re
1773 2638 1903 2669 acuta
1935 2630 2126 2682 ponitur,
2145 2636 2194 2670 ut

1309 2695 1506 2734 hocloco
1540 2705 1618 2745 pro
1649 2692 1817 2742 trigono
1852 2691 1996 2742 posuit
2027 2690 2191 2732 ferreos

1310 2758 1507 2807 murices,
1538 2755 1611 2808 qui
1641 2760 1741 2794 sunt
1770 2753 2004 2805 cujusmodi
2031 2753 2197 2805 tribuli,

1310 2821 1381 2873 qui
1411 2825 1645 2859 nascuntur
1671 2818 1716 2857 in
1747 2815 1923 2858 lacubus
1950 2821 1996 2856 et
2013 2816 2196 2868 stagnis,

1313 2882 1386 2934 qui
1417 2883 1459 2921 in
1493 2891 1788 2934 quamcunque
1823 2883 1990 2930 partem
2028 2878 2197 2918 recide-

1310 2947 1411 2995 rint,
1431 2945 1491 2984 ita
1508 2943 1687 2994 cadunt,
1706 2947 1753 2981 ut
1772 2952 1899 2980 unum
1919 2951 2098 2981 acumen
2118 2953 2193 2981 ex.

1311 3014 1375 3049 tet
1390 3012 1596 3048 erectum.
1658 3005 1775 3045 Idem.

1361 3069 1604 3121 Plumbatis]
1631 3069 1692 3110 Ut
1709 3071 2010 3118 mergerentur
2028 3066 2070 3106 in
2090 3078 2190 3119 pro-

1309 3133 1503 3183 fundum,
1521 3138 1566 3172 et
1585 3132 1644 3171 ita
1662 3131 1865 3170 laterent.
1920 3129 2027 3168 Bad.

1363 3199 1429 3249 §3
1459 3195 1628 3238 Minime
1660 3193 1791 3244 utilis]
1821 3192 1938 3234 Quia
1961 3192 2041 3232 hoc
2073 3190 2189 3233 idem

1308 3266 1566 3313 cognoverat
1597 3259 1702 3298 alias
1731 3257 2020 3309 periculosum
2055 3254 2190 3298 fuisse

1308 3324 1501 3364 libertati
1521 3324 1739 3363 Romanae.
1795 3318 1947 3358 Oliver.

1363 3388 1430 3438 §4
1458 3385 1568 3425 Livii
1612 3394 1758 3435 quoque
1801 3378 2058 3432 Salinatoris]
2089 3380 2188 3421 Hoc

1309 3450 1491 3501 contigit
1509 3449 1699 3490 secundo
1724 3446 1836 3485 bello
1864 3445 2056 3486 Punico:
2089 3457 2186 3487 cum

1309 3512 1523 3553 Asdrubal
1545 3523 1639 3552 cum
1671 3509 1814 3551 uiuitis
1844 3507 2031 3548 millibus
2055 3509 2190 3552 bomi-
