2320 4004
315 321 457 374 1172

311 453 458 495 intulit
474 453 640 505 patriae,
659 464 770 505 quar,
790 463 884 491 cum
899 452 1017 503 gravi
1037 451 1193 491 obsidi-

314 529 395 558 one
433 521 710 568 premeretur,
746 515 863 554 nulla
890 515 973 554 alia
1010 515 1193 565 ratione,

314 593 441 634 quam
486 580 707 619 mulierum
747 577 973 627 beneficio,
1018 577 1192 617 liberari

314 643 471 695 potuit,
485 648 533 681 ut
553 642 734 680 diximus
754 641 795 679 iu
816 653 910 692 cap.
932 641 984 680 de
1005 641 1191 680 Miracu-

314 708 381 758 lis,
397 700 446 746 'et
465 707 592 747 latius
619 706 774 745 dicturi
795 718 937 745 sumus
956 705 998 744 in
1019 717 1114 756 cap.
1136 704 1190 744 de

314 770 500 809 Pietate.
543 770 687 810 Quare
702 769 900 819 Senatus,
917 773 1081 819 gratum
1103 767 1190 806 ani·

313 845 426 872 mum
447 844 614 883 gemm,
631 832 774 871 multis
789 831 1015 870 honoribus
1035 836 1190 868 matro-

315 908 389 935 nas
418 896 673 938 honestavit.
718 894 865 935 Olz'ver.
923 894 1116 945 Contigit
1135 891 1189 932 A.

313 959 369 999 U.
389 970 548 998 cccxv.

373 1023 616 1072 Vetustisque
640 1018 814 1069 aurium]
844 1018 1010 1070 Lipsius
1042 1017 1092 1056 ad
1114 1017 1193 1056 Ta·

316 1083 391 1123 citi
405 1083 559 1125 Annal.
574 1096 644 1124 111.
658 1085 763 1135 legit
774 1084 940 1122 crinium
955 1082 1194 1132 insignibus,-

313 1149 384 1188 cni
413 1149 600 1188 nondum
634 1147 872 1187 subscribo.
929 1146 1105 1185 Inaurcs
1134 1146 1194 1184 in-

313 1213 486 1263 telligit,
506 1224 679 1264 quarum
709 1223 810 1249 usus
839 1210 1132 1261 perantiquus,
1151 1214 1196 1248 et

313 1275 426 1314 haud
453 1275 581 1313 dubie
601 1287 625 1313 a
645 1273 823 1313 Graecis.
878 1271 1195 1322 Dependebant

319 1337 558 1388 margaritae
593 1341 637 1376 et
655 1336 843 1375 uniones,
900 1335 1070 1373 Abusus
1101 1346 1194 1385 pos-

315 1407 388 1440 tea
406 1402 553 1448 mirus,
565 1406 610 1440 et
627 1412 778 1450 magna
794 1400 961 1438 luxuria
978 1397 1194 1450 profluxit.

313 1466 384 1506 De
414 1477 496 1516 qno
530 1464 698 1503 Plinius
734 1463 807 1502 lib.
833 1473 900 1502 lx.
929 1475 1025 1514 cap.
1056 1466 1123 1503 34.
1149 1467 1196 1502 et

310 1528 386 1567 lib.
405 1538 470 1567 xi.
492 1540 582 1578 cap.
596 1530 663 1567 37.
717 1525 1006 1565 Tertullianus
1023 1525 1077 1565 de
1096 1526 1194 1566 Cul-

317 1597 363 1630 tu
384 1590 610 1629 Foeminar.
663 1590 674 1611 ‘
694 1589 951 1640 Scrupulosa
981 1589 1101 1628 Deus
1121 1601 1193 1628 au-

313 1653 426 1692 ribus
449 1654 622 1692 vulnera
651 1652 822 1701 intulit;
852 1657 897 1690 et
917 1652 1026 1690 tanti
1048 1651 1195 1692 babuit

315 1716 582 1755 vexationem
613 1715 754 1766 operis
786 1715 865 1765 sui,
898 1720 944 1754 et
980 1715 1194 1755 cruciatus

311 1778 503 1819 infantiae
526 1786 628 1818 tune
651 1778 831 1830 primum
852 1777 1054 1828 dolentis,
1074 1784 1121 1818 nt
1140 1790 1195 1818 ex

313 1843 396 1884 illis
415 1843 468 1882 ad
489 1842 648 1882 ferrum
679 1842 770 1882 nati
804 1841 994 1893 corporis
1023 1843 1197 1881 cicatri-

313 1907 433 1946 cibus
467 1919 597 1957 grana
628 1907 773 1946 nescio
805 1918 899 1958 quae
930 1905 1197 1956 penderent?

313 1970 519 2011 Similiter
534 1971 771 2021 Cyprianus
792 1969 845 2008 de
865 1969 1015 2010 habitu
1028 1970 1195 2021 Virgin.

314 2032 326 2053 ‘
350 2033 582 2073 Elenchos’
604 2034 732 2072 etiam
753 2033 1042 2084 appellabant.
1072 2032 1196 2072 Glos-

314 2109 372 2137 sae
404 2103 589 2147 veteres,
618 2095 846 2149 μαργαρῖται
874 2093 1055 2146 μεγάλοι,
1081 2096 1195 2135 Mar-

311 2161 460 2210 garitoe
495 2161 651 2201 elenchi.
692 2160 930 2210 Juvenalis,
965 2160 1195 2199 Censorius

313 2223 386 2262 ille
409 2231 557 2264 vates:
589 2226 601 2246 ‘
624 2231 668 2264 et
683 2237 776 2264 cum
798 2223 986 2262 Auribus
1008 2223 1196 2262 extensis

314 2298 484 2338 magnos
506 2287 716 2326 commisit
742 2285 972 2326 elenchos?
1028 2285 1196 2325 Plinius

311 2350 374 2389 ita
410 2350 643 2390 describit:
686 2351 698 2372 ‘
723 2349 935 2389 Elenchos
975 2349 1195 2400 appellant

312 2412 534 2464 fastigiata
564 2414 847 2465 longitudine,
882 2412 1194 2452 alabastrorum

314 2475 452 2527 figura
484 2477 526 2516 in
556 2478 786 2529 pleniorem
817 2477 963 2517 orbem
995 2476 1195 2516 desinen-

317 2545 397 2579 tes.
451 2541 544 2579 Hos
579 2540 722 2591 digitis
761 2540 1039 2591 suspendere,
1062 2546 1108 2580 et
1140 2540 1198 2579 bi·

314 2612 391 2641 nos
405 2613 456 2641 ac
472 2607 614 2641 ternos
629 2601 1094 2654 auribus‚foeminarum
1108 2603 1197 2653 glo·

305 2665 384 2703 -ria
404 2664 501 2705 est-²
560 2667 687 2705 Coler.

369 2728 538 2768 Aurium
578 2728 817 2779 insignibus]
842 2727 1090 2778 Margaritis
1129 2729 1197 2767 vel

317 2792 481 2830 annulis
502 2803 555 2830 ex
585 2791 754 2831 auribus
776 2790 1082 2842 pendentibus,
1102 2803 1196 2843 quae

315 2859 362 2893 et
380 2854 534 2894 inaures
553 2854 774 2895 dicuntur:
806 2867 902 2894 nam
926 2854 1082 2894 inaures
1099 2859 1199 2894 sunt

317 2917 479 2957 aurium
503 2923 768 2957 ornamenta.

370 2979 611 3032 Segmentis]
643 2979 935 3020 Ornamentis.
970 2980 1083 3019 Nam
1110 2991 1197 3030 seg-

316 3046 447 3099 menta
465 3043 667 3083 dicuntur
694 3044 944 3083 redimicula
975 3043 1198 3083 mulierum

318 3106 610 3159 versicoloria,
639 3107 792 3159 quibus
812 3111 994 3147 utuntur
1013 3107 1066 3146 ad
1086 3107 1201 3158 capi-

316 3169 371 3209 tis
412 3175 724 3211 ornamentum.
798 3171 908 3210 Sunt
945 3171 1073 3210 etiam
1125 3171 1199 3223 qui

317 3235 479 3286 dicant,
509 3240 708 3286 seg-menta
735 3248 829 3276 esse
861 3235 1076 3286 fasciolas,
1110 3237 1199 3288 qui-

319 3299 398 3339 bus
419 3300 692 3339 involvuntur
718 3299 919 3339 infantes.
976 3298 1102 3338 Unde
1122 3298 1149 3339 J
1156 3311 1201 3337 u·

319 3363 505 3402 venalis:
535 3364 548 3386 ‘
571 3364 629 3403 Et
655 3363 935 3415 segmentatis
969 3361 1200 3402 dormisset

319 3427 498 3475 parvula
527 3425 677 3466 cunis.'
733 3425 942 3476 Segmema
970 3436 1072 3464 vero
1100 3429 1202 3465 sunt

318 3487 464 3529 ihseiae
497 3490 650 3541 quibus
679 3489 952 3530 circundatur
985 3493 1131 3540 caput,
1155 3488 1200 3527 id

318 3559 400 3601 est,
440 3552 687 3594 redimicula
722 3553 944 3593 mulierum
982 3551 1199 3592 nobilium.

894 334 1072 371 NOTAE
1119 334 1452 374 VARIORUM
1498 337 1562 375 IN

1259 452 1367 492 Inde
1385 458 1676 506 segmentatus
1696 459 1868 494 ornatus
1887 459 1933 495 et
1952 454 2136 495 instruc-

1260 522 1341 555 tus.
1372 516 1622 566 Segmentum
1638 519 1765 557 etiam
1784 518 1941 558 dicitur
1959 519 2133 568 monile,

1258 591 1282 618 a
1313 580 1422 618 collo
1455 580 1496 618 in
1528 586 1678 630 pectus
1706 581 1985 621 descendens.
2031 583 2134 632 Seg-

1257 647 1401 682 menta
1429 644 1544 682 zonis
1577 644 1842 695 quibusdam,
1871 646 1990 698 quasi
2010 646 2133 685 ador·
2161 662 2163 664 ·

1255 707 1479 756 namentiS,
1493 712 1641 746 ornata
1658 721 1668 746 z
1699 719 1793 746 nam
1816 709 2047 759 particulas
2063 721 2134 748 cu·

1249 769 1404 820 jusque
1423 769 1612 808 materiae
1633 770 1838 810 abscissas
1858 771 2134 822 praesegmina

1257 838 1426 872 vocant.
1485 832 1633 873 Oliver.

1313 895 1412 934 Cum
1443 896 1544 934 enim
1574 908 1613 945 α,
1647 895 1732 947 εμπ]
1768 895 1962 948 Contigit
1994 895 2048 937 A.
2080 897 2137 937 U.

1258 969 1378 998 nxu.

1318 1020 1452 1060 Vestia
1474 1019 1639 1071 opidia]
1668 1019 1800 1060 Liber
1818 1020 2030 1071 Danielis,
2051 1021 2134 1075 Ορ-ν

1253 1083 1336 1134 pia.
1400 1084 1735 1134 Lavermannus,
1771 1083 1947 1134 Vestigia
1977 1084 2137 1135 Opidia.

1258 1148 1328 1188 An
1366 1147 1650 1196 scribendum,
1692 1146 1886 1189 Vestilia?
1939 1148 2134 1188 Vestiliae

1259 1212 1475 1264 cujusdam
1507 1212 1708 1251 Romanae
1738 1211 1926 1252 mulieris
1943 1210 2139 1251 meminit

1259 1275 1424 1313 Plinius
1444 1274 1515 1313 lib.
1537 1285 1623 1314 v11.
1683 1275 1810 1314 Color.

1318 1337 1422 1376 Urbe
1454 1337 1523 1376 illa
1541 1336 1737 1387 oppressa]
1770 1336 1965 1388 Contigit
1993 1335 2048 1376 A.
2078 1337 2135 1376 U.

1259 1412 1422 1440 Dxmu.

1311 1465 1376 1515 §1
1410 1464 1516 1510 Quid
1544 1463 1627 1514 ina,
1659 1463 1747 1515 ssa]
1784 1462 1956 1514 Contig.
1989 1460 2045 1503 A.
2085 1454 2139 1502 U.

1258 1540 1415 1570 ccxcv.

1310 1596 1336 1632 2
1359 1593 1456 1638 Quoe
1472 1591 1622 1632 Nautio
1635 1596 1672 1631 et
1684 1591 1862 1631 Minucio
1880 1590 2009 1642 Cosa]
2034 1590 2140 1631 Vul-

1259 1667 1328 1707 go,
1356 1655 1534 1701 Quintio.
1590 1654 1840 1706 Perperam.
1896 1655 1998 1695 Non
2026 1653 2141 1693 enim

1260 1718 1486 1769 collegium
1517 1717 1597 1757 hoc
1633 1718 1855 1757 consulum
1891 1729 1944 1757 eo
1979 1717 2138 1756 saeculo

1260 1782 1487 1833 reperitur.
1542 1779 1604 1820 At
1639 1780 1681 1819 in
1720 1780 1966 1831 Campensi-
1997 1784 2145 1819 recte:

1261 1845 1411 1885 Nautio
1441 1849 1479 1884 et
1500 1845 1691 1886 Minutio.
1743 1845 1800 1884 Et
1820 1844 1862 1883 in
1884 1844 1976 1883 aliis
1994 1855 2141 1882 exem-

1260 1908 1449 1960 plaribus
1483 1907 1673 1959 ejusdem
1705 1907 1889 1947 nominis
1919 1911 2142 1946 remanent

1259 1972 1464 2019 reliquiae.
1523 1971 1635 2011 Nam
1682 1970 1726 2010 in
1773 1969 2052 2010 Atrebatensi
2097 1973 2142 2009 et

1261 2033 1521 2085 Coloniensi,
1557 2035 1715 2083 Nunco,
1750 2033 1794 2072 in
1832 2033 2143 2082 Winelieliano,

1261 2098 1421 2147 Nattio,
1451 2097 1494 2136 in
1528 2097 1622 2136 aliis
1659 2097 1830 2136 Genutio
1859 2095 2033 2146 legitur,
2061 2106 2140 2146 pro

1264 2161 1310 2200 C.
1331 2160 1498 2199 Naucio.
1550 2159 1636 2199 Sed
1653 2159 1874 2211 discrepat
1891 2159 1934 2197 in
1962 2158 2142 2197 historia

1246 2223 1457 2265 ‚Valerius
1486 2236 1510 2262 a
1541 2223 1663 2263 Livio
1693 2228 1738 2263 et
1774 2222 2002 2274 Dionysio,
2035 2221 2141 2261 alios

1257 2287 1371 2328 forte
1400 2291 1604 2339 sequutus
1634 2286 1834 2336 annales;
1862 2286 1905 2325 hi
1931 2286 2043 2325 enim
2065 2285 2142 2324 tri-

1258 2351 1385 2390 ennio
1418 2355 1573 2401 postea
1591 2349 1844 2390 Tusculanis
1873 2348 2018 2389 datum
2039 2360 2143 2387 aux-

1257 2414 1376 2454 ilium
1395 2413 1587 2464 tradunt,
1606 2425 1752 2453 verum
1767 2413 1834 2453 liis
1853 2413 1976 2453 Coss.
1989 2413 2144 2464 juven-

1261 2483 1396 2517 tutem
1417 2477 1531 2516 ultro
1553 2489 1672 2516 arma
1697 2476 1864 2528 cepisse
1889 2481 2043 2515 contra
2066 2474 2143 2514 Sa-

1259 2540 1382 2580 binos
1399 2539 1548 2580 scribit
1576 2539 1737 2580 Livius.
1793 2538 1917 2581 Quod
1949 2538 2078 2578 etiam
2098 2537 2142 2576 in

1259 2602 1494 2643 Annalibus
1512 2602 1838 2654 magistratuum
1859 2613 1935 2641 suo
1954 2601 2050 2640 loco
2069 2612 2143 2640 an-

1259 2666 1420 2706 notavi.
1489 2665 1614 2715 Pigh.
1687 2664 1842 2703 Nautio
1891 2667 1931 2702 et
1970 2662 2144 2702 Miuutio

1262 2729 1391 2780 Coss]
1417 2729 1737 2780 Manuscriptus
1766 2728 1878 2767 Dan.
1925 2727 2077 2767 Nautio
2104 2730 2143 2766 et

1259 2793 1447 2832 Minutio.
1508 2793 1702 2832 Nautius.
1723 2792 1760 2832 is
1787 2790 1872 2831 fuit
1905 2791 1981 2843 Sp.
2001 2791 2050 2832 F.
2067 2791 2145 2842 Sp.

1263 2856 1318 2896 N.
1339 2857 1520 2898 Rutilus.
1581 2857 1713 2896 Coler-

1314 2923 1338 2958 3
1367 2919 1508 2971 AEquz']
1534 2919 1675 2958 Italiae
1696 2918 1842 2971 populi
1859 2916 2026 2958 Sabinis
2045 2928 2144 2969 pro-

1260 2982 1377 3034 ximi,
1396 2982 1449 3022 ad
1480 2983 1717 3022 Orientem.
1775 2983 1845 3022 De
1873 2981 2026 3035 quibus
2054 2980 2146 3020 Pli-

1260 3046 1355 3086 nius
1376 3046 1451 3086 lib.
1472 3058 1542 3087 111.

1314 3114 1340 3150 4
1369 3111 1564 3160 Mag-num
1592 3109 1704 3160 grati
1731 3107 1864 3161 populi
1893 3106 2082 3159 specimen
2100 3105 2144 3145 in

1265 3174 1315 3218 Q.
1327 3173 1416 3224 dra]
1443 3173 1674 3212 Minutium
1688 3172 1939 3225 magistrum
1954 3169 2145 3222 equitum

1263 3236 1397 3276 Fabio
1434 3236 1626 3275 Maximo
1670 3233 1887 3275 Dictatori
1927 3237 2142 3285 aequatum

1261 3299 1441 3349 imperio
1476 3298 1623 3348 fnisse,
1661 3297 1844 3337 diximus
1879 3298 1924 3336 in
1959 3309 2055 3349 cap.
2087 3296 2141 3335 de

1264 3361 1531 3400 Constantia.
1586 3360 1794 3399 Minutius
1812 3360 1946 3411 igitur
1969 3359 2145 3399 alternis

1263 3436 1359 3464 cum
1393 3423 1525 3462 Fabio
1545 3423 1697 3462 diebus
1726 3423 1937 3475 imperare
1955 3422 2147 3473 volebat,

1263 3487 1348 3536 vel,
1367 3486 1401 3525 si
1422 3486 1549 3525 etiam
1567 3485 1734 3537 majora
1760 3486 1990 3537 placerent
2011 3486 2148 3525 inter-

1262 3551 1387 3602 valla,
1433 3549 1603 3602 partitis
1649 3550 1913 3602 temporibus
1962 3549 2143 3590 alternis
