2320 4004
389 276 527 328 1120

386 407 602 458 appellare
620 420 631 456 ;
662 407 696 446 si
710 407 887 446 alterum
893 406 1101 456 jungatur
1120 404 1256 445 eidem

385 470 654 519 conveniens,
681 470 790 521 quod
826 468 964 520 gentis
984 467 1053 507 vel
1083 466 1256 507 familiae

385 545 468 573 non
487 540 569 582 est,
589 543 819 583 cognomen
838 545 850 580 ;
879 531 913 571 si
932 531 1122 580 tertium,
1146 530 1255 582 quod

384 597 520 636 exuis
553 596 762 647 gentilitio
792 593 1069 645 praeponitur,
1091 605 1254 644 praeno·

382 671 478 698 meu
495 659 652 698 dicere.
709 658 918 697 Caeterum
935 655 1134 696 Publicola
1154 656 1255 695 scri-

382 722 498 762 bitur
534 722 576 761 in
611 722 804 773 vulgatis,
846 733 895 760 ac
942 721 1047 760 Mss.
1084 719 1252 771 ubique.

381 784 687 836 Antiquissima
707 790 845 822 tamen
858 794 1063 822 marmora
1082 782 1253 830 docent,

380 846 579 886 Pobticola
596 845 863 885 scribendum
893 856 1001 896 esse,
1023 844 1170 897 quibus
1191 855 1252 883 as·

381 910 592 960 tipulatur
635 910 728 961 ipse
785 908 993 956 Valerius,
1041 906 1251 947 affirmans

379 973 614 1023 Valerium,
635 973 782 1024 populi
811 972 1080 1023 majestatem
1112 971 1252 1010 colen-

380 1035 450 1082 do,
471 1037 548 1075 boc
570 1047 721 1075 nomen
742 1041 1013 1074 consecutum
1034 1045 1140 1074 esse.
1165 1033 1250 1073 Sed

378 1097 476 1137 vide
496 1098 684 1137 Annales
704 1105 887 1138 nostroS.
944 1098 1065 1147 Pigh.

438 1160 591 1211 Fasces]
621 1161 760 1200 Fasces
789 1161 1048 1212 appellamus
1076 1160 1251 1198 bacillos

377 1223 539 1274 aliquot
568 1229 727 1263 teretes
758 1224 978 1274 colligatos
1011 1222 1053 1261 in
1082 1221 1249 1260 modum

378 1286 523 1326 fascis.
564 1289 646 1326 Eos
666 1287 841 1326 bacillos
863 1286 1094 1337 antiquitus
1113 1297 1168 1324 ex
1190 1285 1250 1324 ul-

377 1361 444 1388 mo
481 1348 630 1399 fuisse,
663 1349 783 1388 testis
828 1349 1021 1388 Plautus.
1085 1347 1249 1387 Plinius

376 1417 517 1449 tamen
544 1411 759 1450 Betullam
791 1411 982 1450 arborem
1016 1410 1249 1450 terribilem

375 1475 435 1512 ait
450 1474 768 1524 magistratuum
789 1474 915 1524 virgis
932 1474 1001 1513 lib.
1018 1485 1112 1514 xvl.
1128 1486 1167 1514 c.
1186 1477 1249 1516 18.

374 1536 682 1575 Hetruscorum
705 1537 934 1588 antiquitus
955 1543 1250 1577 ornamentum

371 1597 517 1647 fuisse,
544 1605 771 1651 antequam
805 1601 979 1638 Romam
1017 1599 1249 1638 deducere-

373 1666 458 1710 tur,
492 1666 655 1712 praeter
687 1661 790 1700 alios
826 1661 972 1700 Florus
1008 1667 1132 1701 autor
1168 1668 1250 1703 est.

373 1723 626 1762 Consulibus
642 1731 782 1762 autem
794 1723 957 1763 duobus
971 1723 1141 1773 creatis,
1154 1736 1248 1766 cum

374 1786 493 1826 initio
512 1785 652 1825 fasces
670 1790 736 1826 24.
762 1785 1082 1838 praeferrentur,
1099 1786 1141 1827 id
1168 1793 1249 1838 est,

370 1849 550 1900 singulis
571 1852 636 1888 12.
657 1849 699 1888 in
721 1862 822 1890 voce
843 1855 888 1890 et
914 1850 1074 1889 invidia
1102 1852 1249 1902 populi

372 1924 442 1952 res
463 1911 560 1963 fuit,
575 1917 775 1964 tanquam
805 1924 935 1963 regno
954 1924 1038 1952 non
1057 1912 1250 1964 depulso,

373 1973 448 2013 sed
470 1974 706 2026 duplicato,
735 1986 786 2013 ea
819 1986 948 2014 causa
964 1974 1157 2014 Valerius
1187 1975 1248 2014 in-

372 2037 529 2087 stituit,
568 2042 614 2076 ut
650 2036 876 2077 duodecim
912 2043 1076 2077 tantum
1111 2036 1249 2077 fasces

371 2099 738 2150 conspicerentur,
755 2098 867 2151 iique
899 2099 1074 2138 alternis
1097 2100 1249 2139 mensi-

371 2162 451 2201 bus
484 2161 598 2212 apud
628 2161 809 2201 alterum
837 2162 1053 2201 consulem
1079 2167 1249 2212 essent;

370 2226 447 2274 ita,
481 2225 666 2277 inquam,
699 2230 746 2264 ut
781 2225 926 2276 pri-ore
954 2237 1100 2265 mense
1132 2226 1250 2278 prior

368 2289 518 2328 consul
539 2300 611 2327 eos
628 2288 820 2338 baberet,
838 2288 1025 2328 secundo
1044 2289 1170 2336 alter,
1188 2294 1249 2328 at·

369 2364 453 2404 que
472 2352 531 2391 ita
550 2352 593 2390 in
610 2351 772 2401 orbem,
788 2358 834 2391 ut
856 2357 1070 2391 testantur
1085 2352 1249 2404 Diony·

368 2416 452 2454 sius
471 2415 544 2455 lib.
561 2427 606 2454 v.
627 2420 672 2454 et
688 2415 771 2454 Dio
792 2414 959 2454 Cassius
983 2414 1059 2453 lib.
1080 2426 1126 2454 v.
1171 2414 1249 2454 Su·

369 2490 486 2517 mere
519 2484 662 2518 autem
698 2490 770 2517 eos
809 2478 927 2529 prior
959 2477 1142 2527 solebat,
1176 2477 1248 2529 qui

367 2542 506 2594 major
541 2547 644 2580 natu
678 2547 815 2580 esset:
847 2540 976 2592 idque
1012 2540 1248 2580 obtinuisse

369 2605 537 2643 videtur
559 2615 692 2655 usque
725 2604 776 2642 ad
799 2604 847 2642 L.
865 2603 1038 2652 Juliam,
1055 2615 1148 2654 quae
1177 2602 1246 2641 bo·

369 2677 516 2705 norem
547 2666 659 2704 hunc
697 2665 855 2704 detulit
888 2677 1063 2704 numero
1099 2663 1250 2703 libero·

368 2741 478 2771 rum.
534 2728 600 2767 De.
621 2734 804 2779 utroque
827 2727 920 2766 vide
936 2727 1154 2766 Valerium
1173 2726 1248 2766 lib.

370 2802 435 2831 1x.
453 2803 548 2842 cap.
570 2795 608 2830 1.
629 2795 674 2830 et
695 2789 906 2840 Agellium
920 2789 993 2829 lib.
1010 2800 1060 2827 11.
1077 2801 1170 2839 cap.
1186 2792 1249 2829 15.

369 2855 543 2894 Interea
563 2859 708 2894 tamen
728 2853 876 2892 consul
895 2852 946 2903 is,
963 2853 1034 2904 qui
1055 2853 1146 2891 sine
1165 2849 1249 2891 fas-

369 2917 503 2967 cibus,
538 2928 591 2956 ne
625 2915 741 2955 nullo
784 2915 939 2967 insigni
986 2921 1252 2967 nosceretur,

367 2992 593 3021 accensum
625 2980 828 3031 habebat,
863 2980 930 3032 qui
962 2992 1056 3019 eum
1089 2991 1251 3031 praece-

369 3044 518 3083 deret:
548 3048 722 3083 auctore
741 3042 942 3094 Dionysio
961 3042 1034 3082 lib.
1051 3053 1094 3081 v.
1113 3041 1249 3088 initio,

368 3109 439 3161 qui
469 3114 752 3159 sequerentur
786 3120 881 3147 cum
901 3107 1032 3159 virgis
1052 3114 1097 3148 et
1118 3108 1249 3149 bacil-

367 3171 433 3211 lis.
489 3170 719 3210 Suetonius
752 3171 795 3210 in
827 3170 945 3212 Julio
977 3183 1076 3222 cap.
1106 3174 1172 3211 20.
1205 3177 1250 3212 et

368 3233 532 3282 Livius,
566 3232 639 3272 ubi
669 3232 724 3273 de
756 3234 1042 3284 Decemviris,
1073 3234 1146 3275 lib.
1176 3245 1250 3275 ιιι.

367 3296 537 3348 Isipsius.

425 3358 569 3410 Spurio
600 3358 803 3410 Lucretio]
832 3359 919 3401 Qui
947 3359 1060 3399 intra
1093 3371 1250 3410 paucos

370 3422 460 3461 dies
480 3421 602 3471 obiit,
617 3420 823 3463 suffectus
841 3422 882 3461 in
903 3422 1090 3463 Lucretii
1109 3423 1250 3464 locum

370 3486 435 3527 M.
456 3485 663 3525 Horatius
681 3485 907 3526 Pulvillus.

963 288 1139 327 NOTAE
1180 288 1512 328 VAR10RUM
1558 289 1621 326 1N

1376 405 1480 449 Quia
1509 405 1633 456 major
1662 404 1777 456 natu]
1806 404 1919 445 Hinc
1952 413 2042 445 mos
2061 403 2133 444 ille
2153 403 2194 444 in

1318 468 1473 508 multos
1489 480 1619 508 annos
1634 469 1868 519 derivatus,
1882 474 1929 508 ut
1943 468 2077 519 major
2089 473 2195 507 natu

1317 532 1460 571 consul
1480 529 1617 571 fasces
1645 532 1836 571 liaberet.
1891 530 2018 573 Quod
2052 536 2194 569 tamen

1315 593 1378 633 ita
1396 594 1606 644 intelligo,
1623 594 1825 644 majorem
1838 599 1966 633 astate
1977 593 2195 633 consulem

1316 661 1483 695 tantum
1517 656 1649 706 priori
1677 667 1822 695 mense
1848 656 1956 695 hanc
1978 665 2193 706 praeroga-
2223 664 2225 666 ·

1316 717 1446 757 tivam
1472 718 1695 767 babuisse3
1723 730 1818 758 uam
1835 729 1980 758 mense
1999 717 2195 769 sequenti

1314 792 1489 821 summae
1528 781 1753 832 potestatis
1788 781 1862 819 ille
1899 780 1941 818 in
1985 779 2191 829 collegam

1313 843 1496 895 insignia
1516 842 1822 893 transferebat,
1836 848 1961 893 atque
1976 841 2038 880 ita
2053 841 2192 892 singu—

1312 908 1366 947 lis
1382 906 1594 947 mensibus
1621 905 1907 955 alternabant,
1923 908 1968 944 et
1988 904 2108 955 quasi
2126 914 2194 942 re-

1314 970 1596 1021 ciprocabant
1630 969 1721 1009 haec
1746 968 1945 1020 insignia.
1995 967 2118 1006 Suet.
2139 966 2193 1004 de

1313 1033 1422 1071 Caes.
1465 1032 1683 1084 antiquum
1729 1031 1877 1071 retulit
1921 1041 2098 1079 morem,
2146 1034 2193 1069 ut

1312 1105 1396 1146 quo
1427 1106 1573 1135 mense
1605 1093 1742 1134 fasces
1778 1105 1862 1134 non
1899 1092 2093 1143 haberet,
2123 1103 2193 1131 ae·

1313 1167 1467 1194 census
1488 1162 1588 1195 ante
1606 1156 1722 1194 illum
1742 1156 1840 1195 iret.
1897 1154 1982 1194 Ubi
2004 1153 2089 1195 boc*
2106 1165 2193 1193 am-

1313 1217 1424 1267 plius
1452 1217 1613 1268 antiqui
1634 1218 1760 1257 moris
1790 1218 1842 1256 de
1874 1228 2053 1256 accenso
2082 1227 2193 1267 prae·

1310 1281 1440 1320 misso
1460 1282 1673 1322 advertas,
1729 1283 1891 1322 Verum
1918 1286 2072 1334 postea
2096 1282 2191 1332 lege

1310 1344 1428 1386 Julia
1460 1357 1545 1385 non
1575 1353 1677 1386 natu
1710 1346 1858 1397 major,
1888 1346 1964 1386 sed
2000 1345 2192 1384 multitu·

1310 1409 1408 1449 dine
1427 1410 1655 1450 liberorum
1683 1411 1878 1462 superior
1899 1411 2046 1451 consul
2078 1410 2191 1461 prio-

1312 1484 1379 1511 res
1416 1471 1555 1512 fasces
1596 1473 1856 1513 merebatur.
1912 1474 1979 1513 De
2025 1485 2109 1525 qua
2146 1484 2192 1512 re

1312 1532 1507 1586 Agellius
1527 1534 1601 1574 lib.
1622 1546 1677 1575 ιι.
1701 1548 1740 1575 c.
1762 1539 1828 1576 15.
1886 1536 2058 1576 Colerus.

1367 1597 1550 1637 Comitiis
1593 1598 1840 1649 centuriatis]
1896 1598 2070 1638 Habitis
2116 1610 2193 1650 per

1312 1660 1541 1700 centurias.
1597 1661 1710 1701 Nam
1746 1661 1930 1713 populus
1975 1661 2192 1701 Romanus

1311 1721 1356 1760 in
1391 1721 1577 1774 quinque
1616 1723 1775 1762 classes
1810 1722 1980 1775 divisus,
2007 1728 2053 1763 et
2087 1734 2193 1763 una-

1312 1796 1491 1837 quaeque
1513 1786 1659 1825 classis
1677 1786 1719 1825 in
1742 1786 1986 1836 centuriam
2013 1792 2062 1827 ut
2077 1787 2191 1840 apud

1310 1845 1452 1885 Titum
1499 1846 1663 1886 Livium
1709 1847 1855 1887 videre
1895 1848 2012 1888 licet.
2082 1848 2190 1889 Cum

1310 1907 1442 1959 igitur
1460 1907 1663 1960 suffragia
1678 1909 1907 1962 dabantur,
1919 1910 2068 1962 primae
2084 1911 2191 1951 clas-

1312 1971 1370 2011 sis
1395 1972 1600 2012 centuriae
1631 1972 1918 2025 rogabantur:
1947 1986 2043 2027 quae
2064 1975 2100 2014 si
2121 1988 2191 2015 va·

1311 2035 1512 2085 riassent,
1523 2035 1575 2075 ad
1591 2036 1791 2076 secundae
1807 2036 1956 2076 classis
1973 2038 2191 2078 centurias

1312 2097 1578 2150 veniebatur,
1605 2098 1761 2138 deinde
1798 2111 1878 2151 per
1918 2099 2110 2141 ordinem
2134 2101 2191 2141 ad

1311 2173 1455 2201 omnes
1475 2162 1810 2204 descendebant.
1841 2164 2103 2216 centuriatis]
2133 2163 2189 2205 A.

1311 2223 1797 2277 Gelliusinquitlib.xv.
1809 2238 1904 2278 cap.
1922 2230 1989 2268 2⁷.
2016 2228 2028 2250 ‘
2049 2227 2190 2269 Quum

1310 2299 1362 2326 ex
1382 2287 1611 2338 generibus
1642 2289 1827 2328 omnium
1856 2287 2102 2341 suffragium
2128 2288 2192 2330 fe-

1311 2357 1443 2396 ratur,
1465 2351 1629 2391 curiata
1659 2351 1831 2391 comitia
1860 2364 1970 2404 esse,
1987 2364 2116 2404 quum
2135 2364 2190 2392 ex

1309 2426 1440 2454 censu
1471 2421 1516 2455 et
1545 2422 1674 2456 aetate
1706 2417 1962 2465 centuriata,
1981 2428 2112 2467 quum
2136 2427 2192 2456 ex

1311 2478 1554 2529 regionibus
1575 2484 1620 2518 et
1641 2479 1746 2518 locis
1763 2479 1957 2523 tributa!
2000 2479 2069 2519 Ita
2088 2478 2194 2519 Gel-

1309 2541 1403 2581 lius.
1461 2541 1639 2581 Curiata
1657 2541 1802 2593 itaque
1822 2548 1868 2581 et
1887 2541 2052 2583 tributa
2067 2547 2193 2581 erant

1310 2603 1547 2654 popularia.
1591 2604 1731 2655 Magis
1749 2603 1888 2643 adhuc
1904 2603 2081 2653 tributa,
2093 2603 2192 2655 quia

1310 2668 1401 2707 sine
1435 2668 1633 2719 auspiciis
1663 2667 1842 2719 fiebant,
1860 2679 1998 2720 neque
2029 2668 2191 2707 obnun—

1311 2730 1426 2769 ciato
1468 2730 1573 2769 vitio
1632 2729 1994 2781 impediebantur,
2037 2730 2191 2770 deinde

1311 2790 1802 2842 comperendinationem
1856 2803 1940 2830 non
1993 2791 2192 2832 admitte-

1310 2853 1428 2894 bant.
1483 2853 1718 2892 Necessum
1750 2853 1863 2892 enim
1895 2858 2006 2904 erat,
2037 2854 2108 2894 ubi
2140 2867 2191 2894 ea

1311 2916 1441 2956 semel
1453 2915 1655 2955 instituta
1667 2922 1827 2966 essent,
1839 2916 1987 2956 eodem
2006 2917 2076 2957 die
2094 2929 2190 2968 per·

1309 2979 1396 3020 fici.
1453 2980 1606 3032 Neque
1641 2979 1758 3019 SCto
1793 2991 1900 3031 opus
1933 2984 2043 3031 erat,
2072 2985 2192 3020 ante-

1311 3055 1437 3095 quam
1476 3042 1532 3082 ad
1569 3043 1773 3094 populum
1808 3043 2191 3095 promulgarentur.

1311 3106 1438 3149 Quod
1454 3118 1574 3146 secus
1593 3106 1637 3145 in
1656 3105 1847 3146 curiatis.
1878 3105 1992 3145 Vide
2011 3104 2191 3158 Dionys.

1311 3169 1532 3210 Halicarn.
1551 3167 1658 3208 Ant.
1673 3169 1797 3208 Rom.
1815 3167 1889 3207 lib.
1906 3177 1976 3208 rx.
2032 3167 2192 3207 Centu-

1310 3231 1423 3272 riata
1442 3243 1570 3283 porro
1588 3234 1714 3269 erant
1740 3228 2015 3280 oligarcbica,
2032 3229 2101 3268 vel
2118 3241 2191 3281 po·

1311 3296 1395 3334 tius
1426 3293 1750 3344 Aristocratica,
1779 3291 1977 3332 nimirum
2003 3291 2075 3332 ubi
2106 3293 2190 3332 sin-

1311 3360 1422 3411 gulae
1443 3359 1648 3398 centuriae
1681 3356 1847 3409 singula
1873 3354 2076 3408 suffragia
2094 3368 2192 3397 con·

1310 3422 1529 3463 finiebant.
1583 3421 1634 3461 In
1655 3434 1738 3473 qua
1766 3421 1900 3461 classe
1926 3433 2027 3474 ergo
2047 3422 2191 3473 plures

1311 3484 1675 3536 centuriae5p1ura
1705 3484 1765 3525 ibi
1797 3496 1964 3537 quoque
1990 3482 2192 3536 suffragia
