2320 4004
598 326 852 366 VALERu
898 325 1139 364 MAxmu
1187 328 1302 364 mu.
1336 327 1391 364 v.
1431 326 1564 365 GAP.
1591 313 1643 365 3.

202 454 335 490 nunte
374 450 550 490 Romam
603 446 786 487 advecta
830 450 911 486 est.
980 445 1089 485 Cum

202 513 388 554 nondum
408 513 451 552 in
470 511 572 551 urbe
594 511 800 562 templum
821 510 884 549 illi
900 509 1087 550 dicatum

202 582 331 626 esset,
349 582 393 615 et
410 587 465 614 ex
491 574 664 614 oraculo
695 573 907 625 Apollinis
927 572 982 611 ab
1002 585 1088 612 om·

199 639 315 679 nium
352 639 516 689 optimo
551 636 822 689 suscipienda
854 635 983 688 foret,
1014 637 1087 676 diu

199 701 426 753 quaesitum
449 707 531 751 est,
553 701 744 754 quisnam
771 701 812 739 in
833 701 937 740 urbe
965 706 1087 741 tanto

200 764 325 805 titulo
345 764 501 815 dignus
520 763 767 814 haberetur,
789 763 841 803 ad
869 764 980 804 hunc
997 765 1087 805 Sci-

199 826 372 878 pionem
403 839 565 866 summo
600 827 783 867 omnium
803 827 966 879 judicio
986 839 1086 867 veu-

199 898 291 932 tum
310 901 394 943 est,
417 892 487 944 qui
509 893 720 944 tantisper
740 905 896 933 numen
916 893 1086 945 privato

198 955 440 1008 susciperet
475 957 677 1008 hospitio,
698 957 836 997 donec
868 957 955 998 illic
976 958 1083 1009 pub-

196 1018 282 1060 lice
330 1021 540 1072 templum
577 1021 926 1062 constitueretur.
1000 1022 1086 1061 Hic

198 1095 368 1136 quoque
383 1084 544 1125 Tiberii
563 1084 756 1127 Gracchi
776 1084 1086 1126 seditiosissimi

197 1146 380 1188 hominis
398 1146 565 1188 furores
587 1149 821 1200 repressit3
853 1161 946 1188 nam
965 1149 1085 1191 illum

197 1210 314 1262 leges
326 1212 515 1262 agrarias
531 1218 679 1252 contra
695 1213 882 1253 Senatus
899 1215 1085 1254 auctori-

197 1280 344 1329 tatem,
365 1284 414 1317 ut
446 1277 647 1330 diximus,
681 1277 794 1318 ferre
824 1279 1088 1333 molientem,

197 1352 295 1380 cum
342 1342 621 1383 multitudine
668 1342 876 1382 bonorum
922 1343 1087 1395 impetu

194 1401 328 1454 facto,
365 1404 662 1446 subselliorum
693 1405 941 1457 fragmentis
975 1409 1086 1448 occi-

198 1466 279 1517 dit,
295 1469 518 1521 multaque
537 1469 622 1509 alia
640 1470 682 1508 in
704 1470 911 1521 rempubl.
934 1472 1088 1513 merita

197 1532 396 1574 contulit.
448 1533 575 1574 Illum
602 1538 748 1574 tamen
781 1533 891 1575 falso
911 1548 1085 1578 accusa-

199 1604 288 1637 tum
307 1596 386 1636 sub
405 1595 532 1636 titulo
550 1597 779 1649 legationis
796 1599 1085 1641 voluntarium

198 1659 241 1698 in
262 1658 412 1700 Asiam
432 1661 611 1714 exilium
626 1660 704 1701 sibi
721 1660 911 1714 deligere
932 1663 1084 1716 coege-

198 1727 315 1764 runt.
345 1723 495 1764 Oliver.

251 1786 332 1833 Qui
360 1787 567 1839 pestifera,
594 1787 681 1840 4102]
711 1788 907 1842 Contigit
939 1789 993 1833 A.
1027 1792 1081 1833 U.

198 1859 343 1893 ncxx.
743 1904 747 1908 ι

249 1912 446 1953 Faucibus
478 1915 756 1967 apprehensam
788 1918 1082 1972 rempublicam]

194 1974 266 2016 Ita
285 1977 438 2029 opinor
454 1978 685 2031 legendum
716 1993 826 2021 esse.
884 1982 935 2023 In
957 1984 1084 2024 Cam-

193 2043 316 2094 pensi
331 2043 492 2095 legitur
505 2058 734 2097 apprensum
745 2062 763 2096 ,·
791 2061 916 2100 quam
932 2062 1081 2090 vocem

191 2106 314 2147 scioli
332 2107 530 2161 imperite
547 2116 770 2152 mutarunt
788 2113 830 2152 iu
848 2126 1081 2165 oppressam.

193 2168 324 2222 Pigh.

247 2234 524 2292 Str-angulari]
558 2238 767 2282 Suffoeari
805 2247 852 2282 et
887 2243 1083 2295 extingui

197 2297 254 2338 ab
273 2310 342 2339 ea.

249 2363 560 2418 Iniquissimum]
592 2367 705 2410 Quia
735 2367 917 2409 tribunis
948 2369 1083 2422 agita·

195 2425 335 2467 batur.

251 2491 381 2532 Titulo
394 2494 618 2547 legationis]
639 2495 701 2536 Ut
717 2500 834 2536 tutus
851 2497 947 2538 iret.
970 2498 1083 2539 Nam

195 2565 293 2594 cum
314 2557 455 2607 gravis
480 2558 597 2610 plebi
618 2558 731 2600 foret
758 2561 917 2601 Tiberii
951 2575 1082 2614 mors,

191 2619 368 2673 jamque
409 2623 599 2665 vindicta
625 2624 830 2665 adversus
879 2626 1082 2668 interfec-

192 2687 326 2735 tores,
337 2690 383 2725 et
399 2684 591 2737 inprimis
609 2687 827 2739 Nasicam,
841 2695 1081 2741 pararetur,

192 2746 396 2787 sollicitus
423 2748 480 2788 de
506 2751 646 2790 salute
677 2751 866 2802 Nasicae,
895 2753 1082 2795 Senatus

193 2808 374 2852 liberam
393 2812 476 2852 sibi
504 2813 547 2852 iu
567 2813 716 2855 Asiam
735 2816 989 2868 legationem
1009 2820 1082 2860 de·

194 2875 349 2916 crevit.
405 2876 579 2929 Nasica,
618 2893 861 2934 quanquam
900 2885 1082 2927 maximo

193 2940 434 2980 sacerdotio
463 2949 576 2984 esset
595 2944 814 2996 alligatus,
834 2952 976 2989 tamen
995 2949 1081 2989 Ita-

191 3001 293 3044 liam
313 3004 520 3058 deseruit,
539 3014 583 3046 et
612 3009 655 3047 in
682 3008 827 3050 Asiam
848 3012 1083 3068 profectus,

194 3065 307 3108 haud
325 3070 459 3110 multo
478 3077 576 3122 post
606 3073 723 3114 circa
741 3075 1000 3128 Pergamum
1017 3079 1081 3118 in-

195 3135 325 3175 teriit.
356 3137 568 3178 Oliverius.

244 3199 508 3253 Pergamum]
550 3203 779 3246 Civitatem
810 3205 941 3249 Asiae.
999 3209 1082 3252 Est

194 3263 307 3304 enim
337 3266 612 3319 Pergamum,
641 3274 754 3309 teste
771 3271 984 3313 Strabone
1004 3273 1081 3316 lib.

196 3338 303 3370 xnl.
333 3329 451 3372 Asiae
469 3332 622 3373 civitas
641 3334 867 3376 admodum
887 3338 1081 3390 illustris,

197 3403 292 3443 quae
311 3393 383 3433 diu
416 3396 494 3435 sub
529 3397 731 3438 Attalicis
750 3400 920 3452 regibus
942 3400 1078 3443 fortu-

194 3460 296 3495 nata
323 3454 421 3499 fuit.
477 3459 603 3501 Hanc
633 3462 887 3512 praeterfluit
921 3467 1078 3508 Caicus

195 3529 276 3621 ιὸοιι·
304 3531 501 3573 campum
528 3524 600 3577 qui
629 3526 783 3567 Caicus
813 3530 1075 3582 appellatur.

255 3594 351 3625 wer.

1890 313 2033 368 1179

1208 447 1258 486 In
1277 449 1408 488 eodem
1424 448 1579 488 nomine
1593 446 1740 499 versor]
1763 445 1848 487 Hic
1861 446 1913 488 P.
1927 447 2039 487 Len-

1153 510 1268 550 tulus
1290 512 1345 551 de
1366 519 1493 563 gente
1513 511 1712 552 Cornelia
1738 510 1837 560 fuit,
1870 511 1925 550 ‹le
1955 523 2038 562 qua

1153 574 1361 613 Lentulus
1389 576 1461 615 ille
1493 581 1719 624 natusest,
1739 574 1808 626 qui
1829 585 1925 613 cuin
1956 574 2037 613 Ca-

1150 637 1274 676 tilina
1294 637 1335 676 iu
1371 639 1579 690 rempubl.
1602 640 1918 690 conjuraverat,
1940 643 1986 677 et
2014 650 2039 676 a

1151 699 1361 740 Cicerone
1380 702 1553 742 consule
1574 714 1670 741 cum
1690 701 1784 742 aliis
1805 699 2039 752 conjuratis

1148 766 1462 818 necarijussus
1496 773 1585 807 est:
1616 780 1713 808 nam
1751 780 1800 809 ea
1834 780 1961 807 causa
1994 767 2038 808 in

1150 830 1492 882 conjurationem
1515 833 1827 885 venerat,quia
1847 845 1892 872 se
1922 832 2039 884 prin·-

1149 894 1291 945 cipem
1311 895 1494 934 omnium
1526 895 1717 936 futurum
1750 902 1965 948 speraret,
1985 908 2037 935 eo

1149 957 1264 1008 quod
1285 959 1520 1010 oraculum,
1536 959 1670 999 tribus
1690 973 1714 1000 e
1733 966 1860 1011 gente
1878 960 2038 1002 Corne·

1148 1021 1205 1062 lia
1225 1022 1375 1063 deberi
1401 1037 1538 1075 remp.
1560 1026 1809 1076 Romanam,
1831 1030 1875 1065 et
1909 1037 2036 1065 unum

1148 1102 1203 1130 ex
1240 1087 1303 1129 his
1335 1102 1381 1129 se
1413 1092 1586 1130 tertium
1616 1103 1711 1130 esse
1746 1090 2037 1140 existimabat,

1148 1153 1223 1194 sed
1244 1160 1311 1194 est
1330 1155 1528 1207 opinione
1546 1156 1771 1208 deceptus.
1830 1154 1915 1194 Hic
1933 1166 2037 1206 ergo

1149 1218 1369 1269 Lentulus,
1406 1218 1461 1259 de
1494 1231 1577 1271 quo
1610 1219 1837 1271 loquimur,
1875 1217 2037 1270 primus

1150 1281 1199 1321 C.
1220 1282 1405 1322 Gracchi
1427 1289 1473 1322 et
1492 1282 1649 1333 Fulvii,
1678 1282 1750 1334 qui
1769 1293 1844 1332 per
1864 1281 2037 1321 seditio-

1148 1357 1246 1384 nem
1276 1345 1539 1386 Aventinum
1573 1359 1669 1386 cum
1705 1351 1871 1386 armata
1906 1358 2037 1386 manu

1148 1416 1484 1461 occupaverant,
1530 1411 1736 1462 impetum
1781 1409 2036 1463 furoresque

1147 1474 1371 1526 repressit,
1422 1475 1599 1514 consule
1649 1475 1699 1514 L.
1739 1473 1929 1526 Opimio,
1965 1475 2037 1515 cui

1147 1549 1310 1577 summa
1330 1544 1522 1589 potestas
1540 1550 1563 1578 a
1576 1539 1737 1579 Senatu
1753 1539 1856 1580 data
1874 1538 2036 1591 fuerat,

1147 1606 1393 1652 utcaveret,
1409 1602 1575 1654 nequid
1593 1601 1841 1643 detrimenti
1856 1603 2036 1654 respub-

1143 1665 1228 1704 lica
1256 1672 1450 1717 caperet.
1510 1666 1596 1706 Hie
1627 1667 1759 1718 igitur
1781 1681 1858 1720 pro
1879 1669 2038 1720 repub·

1143 1728 1229 1769 lica
1264 1741 1288 1768 a
1325 1735 1447 1770 tanta
1499 1730 1715 1779 seditione
1752 1732 1939 1772 liberata
1989 1733 2034 1772 id

1145 1793 1312 1845 praemii
1345 1795 1530 1846 recepit,
1567 1801 1615 1834 ut
1652 1796 1782 1847 paulo
1821 1802 1918 1848 post
1953 1796 2034 1836 sub

1144 1858 1291 1910 specie
1326 1858 1552 1910 legationis
1592 1858 1635 1898 in
1671 1859 1846 1900 exilium
1880 1859 2034 1900 missus

1142 1920 1288 1963 fuerit.
1322 1923 1430 1963 oliv.

1197 1986 1247 2026 In
1266 1985 1480 2039 Aventino]
1507 1987 1604 2029 Quo
1625 1987 1850 2028 Gracchus
1871 1994 1915 2028 et
1935 1989 2038 2028 Fut.

1145 2049 1237 2089 vius
1256 2051 1346 2102 ejus
1368 2052 1534 2103 collega
1560 2064 1657 2092 cum
1687 2051 1860 2092 caeteris
1887 2053 2036 2105 conju-

1144 2115 1249 2154 ratis
1268 2127 1314 2155 se
1335 2123 1604 2166 receperant.
1638 2117 1763 2157 Idem.

1198 2179 1278 2217 Pia
1291 2178 1443 2230 pugna]
1480 2179 1590 2221 Quia
1611 2192 1689 2231 pro
1709 2181 1848 2219 salute
1869 2181 1978 2232 reip.

1196 2242 1327 2282 Ahala
1358 2255 1465 2292 vero,
1495 2242 1584 2294 &fc.]
1613 2243 1767 2283 Fames
1798 2243 1947 2282 urbem
1969 2244 2030 2283 in-

1145 2312 1333 2355 vaserat,
1367 2306 1432 2345 vel
1468 2306 1740 2356 malignitate
1779 2313 2036 2358 temporum,

1145 2369 1260 2422 quod
1285 2370 1386 2410 anni
1405 2368 1588 2409 fuissent
1606 2369 1826 2421 segetibus
1845 2371 2038 2421 adversi,

1145 2434 1482 2485 velnegligentia
1498 2433 1648 2485 plebis,
1659 2447 1769 2486 quae,
1781 2435 2033 2475 concionum

1145 2499 1375 2541 dulcedine
1412 2505 1559 2551 capta,
1607 2499 1779 2539 deserto
1834 2512 2034 2551 agrorum

1145 2565 1281 2615 cultu,
1311 2564 1506 2603 coluerat
1522 2562 1669 2603 urbem
1690 2576 1701 2604 ι
1730 2563 1848 2616 (nam
1869 2570 2035 2604 utrum-

1144 2640 1227 2680 que
1247 2628 1432 2668 traditur
1446 2626 1479 2681 ε)
1509 2626 1689 2679 Spurius
1708 2627 1879 2667 Moelius
1901 2640 2034 2681 eques

1144 2691 1271 2732 Rom.
1300 2692 1381 2731 illis
1411 2691 1679 2743 temporibus
1708 2691 1920 2742 praedives
1941 2704 2032 2732 rem

1143 2756 1308 2807 utilem,
1329 2756 1513 2807 pessimo
1530 2755 1744 2807 exemplo,
1765 2755 1913 2807 pejore
1934 2768 2034 2796 con-

1143 2820 1255 2872 silio,
1291 2826 1358 2860 est
1385 2831 1636 2871 aggressus:
1682 2832 1779 2859 nam
1818 2818 2033 2861 frumento

1143 2883 1314 2934 privata
1341 2884 1526 2936 pecunia
1550 2883 1766 2935 coempto,
1785 2884 2035 2936 largitiones

1140 2945 1344 2987 frumenti
1376 2947 1418 2987 in
1453 2948 1659 2999 populum
1690 2946 1803 2987 fame
1833 2948 2031 2989 laboran-

1143 3018 1228 3053 tem
1261 3011 1407 3053 facere
1437 3012 1652 3061 instituit3
1678 3017 1728 3052 ut
1755 3012 1836 3053 hoc
1854 3026 2033 3054 munere

1142 3077 1291 3128 plebes
1310 3077 1389 3116 sibi
1409 3077 1595 3118 obnoxia
1621 3075 1738 3117 facta
1756 3077 1936 3118 honores
1958 3079 2033 3118 de-

1139 3141 1389 3191 mandaret;
1411 3137 1489 3181 nec
1509 3142 1589 3180 hoc
1609 3147 1855 3192 contentuS,
1869 3142 1922 3181 de
1940 3156 2032 3194 reg·

1139 3217 1196 3245 no
1216 3206 1350 3258 coepit
1369 3206 1561 3258 agitare;
1580 3205 1759 3258 jamque
1784 3206 2030 3256 conjuratio

1140 3270 1388 3322 parabatur.
1444 3271 1556 3311 Nam
1578 3271 1666 3310 tela
1686 3271 1726 3309 in
1747 3270 1838 3320 ejus
1858 3269 2028 3312 domum

1139 3334 1343 3385 conferri,
1363 3335 1678 3386 concionesque
1699 3331 1859 3381 haberi,
1878 3339 1922 3372 et
1942 3345 2028 3375 non

1138 3397 1271 3438 dubia
1301 3397 1357 3438 de
1389 3410 1525 3448 regno
1558 3396 1761 3435 consilia:
1794 3396 1908 3446 quod
1930 3409 2027 3438 cum

1138 3461 1308 3501 senatui
1336 3461 1580 3500 nuntiatum
1613 3464 1740 3507 esset,
1770 3459 1906 3508 primo
1926 3471 2023 3499 cou-

1137 3527 1250 3566 sules
1276 3527 1519 3576 increpare,
1547 3522 1661 3574 quod
1680 3534 1753 3561 eas
1774 3522 2028 3573 largitiones,

1137 3599 1361 3643 coetusque
1390 3591 1431 3630 in
1453 3589 1625 3641 privata
1653 3586 1778 3627 domo
1806 3586 1900 3628 fieri
1931 3601 2030 3641 pers
