2288 3990
552 303 810 345 VALERu
853 298 1095 340 MAlel
1138 299 1256 338 Lm.
1297 298 1363 336 11.
1402 296 1536 336 cAP.
1559 281 1611 334 7.

173 426 332 481 inquit,
368 425 450 466 ‘P.
477 423 700 465 Aurelium
729 421 935 474 sanguine
967 420 1052 461 sibi

164 492 378 544 junctum,
407 499 532 540 quem
569 485 779 526 obsidioni
801 485 1051 535 Lipararum

168 552 286 605 ipse,
319 551 375 592 ad
408 550 598 602 auspicia
626 548 861 601 repetenda
891 548 1052 587 Messa-

174 628 274 656 nam
295 614 551 656 transiturus
573 612 846 664 praefecerat,
867 623 963 651 cum
981 622 1053 661 ag·

170 691 248 731 ger
265 679 478 730 incensus,
504 683 551 717 et
583 683 712 729 capta
731 682 876 716 castra
894 679 1054 725 essent,

170 743 302 794 virgis
321 754 478 782 caesum
507 741 551 780 in
571 752 792 780 numerum
820 739 1052 791 gregalium

170 807 366 858 peditum
402 804 553 846 referri
583 810 630 846 et
661 803 906 844 muneribus
933 801 1052 853 fungi

165 869 329 921 Jussit.’
382 869 531 922 Atque
564 869 632 909 hic
659 867 830 921 quidem
861 865 1053 906 Frontini

167 933 286 974 locus
303 945 388 973 non
409 934 544 973 solum
573 931 737 972 Valerii
760 931 890 970 verba
908 929 1052 969 decla·

168 1002 254 1047 rat,
287 996 363 1036 sed
396 997 524 1036 etiam
555 996 599 1035 in
626 996 677 1035 iis
707 994 864 1047 aliquid
886 993 1052 1043 deesse,

168 1060 341 1101 videtur
360 1060 567 1101 indicare.
612 1059 724 1099 Nam
756 1058 828 1098 ubi
857 1057 934 1108 ait,
948 1057 1051 1096 mili-

167 1122 236 1161 tioe
268 1134 425 1162 munere
454 1122 560 1162 inter
586 1121 740 1173 pedites
762 1119 888 1171 fungi
905 1119 1051 1170 co'e'git,

168 1183 367 1237 profecto
402 1186 540 1226 minus
567 1186 733 1225 hiulcus
769 1191 815 1225 et
844 1185 1050 1224 obscurus

167 1248 268 1300 erit,
285 1249 329 1289 si*
353 1249 491 1289 locum
523 1261 579 1289 ex
612 1248 820 1289 Frontino
852 1249 1052 1300 supplea-

162 1322 261 1352 -rnus
281 1312 358 1360 ita,
383 1312 561 1363 gregalis
588 1312 746 1352 militiae
773 1324 930 1352 munere
947 1312 1053 1352 inter

161 1376 318 1427 pedites
343 1375 468 1426 fungi
501 1375 642 1427 coegit.
705 1375 906 1415 Vilissimi
938 1376 1051 1415 enim

167 1439 362 1492 gregales
378 1440 538 1480 milites
566 1445 690 1480 erant
709 1439 764 1480 ad
786 1452 1052 1493 quaecunque

168 1514 304 1555 opera
325 1503 490 1544 militiae
519 1503 759 1556 supplenda
791 1503 990 1555 subjecti,
1007 1509 1053 1544 et

166 1577 222 1606 ex
255 1566 546 1607 centuriarum
579 1567 742 1606 ultimis
777 1566 982 1618 decuriis,
1009 1567 1051 1606 in

166 1641 271 1682 quas
306 1630 482 1670 minoris
528 1630 666 1682 precii
695 1637 742 1670 et
778 1631 906 1670 animi
944 1631 1052 1671 mili-

166 1700 232 1733 tes
261 1693 663 1745 conscribebantur,
697 1693 1052 1747 quemadmodum

165 1756 296 1798 etiam
317 1757 470 1797 Cicero
486 1757 528 1796 in
545 1756 824 1797 Orationibus
843 1757 930 1796 suis
944 1756 1052 1796 indi-

166 1824 252 1870 cat,
284 1832 362 1872 per
395 1825 692 1872 contemptum
713 1819 932 1871 Catilinae,
953 1820 1052 1860 Clo-

165 1882 308 1936 dii,'ac
328 1882 509 1930 Antonii
528 1883 754 1923 seditiosos
784 1895 835 1923 ac
865 1882 970 1923 viles
990 1896 1054 1923 as·

165 1947 303 1988 seclae
323 1958 472 1987 eorum
491 1947 689 1999 gregales
709 1946 945 1998 appellans.
979 1946 1053 1986 In·

166 2015 234 2049 ter
248 2022 352 2062 quos
366 2022 446 2062 per
461 2009 732 2061 ignominiam
746 2009 1053 2061 rejiciebantur

164 2073 297 2116 etiam
316 2073 380 2113 illi
407 2074 580 2123 milites,
598 2074 671 2126 qui
700 2074 754 2114 ob
784 2075 956 2126 culpam
977 2075 1052 2114 ali·

167 2149 296 2190 quam
314 2149 372 2178 ex
391 2137 616 2178 ordinibus
635 2138 722 2178 suis
743 2138 1051 2191 expungeban-

167 2205 256 2242 tur.
283 2201 410 2252 Pigh.

221 2263 338 2309 Quod
373 2265 455 2314 eius
489 2266 604 2317 culpa
635 2277 760 2316 agger
795 2265 988 2316 incensus,
1014 2270 1053 2306 et

160 2337 263 2377 pene
277 2331 410 2367 castra
419 2327 588 2376 fuerant
602 2328 737 2379 capta]
765 2330 803 2368 E
824 2335 941 2368 terra
959 2329 1052 2380 plu·

166 2389 321 2429 timum
340 2402 499 2442 agger:
536 2390 735 2442 potuitne
755 2391 960 2431 accendi?
987 2391 1054 2431 Tu

167 2452 319 2493 sedulo
347 2454 482 2504 velas,
517 2453 575 2492 mi
613 2453 768 2504 Pighi:
815 2453 892 2493 sed
924 2453 1053 2494 velim

165 2515 295 2567 (puto
313 2522 357 2556 te
376 2529 462 2556 non
480 2516 681 2567 nolente)
699 2529 824 2568 agger
842 2518 1052 2559 inscensum.

165 2577 368 2619 Inscendi
400 2585 446 2619 et
475 2579 705 2620 conscendi
731 2593 946 2633 aggerem,
966 2582 1051 2622 val-

163 2640 270 2692 lum,
300 2641 454 2682 crebra
472 2647 518 2682 et
537 2643 642 2682 trita
659 2644 808 2683 lectio.
835 2644 947 2696 Lips.

220 2705 287 2757 §5
318 2705 372 2750 Q.
403 2705 540 2756 etiam,
571 2705 662 2757 Esca]
689 2706 886 2758 Contigit
913 2707 970 2749 A.
998 2709 1054 2749 U.

165 2777 366 2808 nuxxx.
387 2774 433 2808 et
453 2778 657 2809 anxur.

220 2831 386 2872 Fulvius
425 2831 611 2882 flaccus]
658 2831 756 2872 Hoc
786 2830 951 2873 factum
985 2838 1055 2875 est

164 2893 282 2936 bello
315 2895 477 2947 servili,
506 2895 622 2948 quod
647 2895 694 2936 in
721 2895 869 2936 Sicilia
887 2903 1054 2949 gestum

167 2962 254 3000 est.

223 3020 450 3072 Cohortem]
469 3021 630 3062 Cohors
645 3021 796 3063 habuit
811 3028 900 3064 tres
915 3023 1055 3064 Mani·

167 3084 308 3138 pulos,
326 3085 556 3136 Hastatos,
577 3086 820 3138 Principes,
840 3087 1055 3139 Triarios3

168 3146 280 3187 adde
312 3151 360 3187 et
380 3146 567 3198 Velites,
588 3147 661 3199 qui
688 3148 930 3200 manipulos
949 3151 1056 3190 sole·

165 3209 270 3250 bant
285 3210 499 3250 comitari.
521 3210 620 3250 Fuit
633 3210 764 3262 igitur
771 3211 892 3263 justa
903 3219 949 3253 et
964 3214 1055 3265 ple-

165 3286 223 3316 na
236 3275 398 3316 Cohors
412 3275 663 3327 legionaria,
678 3275 870 3318 homines
887 3282 982 3320 420.
1008 3280 1055 3320 Si

168 3339 380 3390 pleniores
400 3341 613 3393 Manipuli
634 3348 680 3382 et
711 3343 937 3394 Legiones,
965 3345 1055 3397 ple-

167 3401 261 3440 nior
276 3408 320 3442 et
337 3403 456 3455 ipsa;
478 3412 524 3444 et
538 3405 640 3445 inde
654 3406 865 3446 Cohortes
878 3408 1057 3460 quinge-

167 3464 326 3514 nariae,
338 3471 382 3505 et
397 3468 666 3508 sexcenarias
681 3469 877 3521 legimus.
906 3471 1055 3512 Graeci

169 3525 400 3569 Cohortem
425 3531 552 3583 vulgo
570 3538 727 3573 vocant
746 3535 922 3587 crerav,
941 3542 989 3576 ut
1010 3541 1056 3577 et

1854 279 1997 333 1039

1115 420 1278 460 Ennius
1298 418 1540 472 usurpavit.
1595 414 1746 456 Suidas
1771 415 1900 466 spiras
1935 414 1998 453 in-

1115 488 1384 534 terpretatur
1403 493 1616 522 numeros.
1674 480 1882 521 Cohortes
1911 491 2000 519 om-

1115 559 1191 587 nes
1209 547 1250 586 in
1272 547 1511 600 legionibus
1526 551 1650 587 erant
1664 556 1842 585 numero
1855 557 1999 597 aequa-

1116 611 1193 662 les,
1212 612 1312 663 quia
1332 616 1376 651 et
1394 611 1600 663 manipuli
1619 610 1740 651 tales.
1795 609 1880 649 Sed
1899 609 2001 662 quia

1115 674 1263 726 primae
1298 675 1487 726 dignitas
1509 675 1648 726 aliqua
1669 673 1934 724 attribuitur,
1954 672 1999 712 id

1117 748 1201 776 non
1222 749 1246 776 a
1265 749 1456 787 numero,
1475 737 1551 777 sed
1567 749 1591 776 a
1605 735 1834 788 splendore
1851 741 1896 775 et
1914 733 2001 787 pri·

1116 805 1234 839 matu
1272 799 1370 847 fuit,
1399 799 1512 852 quod
1538 801 1664 852 primi
1697 800 1738 839 in
1766 812 1819 840 ea
1841 799 2000 839 Centu-

1116 863 1258 903 riones
1293 864 1461 916 generis
1498 863 1722 916 cujusque,
1767 869 1814 903 et
1856 861 2002 903 forsan

1114 925 1192 967 flos
1213 927 1368 980 aliquis
1388 932 1435 967 et
1454 927 1611 967 electio
1633 927 1834 967 virorum.
1863 927 1973 979 Lips.

1174 991 1369 1031 Tribunus
1385 992 1572 1042 militum,
1590 990 1678 1042 ἀφ]
1708 991 1892 1031 Tribuni
1907 990 2002 1031 seni

1114 1053 1159 1095 in
1179 1068 1349 1108 quaque
1365 1057 1537 1109 legione
1553 1060 1692 1095 erant.
1738 1055 1913 1096 Creavit
1928 1066 2002 1095 eos

1115 1119 1254 1170 primo
1301 1120 1522 1171 Romulus,
1567 1120 1750 1174 ejusque
1802 1120 2002 1172 exemplo

1114 1184 1256 1236 Reges
1275 1189 1320 1224 et
1339 1184 1566 1236 Consules,
1582 1184 1721 1225 donec
1742 1190 1788 1225 et
1807 1184 2002 1236 Populus

1114 1246 1159 1285 in
1194 1247 1305 1287 hunc
1333 1248 1536 1288 honorem
1562 1248 1633 1300 jus
1669 1253 1716 1288 et
1753 1246 2001 1300 suffragium

1114 1310 1193 1351 sibi
1207 1312 1388 1363 sumpsit
1401 1325 1413 1361 ;
1429 1312 1544 1364 quod
1557 1311 1718 1352 factum
1735 1313 1874 1365 primo
1887 1313 2005 1353 circa

1115 1386 1270 1414 annum
1290 1376 1343 1416 U.
1364 1376 1414 1417 C.
1433 1379 1529 1416 393.
1585 1377 1692 1417 Cum
1725 1389 1828 1416 vero
1862 1377 2002 1417 minus

1115 1437 1258 1478 idonei
1289 1445 1544 1479 crearentur
1588 1451 1668 1492 per
1706 1440 1917 1480 ambitum
1957 1445 2005 1480 et

1115 1502 1316 1554 gratiam,
1356 1504 1540 1555 populus
1574 1504 1788 1544 exclusus.
1845 1503 1899 1543 Id
1931 1516 2004 1544 au·

1115 1572 1204 1606 tem
1224 1578 1309 1606 non
1329 1566 1608 1617 diuturnum3
1638 1568 1832 1619 Populus
1846 1567 1919 1619 jus
1940 1578 2005 1606 re-

1116 1630 1259 1681 petiit,
1278 1630 1341 1670 ita
1372 1636 1421 1670 ut
1441 1642 1588 1681 parem
1609 1642 1834 1670 numerum
1853 1629 2007 1670 Tribu-

1115 1704 1264 1732 norum
1302 1693 1507 1733 Consules
1555 1699 1600 1733 et
1645 1694 1838 1745 Populus
1884 1705 2006 1734 crea-

1116 1762 1226 1797 rent.
1282 1757 1368 1799 Qui
1389 1770 1414 1797 a
1433 1758 1603 1810 Populo
1617 1759 1893 1810 creabantur,
1912 1758 2006 1810 dig-

1117 1821 1260 1860 niores
1310 1820 1464 1871 habiti,
1511 1827 1556 1862 et
1610 1821 1714 1862 dicti
1772 1823 2007 1874 commati,

1116 1885 1216 1938 quia
1244 1885 1390 1925 Romae
1427 1885 1468 1925 in
1492 1885 1687 1926 Comitiis
1722 1885 2008 1937 designaban-

1115 1954 1211 1990 tur:
1261 1949 1334 2002 qui
1372 1961 1398 1989 a
1432 1949 1691 1990 Consulibus
1731 1950 1776 1989 in
1809 1951 2008 1990 exercitu

1116 2012 1391 2061 creabantur,
1411 2014 1517 2054 dicti
1538 2014 1689 2064 Rutili,
1705 2019 1853 2066 postea
1868 2012 2008 2054 Rufu-

1114 2076 1160 2126 li,
1200 2076 1434 2130 Praetores,
1467 2082 1543 2117 aut
1577 2078 1804 2129 Consules,
1833 2083 1907 2117 aut
1932 2076 2006 2130 qui

1115 2151 1192 2191 pro
1211 2139 1280 2191 iis,
1309 2153 1426 2193 saepe
1459 2141 1503 2180 in
1534 2141 1766 2193 provinciis
1800 2140 2008 2182 creabant

1114 2204 1358 2255 'l'ribunos3
1395 2211 1441 2245 et
1461 2206 1533 2246 isti
1561 2206 1605 2244 in
1626 2217 1759 2245 annos
1779 2205 2007 2245 mutaban-

1115 2271 1201 2306 tur.
1230 2267 1514 2307 Tribunorum
1529 2267 1688 2319 duplex
1703 2280 1858 2319 genus:
1878 2267 2009 2319 Equi·

1115 2334 1199 2380 tes,
1217 2334 1264 2369 et
1285 2329 1452 2370 Plebei.
1507 2330 1662 2371 Plures
1690 2342 1744 2370 ex
1774 2329 2006 2381 equitibus,

1115 2392 1245 2432 etiam
1279 2404 1363 2431 non
1383 2404 1478 2432 raro
1499 2405 1553 2432 ex
1583 2392 1876 2444 Senatoribus‚
1897 2404 2008 2443 prae·

1116 2454 1264 2494 sertim
1277 2455 1474 2506 graviore
1487 2455 1624 2505 bello3
1641 2455 1831 2508 alioquin
1844 2462 2008 2507 contra,

1117 2518 1277 2571 gradus
1313 2518 1383 2559 hic
1412 2519 1467 2559 ad
1502 2519 1765 2560 senatorium
1811 2519 2008 2559 ordinem

1116 2588 1227 2622 erat.
1268 2580 1414 2635 Atque
1432 2583 1532 2623 hinc
1549 2583 1779 2623 discrimen
1797 2583 2008 2623 Tribuno-

1117 2661 1227 2701 rum,
1237 2654 1286 2689 ut
1299 2649 1473 2702 quidam
1485 2650 1728 2701 Laticlavii‚
1738 2650 1910 2703 quidam
1920 2649 2012 2690 An·

1116 2713 1385 2764 gusticlavii:
1401 2713 1481 2765 illi,
1494 2714 1564 2767 qui
1575 2727 1627 2754 ex
1641 2715 1824 2764 Senatu3
1838 2713 1923 2766 isti,
1935 2714 2009 2767 qui

1116 2788 1170 2816 ex
1191 2776 1351 2828 Equite
1377 2777 1485 2818 nati.
1530 2778 1863 2818 Laticlaviorum
1895 2790 2009 2829 prae-

1116 2840 1300 2879 stantior
1316 2840 1434 2881 ordo.
1462 2840 1705 2893 Utrumque
1722 2852 1854 2892 genus
1875 2840 2009 2880 ambi-

1118 2903 1227 2943 tiose
1244 2904 1448 2956 petitum,
1463 2911 1509 2945 et
1524 2904 1669 2945 datum
1686 2918 1698 2954 ;
1719 2910 1764 2945 et
1779 2917 1862 2957 quo
1877 2904 2012 2955 pluri-

1117 2966 1193 3007 bus
1208 2967 1446 3019 gratificari
1461 2975 1653 3021 possent,
1672 2967 1837 3009 factum
1852 2980 2010 3008 semes·

1117 3035 1201 3070 tre.
1260 3030 1380 3071 Hine
1414 3031 1427 3053 ‘
1444 3034 1652 3071 semestre
1685 3035 1864 3080 aurum‚'
1896 3031 2008 3072 dixit

1115 3092 1358 3143 Juvenalis,
1387 3095 1488 3146 quia
1523 3095 1655 3134 etiam
1686 3095 1843 3134 annulo
1877 3105 2004 3133 aureo

1116 3156 1354 3196 utebantur
1371 3157 1569 3198 Tribuni.
1607 3158 1734 3198 Idem.

1171 3220 1320 3261 Senatu
1336 3222 1476 3274 movit]
1507 3222 1684 3273 Duplex
1705 3226 1798 3261 erat
1814 3219 2010 3260 censoria

1116 3289 1223 3323 nota
1259 3285 1303 3323 in
1336 3285 1532 3338 equites;
1561 3285 1623 3324 illi
1664 3290 1806 3324 autem
1843 3282 2008 3322 Senatu

1117 3347 1416 3398 movebantur,
1431 3349 1465 3387 si
1481 3355 1609 3399 erant>
1626 3348 1739 3387 inter
1758 3347 2008 3396 Senatores,

1119 3415 1194 3450 aut
1205 3422 1316 3462 equo
1329 3411 1500 3462 publico
1514 3409 1810 3462 privabantur,
1822 3419 1874 3446 ne
1888 3407 2008 3447 vide-

1117 3473 1222 3513 licet
1243 3472 1504 3524 stipendium
1525 3471 1578 3511 de
1602 3471 1777 3522 publico
1798 3469 1967 3509 darent.

1165 3535 1450 3587 Supercizium]
1499 3534 1764 3585 Austeritas‚
1802 3533 2008 3574 severitas
