2288 3990
615 324 871 367 VALERII
914 322 1155 361 ΜΑΧΙΜΙ
1202 323 1318 361 LlB.
1358 322 1423 361 11.
1463 321 1597 360 cAP.
1624 307 1677 358 6.

231 460 323 489 rum
345 445 571 487 affectuum
590 441 820 494 facultate,
847 453 901 482 ne
916 439 1111 493 judicum

230 511 394 551 animus
414 521 439 548 a
457 519 606 547 norma
634 506 744 546 recti
778 503 1046 553 deflecteret,
1064 508 1112 542 ut

231 579 299 614 est
329 571 442 624 apud
472 570 800 621 Hermogenem.
858 569 980 609 Inter
994 566 1110 620 judi-

231 648 321 686 ces,
351 635 422 687 qui
454 646 630 674 numero
663 640 788 674 erant
816 645 985 685 novem,
1016 637 1112 673 erat

230 706 278 741 et
296 699 402 748 Regi
422 699 554 747 locus,
577 698 646 747 qui
667 709 838 747 corona,
861 702 909 737 ut
930 696 991 736 ait
1012 695 1111 736 Pol-

229 765 320 815 lux,
346 763 818 816 deposita,judicabat.
875 762 1112 803 Athenaeus

229 827 375 881 prodit
402 839 456 867 ex
486 826 723 879 Hyperidis
752 826 970 866 sententia
1002 825 1111 865 libro

228 903 334 933 1111.
345 891 381 931 si
395 903 519 944 quem
533 891 575 930 in
592 902 785 942 caupona
797 900 987 930 coenasse
1000 900 1111 928 com·

228 954 461 1008 perissent,
479 953 746 1006 prohibuisse
762 965 857 992 eum
878 950 1112 992 ascendere

228 1019 272 1059 in
286 1017 575 1069 Areopagum.
604 1016 788 1056 Eosdem
803 1026 982 1067 puerum
998 1014 1112 1052 dam-

228 1094 371 1129 nasse,
397 1082 469 1135 qui
493 1081 638 1121 oculos
664 1078 957 1120 coturnicibus
990 1089 1113 1117 erue-

228 1150 313 1196 rat,
330 1144 483 1185 scribit
497 1142 831 1185 Quinctilianus.
865 1141 1114 1192 Diligenter

227 1207 358 1248 etiam
378 1205 667 1259 inquirebant,
687 1205 788 1259 quid
804 1211 956 1257 ageret
975 1203 1111 1245 Athe-

227 1269 441 1312 niensium
457 1269 761 1322 unusquisque,
779 1269 847 1308 vel
868 1281 952 1320 quo
972 1280 1113 1321 quaes-

228 1339 276 1375 tu
293 1346 339 1373 se
359 1338 639 1382 sustentaret,
657 1338 834 1372 auctore
847 1331 1038 1371 Valerio.
1059 1331 1112 1370 Iu

225 1409 447 1437 numerum
468 1408 613 1435 eorum
647 1395 938 1447 cooptabatur
969 1407 1112 1445 nemo,

227 1461 308 1501 nisi
328 1467 374 1500 et
390 1464 610 1500 stemmate
624 1460 798 1511 nobilis,
817 1465 861 1499 et
884 1464 1113 1511 perspecta

227 1523 390 1564 virtute
423 1523 575 1574 dignus
623 1529 876 1562 censeretur
925 1522 1111 1562 Graeciae

229 1588 362 1628 totius
382 1586 534 1639 judex,
563 1587 679 1627 sicut
696 1586 1004 1638 Areopagitico
1024 1586 1112 1625 Iso-

228 1657 368 1693 crates
404 1650 562 1703 prodit.
619 1650 773 1690 Utrum
810 1650 939 1689 Solon
977 1650 1113 1689 Sena·

227 1720 319 1755 tum
332 1716 439 1754 hunc
458 1713 707 1763 instituerit,
722 1712 924 1752 dubitant
939 1712 1112 1752 eruditi.

226 1778 324 1819 Etsi
345 1777 459 1817 enim
475 1777 730 1816 Plutarchus
743 1774 942 1826 affirmet,
954 1787 1008 1814 ex
1021 1774 1112 1815 Iso·

226 1847 345 1883 crate
375 1847 518 1881 tamen
537 1839 680 1891 colligi
699 1850 782 1878 non
805 1843 964 1890 potest.
1022 1838 1110 1878 Ne-

227 1917 311 1958 que
329 1903 528 1944 Lae'rtius
547 1903 661 1942 illam
691 1902 973 1942 institutionis
993 1913 1110 1941 men-

227 1969 388 2010 tionem
420 1965 527 2007 faci't
560 1967 603 2006 in
640 1966 729 2017 ejus
752 1967 853 2005 vita.
909 1966 1019 2006 Sunt
1037 1966 1111 2018 qui

225 2038 325 2073 ante
354 2032 552 2072 Solonem
586 2029 718 2070 fuisse
755 2030 959 2082 produnt,
998 2031 1110 2070 sicut

226 2096 413 2147 intelligi
429 2099 572 2147 potest
583 2105 639 2133 ex
654 2094 751 2143 illis,
767 2105 863 2146 quae
881 2094 936 2133 de
948 2094 1110 2146 Marte,

223 2158 419 2200 fabulose
439 2164 599 2209 tamen,
621 2157 1008 2209 proditaleguntur
1024 2169 1111 2196 me-

225 2223 390 2264 moriae.
419 2222 595 2271 Funger.

279 2288 302 2339 ξ
330 2291 354 2325 5
383 2286 573 2338 Periclis]
599 2284 794 2324 Pericles
814 2284 974 2324 Orator
993 2296 1109 2323 max-

225 2352 333 2392 imus
352 2357 398 2391 et
415 2351 702 2402 Philosophus
723 2350 996 2390 doctissimus
1012 2348 1112 2397 fuit,

226 2415 301 2467 qui
320 2413 624 2465 rempublicam
657 2412 985 2452 Atheniensium
1007 2426 1109 2465 qua-

226 2476 423 2527 draginta
444 2475 564 2514 annis
595 2476 702 2515 mira
721 2476 906 2527 quadam
927 2476 1109 2527 pruden-

226 2540 288 2580 tia
325 2539 594 2590 gubernavit,
635 2543 681 2578 et
724 2538 784 2577 illi
826 2538 998 2578 habitus
1042 2543 1111 2579 est

222 2604 372 2654 honos,
391 2608 438 2642 ut
456 2597 534 2642 sui>
554 2603 648 2642 loco
667 2601 872 2641 dicemus.
904 2603 1055 2642 Oliver.

276 2668 302 2719 ᾧ
329 2670 356 2706 6
387 2665 598 2705 Convictus
649 2677 675 2704 α
714 2669 883 2715 patrono
929 2664 1110 2716 libertus]

222 2730 289 2770 Ex
309 2728 496 2781 antiquis
516 2728 818 2768 Grammaticis
840 2732 977 2779 patet,
995 2728 1109 2780 quod

221 2791 352 2833 Actio
382 2789 645 2830 Ἀποστασίου
675 2791 866 2842 patronis
898 2795 1014 2831 esset
1034 2792 1107 2831 ad-

221 2867 372 2896 versus
401 2855 597 2905 libertos,
623 2854 694 2906 qui
712 2858 913 2905 patronos
932 2867 1015 2895 non
1036 2867 1106 2895 co-

220 2918 419 2968 luissent,
449 2922 523 2957 aut
552 2916 656 2956 alios
675 2916 1012 2970 adoptavissent,
1038 2931 1106 2958 ea·

220 2992 320 3033 que,
359 2993 451 3032 quae
480 2980 650 3032 legibus
688 2981 974 3033 imperantur,
1019 2995 1105 3022 non

221 3044 537 3095 praestitissent.
569 3043 770 3083 Convicti
792 3051 934 3086 autem
956 3047 1104 3088 liberti

218 3105 262 3146 in
292 3107 546 3146 servitutem
566 3107 910 3148 revocabantur:
941 3110 1003 3149 sin
1031 3123 1103 3150 au-

220 3175 308 3210 tem
324 3168 557 3209 secundum
579 3168 757 3209 libertos
778 3173 1104 3222 pronunciatum

220 3235 353 3282 esset,
381 3230 577 3283 perfecte
599 3232 723 3272 liberi
745 3240 883 3274 erant.
927 3236 1104 3277 Judica·

220 3293 379 3335 bantur
408 3300 551 3334 autem
583 3307 802 3336 servorum
834 3298 1026 3339 actiones
1059 3301 1104 3339 in

219 3357 441 3406 nominos,
493 3357 780 3398 Patronorum
828 3361 872 3400 in
925 3362 1103 3415 liberos,

218 3418 477 3459 Ἀποστασίου
507 3432 534 3459 a
571 3421 884 3463 contribulibus
905 3425 1102 3478 Patroni,

221 3484 312 3523 sive
344 3485 536 3524 Domini.
591 3486 664 3526 Ita
702 3487 1025 3540 Harpocration
1055 3498 1103 3532 et

221 3544 374 3587 suidas
409 3551 639 3590 testantur.
694 3549 766 3590 Ita
785 3564 830 3592 se
850 3552 1010 3594 habere
1030 3567 1100 3595 ve·

1912 305 2052 360 1031

1174 445 1286 480 teres
1319 439 1524 482 Oratores
1542 437 1689 480 Graeci
1709 442 2057 489 commemorant,

1174 503 1325 555 Lysias
1358 502 1452 555 πρὸς
1485 499 1788 555 Ἀριστόδημον,
1828 506 1875 540 et
1908 501 2058 553 Hype-

1173 565 1288 605 rides
1344 566 1446 606 κατὰ
1500 564 1724 617 Δημητρίοις
1779 562 2057 604 Ἀποστασίου.

1175 628 1352 680 Thysius.

1231 691 1385 744 Civem]
1416 692 1546 732 Errat
1562 691 1632 732 hic
1651 689 1863 737 Valerius,
1881 689 1955 742 qui
1974 699 2063 731 ser-

1176 767 1250 794 vos
1284 755 1408 795 simul
1445 768 1541 795 cum
1575 755 1781 795 libertate
1834 753 2059 794 civitatem

1172 821 1387 871 accepisse
1408 821 1640 861 existimat.

1230 885 1252 936 ς
1281 887 1305 923 7
1334 883 1435 924 Inde
1470 883 1758 935 Massilienses]
1789 882 1847 923 Hi
1877 880 2062 922 maxima

1174 946 1349 987 fuerunt
1379 947 1569 987 amicitia
1588 959 1689 999 pop.
1711 948 1834 988 Rom.
1856 945 2065 997 devincti,

1176 1011 1286 1051 adeo
1307 1016 1354 1051 ut
1374 1023 1469 1050 cum
1491 1015 1665 1051 caeterae
1691 1009 1892 1050 civitates
1911 1022 1938 1049 a
1957 1021 2060 1061 pop.

1177 1076 1302 1115 Rom.
1328 1073 1606 1124 defecissent,
1641 1074 1683 1114 hi
1717 1074 1796 1113 soli
1827 1073 1870 1112 in
1902 1072 1989 1113 fide
2015 1078 2063 1114 et

1177 1137 1316 1178 officio
1331 1143 1634 1190 permanerent
1648 1152 1659 1188 ;
1680 1137 1795 1191 quod
1809 1144 1854 1177 et
1869 1140 2062 1189 tempore

1176 1201 1278 1240 belli
1311 1202 1449 1241 civilis
1478 1201 1694 1242 fecerunt.
1750 1200 1878 1241 Unde
1903 1199 2063 1240 Strabo

1175 1264 1250 1303 lib.
1270 1275 1335 1305 ιν.
1382 1266 1394 1287 ‘
1414 1263 1740 1313 Massilienses‚'
1760 1264 1914 1317 inquit,
1947 1263 1960 1285 ‘
1979 1263 2064 1303 Ro·

1177 1328 1290 1366 mani
1316 1329 1463 1380 populi
1491 1328 1723 1368 amicitiam
1755 1327 2063 1377 conciliarunt,

1177 1391 1249 1442 qui
1269 1402 1365 1430 cum
1385 1391 1467 1431 illis
1486 1392 1747 1443 permultum
1763 1390 1890 1431 utiles
1903 1394 2065 1441 essent,

1177 1466 1375 1504 magnum
1404 1467 1459 1494 ex
1494 1455 1602 1506 ipsis
1621 1458 1907 1506 susceperunt
1926 1454 2065 1494 incre·

1174 1519 1398 1559 mentum!
1428 1521 1578 1562 Oliver.

1230 1583 1518 1636 Massilienses]
1551 1585 1762 1636 Massilia,
1799 1597 1894 1637 quae
1913 1589 1959 1625 et
1978 1589 2063 1624 Μα-

1174 1644 1296 1684 σαλία
1317 1645 1556 1687 Ptolemaeo
1577 1653 1621 1687 et
1642 1649 1889 1700 Eustathio,
1907 1660 2062 1701 peran-

1177 1708 1296 1760 tiqua
1317 1709 1430 1760 urbs,
1463 1716 1509 1749 et
1529 1722 1612 1750 non
1634 1723 1785 1762 parum
1805 1712 1906 1751 olim
1925 1710 2063 1752 fortu-

1175 1777 1296 1820 nata,
1347 1771 1389 1810 in
1436 1772 1585 1812 littore
1631 1773 1784 1813 Galliae
1837 1774 1891 1814 ad
1943 1786 2062 1814 mare

1176 1835 1538 1876 mediterraneum
1563 1839 1720 1890 posita,
1750 1839 1912 1892 origine
1939 1840 2063 1881 Grae-

1175 1913 1242 1950 ca,
1264 1913 1288 1940 a
1305 1900 1500 1954 profugis
1517 1915 1570 1942 ex
1586 1903 1709 1944 Ionia
1722 1904 2063 1945 Phocaeensibus

1176 1964 1438 2005 dominatum
1485 1967 1714 2007 Persarum
1762 1968 2062 2009 aversantibus

1174 2027 1290 2068 inter
1322 2028 1528 2069 barbaros
1561 2030 1709 2083 Salyas
1740 2031 1933 2083 condita,
1964 2044 2061 2072 cum

1174 2092 1314 2144 Cyrus
1336 2105 1475 2133 rerum
1496 2093 1539 2133 in
1560 2094 1665 2134 Asia
1686 2096 1921 2147 potiretur.

1226 2155 1459 2196 Severitatis
1475 2158 1624 2210 custos]
1640 2159 1804 2211 Magna
1820 2160 2064 2201 Massilien-

1172 2219 1282 2260 sium
1302 2221 1408 2272 laus,
1427 2221 1482 2261 ob
1500 2234 1627 2274 quam
1642 2223 1796 2264 merito
1811 2223 1919 2275 ipsis
1936 2223 2064 2276 glori·

1172 2285 1235 2323 ari
1255 2285 1402 2325 liceat.
1460 2286 1556 2326 Nee
1585 2289 1758 2340 parcius
1794 2301 1868 2329 eos
1906 2289 2060 2330 Cicero

1171 2348 1336 2398 laudat,
1365 2349 1450 2388 imo
1487 2362 1591 2389 vero
1610 2351 1830 2403 aliquanto
1849 2352 1977 2392 etiam
1997 2354 2060 2392 lu-

1173 2413 1405 2464 calemus,
1419 2415 1545 2456 Orat.
1562 2428 1640 2467 pro
1657 2418 1705 2457 L.
1726 2418 1910 2458 Flacco:
1942 2418 1954 2440 ‘
1969 2419 2058 2459 Ne-

1174 2489 1258 2528 que
1287 2489 1386 2517 vero
1408 2483 1451 2517 te
1471 2478 1666 2519 Massilia
1693 2487 1924 2533 praetereo,
1961 2494 2058 2535 quae

1173 2541 1224 2581 L.
1258 2541 1462 2580 Flaccum
1497 2542 1677 2582 militem
1699 2544 2059 2598 Quaestoremque

1173 2603 1370 2653 cognosti
1387 2616 1400 2652 ;
1428 2604 1548 2655 cujus
1564 2616 1642 2655 ego
1659 2606 1849 2646 civitatis
1868 2608 2058 2660 discipli-

1173 2677 1269 2704 nam
1317 2672 1450 2718 atque
1501 2667 1759 2718 gravitatem
1800 2681 1882 2709 non
1919 2671 2058 2710 solum

1174 2728 1377 2779 Graeciae,
1410 2730 1487 2769 sed
1521 2731 1634 2770 haud
1666 2732 1758 2772 scio
1796 2745 1849 2772 an
1887 2734 2057 2774 cunctis

1171 2791 1372 2843 gentibus
1395 2793 1740 2844 anteponendam
1766 2794 1867 2846 jure
1899 2795 2056 2847 dicam,

1170 2867 1266 2908 quae
1287 2861 1374 2896 tam
1391 2857 1541 2907 procul
1560 2868 1584 2895 a
1600 2856 1848 2898 Graeeorum
1868 2860 2057 2900 omnium

1170 2918 1430 2969 regionibus,
1467 2918 1707 2970 disciplinis
1746 2921 1972 2975 linguaque
1993 2923 2055 2962 di-

1171 2982 1274 3032 visa,
1293 2994 1388 3021 cum
1407 2983 1447 3021 in
1467 2983 1625 3023 ultimis
1646 2984 1775 3023 terris
1794 2986 1936 3025 cincta
1956 2985 2058 3025 Gal·

1167 3045 1304 3085 lorum
1323 3046 1526 3097 gentibus
1548 3046 1756 3086 barbariae
1777 3045 1978 3088 fluctibus
1995 3050 2055 3088 al·

1166 3110 1327 3160 luatur,
1353 3109 1413 3147 sic
1434 3109 1688 3161 optimatum
1706 3111 1883 3150 consilio
1903 3111 2052 3162 guber·

1167 3178 1308 3225 natur,
1338 3177 1386 3212 ut
1414 3185 1559 3212 omnes
1597 3173 1690 3225 ejus
1733 3174 1932 3214 instituta
1962 3176 2051 3215 lau·

1167 3237 1272 3276 dare
1288 3235 1455 3276 facilius
1475 3236 1656 3289 possint,
1678 3250 1803 3289 quam
1826 3238 2052 3277 aemulari!

1166 3299 1324 3340 Strabo
1370 3300 1502 3339 etiam
1546 3299 1662 3339 inter
1709 3301 1792 3339 alia
1830 3301 2049 3352 praecipue

1166 3363 1460 3416 frugalitatem
1495 3369 1539 3403 et
1572 3365 1902 3415 temperantiam
1932 3364 2050 3404 Mas·

1165 3427 1399 3481 siliensium
1429 3426 1716 3472 commendat,
1745 3425 1825 3466 lib.
1851 3437 1921 3466 111.
1953 3426 2051 3467 Jus-

1166 3491 1278 3531 tinus
1298 3489 1372 3530 lib.
1404 3501 1527 3529 xuv.
1563 3490 1575 3510 ‘
1594 3488 1692 3527 Illic
1718 3488 1829 3528 bene
1850 3488 2047 3531 instituta

1164 3564 1250 3595 non
1271 3558 1511 3604 temporum
1529 3549 1804 3602 necessitate,
1832 3550 1906 3591 sed
1926 3558 2046 3592 recte
