2346 3996
476 271 619 327 1234

475 406 741 459 Philippum,
759 408 830 460 qui
850 408 1074 451 insidiatus
1094 412 1353 464 temporibus

476 470 631 510 Punici
664 471 766 511 belli
799 470 957 512 fuerat.
1025 474 1182 515 Missos
1225 476 1353 527 igitur

473 530 607 572 fuisse
642 533 804 585 legatos
842 534 961 586 dicit,
991 537 1064 588 qui
1110 538 1351 579 nuntiarent

473 594 689 636 Antiocho
721 602 850 648 atque
871 598 1090 651 Philippo,
1111 606 1159 641 ut
1173 614 1199 641 a
1219 615 1350 654 regno

471 660 650 713 AEgypti
663 661 928 702 abstinerent
944 677 955 703 ε
985 665 1156 704 missum
1171 673 1217 707 et
1232 669 1346 708 Mar-

472 735 569 763 cum
584 724 796 764 AEmiliuiu
816 726 1025 777 Lepidum
1041 729 1085 768 in
1100 729 1350 783 AEgyptum,

470 787 542 838 qui
579 788 740 828 tutorio
778 791 949 829 nomine
984 803 1158 843 regnum
1196 794 1349 845 pupilli

470 849 807 892 administraret.
863 853 950 896 Qui
983 856 1216 906 praefectus
1237 857 1347 897 bello

469 913 644 965 deinde,
691 916 802 967 quod
841 917 1043 957 adversus
1087 918 1347 960 Antiochum

466 976 578 1017 duce
609 978 808 1030 Scipione
835 987 1000 1032 gestum
1034 986 1116 1033 est,
1150 995 1347 1034 magnum

467 1041 521 1081 ad
542 1041 769 1083 victoriam
789 1051 1050 1085 momentum
1074 1046 1243 1087 dedisse
1262 1046 1345 1088 fer-

468 1111 554 1146 tur.
588 1107 739 1147 Oliver.

520 1169 775 1219 Integerrimi
803 1171 880 1211 viri
910 1173 1160 1212 sanctitatem
1179 1173 1345 1226 reipubl.

464 1231 597 1272 usibus
615 1237 656 1273 et
672 1234 797 1274 sacris
808 1237 1090 1286 comparatam]
1120 1237 1192 1276 Ita
1206 1237 1345 1288 vulgo.

464 1296 518 1335 In
538 1297 644 1336 Mss.
665 1298 843 1348 Reipubl.
863 1299 992 1339 usibus
1013 1304 1052 1339 et
1070 1302 1193 1340 sacris
1210 1314 1344 1352 opera-

463 1363 557 1399 tam.
612 1362 959 1412 Elegantissime.
1018 1363 1203 1415 Operari
1238 1365 1343 1405 item

461 1422 663 1463 dicuntur
676 1425 864 1476 proprie,
879 1426 949 1478 qui
969 1425 1142 1478 ipsimet
1156 1428 1342 1479 reipubl.

460 1485 676 1538 laborant,
699 1493 748 1527 nt
767 1488 914 1528 Livius
933 1489 1009 1529 lib.
1031 1502 1095 1530 ιν.
1122 1493 1133 1514 ‘
1153 1493 1217 1531 Eo
1240 1498 1343 1532 tem-

462 1562 569 1601 pore
589 1562 671 1602 quo
687 1563 843 1603 corpus
863 1551 1083 1593 addictum
1101 1559 1230 1606 atque
1245 1568 1343 1607 ope-

459 1620 600 1653 ratum
629 1614 797 1665 reipub.
829 1614 973 1655 esset!
1032 1615 1218 1668 Operari
1240 1619 1340 1658 item

461 1677 678 1726 dicuntur,
715 1683 891 1718 auctore
926 1679 1088 1730 Nonio,
1117 1680 1189 1732 qui
1223 1682 1341 1722 Deos

460 1740 676 1792 religiose,
703 1747 748 1781 et
771 1753 867 1781 cum
883 1754 1047 1782 summa
1067 1745 1342 1785 veneratione

458 1803 682 1844 sacrificiis
718 1804 861 1845 litant.
915 1805 1178 1857 Pomponius
1224 1808 1342 1847 Prae-

459 1880 568 1907 cone
600 1868 864 1919 posteriore:
906 1869 918 1889 ‘
938 1867 1007 1908 Ad
1042 1870 1224 1909 Veneris
1244 1883 1340 1923 pro-

455 1932 600 1974 fectus
638 1939 705 1973 est
738 1946 862 1974 mane
901 1935 1069 1975 vetulus
1107 1942 1252 1976 votum
1288 1943 1340 1977 ut

455 1997 658 2047 solveret,
716 1998 788 2037 ubi
834 2010 946 2037 nunc
992 2005 1197 2050 operatus
1246 2000 1340 2040 est!

456 2060 665 2101 Afranius
685 2062 882 2113 Excepto
897 2075 909 2102 z
926 2062 937 2084 ‘
948 2062 1082 2102 Simul
1090 2062 1232 2102 ocium
1245 2064 1339 2103 hor-

456 2125 646 2177 tabatur,
686 2135 732 2166 ut
770 2130 996 2177 operatum
1029 2126 1147 2166 illum
1187 2127 1337 2167 Dianae

457 2189 656 2241 degerem
677 2195 871 2229 sanctum
891 2188 1032 2229 diem.'
1073 2190 1260 2229 Lucilius
1290 2190 1339 2229 li-

455 2252 535 2292 bro
568 2263 685 2293 xxx.
734 2252 854 2292 ‘Aut
889 2251 1086 2304 operatu’
1123 2252 1266 2305 aliquo
1292 2253 1338 2292 in

455 2317 616 2358 celebri
634 2329 729 2356 cum
750 2316 982 2369 aequalibus
994 2314 1125 2355 fano!
1153 2315 1338 2357 Juvena-

452 2381 505 2420 lis
525 2381 682 2432 Satyra
702 2392 788 2421 ΧΠ.
831 2382 844 2402 ⁶
868 2381 1033 2430 Longos
1052 2379 1192 2419 erexit
1202 2379 1338 2430 janua

454 2455 593 2484 ramos
632 2445 690 2484 Et
722 2442 947 2483 matutinis
984 2446 1192 2494 operatur
1223 2440 1338 2482 festa

452 2507 672 2549 lucernis.'
725 2507 1012 2560 Conqueritur
1031 2506 1135 2546 item
1153 2506 1336 2557 Proper-

453 2571 539 2611 tius
556 2571 632 2610 lib.
654 2583 706 2611 ιι.
735 2570 960 2623 Cynthiam
982 2581 1100 2609 suam
1130 2568 1258 2608 Isidis
1274 2580 1336 2606 sa-

453 2634 536 2674 cris
555 2634 739 2685 operari,
774 2638 903 2685 atque
930 2632 1028 2672 ideo
1049 2645 1074 2671 a
1103 2631 1334 2672 concubitu

453 2697 694 2738 abstinere:
723 2699 735 2719 ‘
756 2697 919 2736 Tristia
940 2697 1032 2747 jam
1051 2696 1234 2735 redeunt
1254 2695 1334 2735 ite·

450 2774 544 2801 rum
560 2760 750 2801 solennia
761 2760 908 2800 nobis:
932 2759 1116 2810 Cynthia
1122 2759 1216 2810 Jam
1234 2770 1334 2799 noc·

453 2830 521 2866 tes
553 2832 621 2864 est
650 2829 833 2877 operata
866 2824 1030 2864 decem.
1083 2821 1230 2874 Atque
1253 2823 1332 2862 uti-

449 2901 548 2929 nam
570 2889 672 2928 Nilo
692 2892 847 2940 pereat
872 2899 966 2938 quae
1001 2897 1124 2926 sacra
1151 2891 1331 2936 tepente

451 2952 574 2991 Misit
628 2950 834 2991 matronis
882 2949 1054 2990 Inachis
1100 2949 1333 2989 Ausoniis.'

451 3015 636 3065 Pighius.

492 3080 550 3130 §2
569 3080 630 3118 Ne
640 3079 770 3118 eodem
781 3077 910 3129 modo]
925 3077 1030 3117 Cum
1046 3077 1182 3128 primo
1201 3076 1331 3117 Puni·

450 3153 502 3182 co
514 3142 625 3181 bello
637 3141 781 3192 Scipio
792 3140 928 3180 Asina
938 3138 1173 3191 praefectus
1183 3140 1330 3181 classis

451 3206 493 3246 in
513 3206 659 3246 Sicilia
677 3204 805 3255 foret,
823 3204 878 3244 ad
909 3203 1166 3256 colloquium
1183 3216 1208 3242 a
1228 3203 1329 3242 Car·

450 3266 786 3321 thaginiensibns
821 3272 998 3307 vocatus
1022 3271 1103 3316 est,
1138 3266 1209 3318 qui
1229 3266 1329 3307 data

449 3331 536 3371 fide
569 3329 838 3372 confidenter
854 3329 1080 3382 processit.
1135 3329 1204 3368 Illi
1227 3342 1328 3369 vero

449 3395 648 3434 simulato
692 3394 905 3445 colloquio
951 3391 1110 3431 milites
1156 3397 1327 3442 paratos

447 3458 653 3507 habuere,
685 3458 757 3510 qui
793 3456 1103 3508 deprehensum
1139 3455 1327 3495 Siciliam

449 3520 493 3562 in
513 3521 676 3563 catenis
696 3519 918 3560 ducerent.
951 3519 1099 3561 Oliver.

1065 289 1242 329 NO'rAE
1283 291 1561 333 VARIORU
1573 295 1613 333 M
1657 296 1723 335 ΙΝ

1473 414 1652 455 Cornelio
1685 416 1840 468 Asinoe]
1885 418 2030 461 Quare
2065 418 2206 460 dietus
2237 421 2296 463 sit

1417 475 1638 518 Cornelius
1658 478 1804 531 Asina,
1822 481 2068 521 Macrobius
2081 483 2294 525 Sa'turnal.

1413 538 1442 577 l.
1459 551 1489 578 1.
1506 539 1633 580 facile
1646 542 1852 585 declarat.
1886 545 2007 585 Dicit
2023 545 2133 585 enim
2149 561 2159 587 ι
2177 546 2296 588 ‘Asi-

1414 615 1480 642 nae
1514 613 1843 655 cognomentum
1890 609 2099 648 Corneliis
2142 609 2292 650 datum

1413 673 1493 717 est,
1521 668 1619 719 quia
1648 670 1850 723 princeps
1881 671 2092 713 Corneliae
2134 673 2294 725 gentis,

1412 737 1557 782 empto
1587 731 1735 782 fundo,
1764 746 1838 773 seu
1869 733 1958 773 filia
1985 734 2087 775 data
2119 736 2289 787 marito,

1412 807 1506 834 cum
1529 807 1757 847 sponsores
1777 796 1830 836 ab
1850 809 1903 837 eo
1929 797 2177 838 solemniter
2195 811 2291 850 pos-

1412 864 1628 910 cerentur,
1647 861 1808 900 asinam
1829 873 1924 900 cum
1945 861 2142 912 pecuniae
2157 873 2291 902 onere

1412 922 1616 972 produxit
1636 924 1679 962 in
1697 923 1851 974 forum,
1867 923 1986 976 quasi
2013 935 2093 974 pro
2110 936 2289 976 sponso-

1411 984 1527 1025 ribus
1545 999 1734 1037 praesens
1754 986 1938 1038 pignus!
1968 987 2118 1028 Oliver.

1468 1050 1625 1101 Hanno,
1634 1051 1722 1103 ξω]
1739 1051 1908 1102 Contig.
1921 1049 2033 1091 A.U.
2044 1061 2288 1093 ccccxcnr.

1464 1114 1528 1164 §3
1565 1114 1627 1153 M.
1664 1115 1766 1154 enim
1799 1115 1963 1155 AEmilio
1999 1114 2164 1166 Lepido,
2200 1115 2288 1167 ξω]

1408 1175 1561 1226 Legati
1583 1176 1999 1228 Carthaginiensium
2019 1177 2198 1217 Romam
2216 1189 2290 1217 ve·

1408 1245 1561 1278 nerant
1594 1252 1745 1290 pacem
1783 1253 1807 1279 a
1841 1241 2003 1280 Senatu
2040 1241 2286 1294 populoque

1408 1306 1636 1352 petentes:
1677 1301 1792 1342 forte
1810 1302 1870 1342 ita
1887 1302 2064 1353 accidit,
2093 1307 2143 1343 ut
2158 1304 2287 1343 alter·

1407 1363 1520 1403 catio
1549 1370 1645 1404 orta
1677 1369 1791 1404 esset
1817 1364 1930 1403 inter
1961 1365 2136 1416 legatos¹
2157 1370 2205 1405 et
2233 1366 2284 1406 L.

1406 1426 1646 1467 Minucium
1683 1440 1732 1468 ac
1767 1429 1815 1467 L.
1831 1427 2055 1476 Manlium,
2087 1434 2132 1467 et
2164 1434 2286 1468 eous-

1406 1502 1487 1542 que
1525 1491 1735 1542 processit
1768 1502 1914 1530 eorum
1951 1490 2206 1542 eontentio,-
2235 1496 2286 1531 ut

1405 1554 1622 1594 Minucius
1649 1559 1694 1594 et
1722 1554 1912 1594 Manlius
1945 1554 2112 1606 legatos
2140 1554 2284 1606 pulsa·

1404 1622 1515 1658 rent.
1571 1619 1683 1658 Nam
1709 1618 1771 1657 illi
1799 1629 1951 1668 pacem
1985 1616 2212 1669 petebant,
2240 1618 2284 1657 bi

1405 1680 1588 1721 dandam
1607 1693 1699 1721 esse
1729 1681 1956 1732 negabant,
1983 1679 2144 1733 quippe
2161 1678 2283 1721 foedi-

1403 1743 1552 1797 fragis.
1608 1746 1734 1787 Quod
1756 1744 1829 1784 ubi
1857 1744 2061 1796 cognovit
2087 1743 2283 1794 Senatus,

1403 1820 1474 1847 eos
1494 1807 1645 1859 legatis
1665 1808 1827 1848 dandos
1844 1819 1940 1848 esse
1969 1807 2154 1859 censuit,
2173 1806 2284 1848 dari·

1403 1883 1486 1925 que
1503 1870 1620 1912 fecit.
1652 1873 1800 1911 Oliver.
2278 1886 2280 1893 ¹

1456 1936 1603 1975 Manus
1620 1936 1683 1975 his
1698 1934 1934 1986 intulerant]
1979 1935 2281 1976 Pulsaverant.

1405 1999 1510 2044 Quia
1527 2011 1664 2039 manus
1695 1999 1756 2038 his
1781 1999 2011 2048 intulerant,
2024 2010 2097 2049 per
2117 1998 2281 2047 feciales

1399 2064 1612 2102 reddendos
1629 2062 1881 2113 curaverunt]
1911 2063 1982 2102 Ita
1999 2063 2142 2114 vulgo.
2184 2062 2281 2102 Mu·

1401 2125 1501 2164 tilus
1532 2131 1600 2165 est
1618 2126 1736 2166 locus
1755 2137 1807 2166 ac
1833 2125 1989 2178 jejune
2021 2129 2284 2176 contractus,

1401 2201 1528 2240 quem
1563 2190 1644 2229 hoc
1671 2189 1799 2229 modo
1827 2188 1994 2228 restitui
2020 2187 2181 2228 debere
2205 2188 2281 2228 do-

1400 2256 1500 2291 cent
1529 2253 1636 2293 Mss.
1656 2252 1769 2302 libri,
1801 2252 1906 2291 licet
1926 2250 2160 2291 incorrecti
2179 2262 2283 2290 non-

1401 2316 1505 2355 nihil
1532 2316 1727 2356 varient:
1759 2314 1864 2360 Quia
1883 2325 2020 2354 manus
2044 2313 2108 2352 his
2131 2312 2280 2352 ⁴inlide-

1399 2384 1506 2431 rant,
1519 2392 1591 2431 per
1606 2379 1772 2428 feciales
1790 2378 1911 2417 Culeo
1925 2380 2074 2428 praetor
2091 2387 2143 2415 ex
2157 2375 2204 2415 S.
2231 2375 2280 2415 C.

1398 2444 1594 2484 dedundos
1621 2444 1788 2482 curavit.
1845 2442 2031 2480 Constat
2058 2443 2202 2479 autem
2223 2449 2279 2478 ex

1399 2506 1523 2546 Livio
1555 2507 1609 2548 Q.
1627 2505 1878 2545 Terentium
1910 2503 2144 2544 Culeonem
2174 2507 2279 2542 tunc

1398 2575 1628 2620 praetorem
1648 2569 1922 2620 peregrinum
1952 2564 2100 2616 fuisse,
2119 2577 2173 2604 ex
2193 2576 2281 2617 quo

1396 2632 1672 2682 intelligimus
1694 2641 1920 2682 perperam
1947 2629 1991 2668 in
2010 2627 2184 2678 scriptis
2203 2638 2278 2666 ex-

1397 2694 1655 2746 emplaribus
1695 2693 1858 2733 Claudio
1879 2695 1998 2745 praet.
2031 2688 2134 2740 legi.
2188 2687 2275 2728 Sed

1397 2757 1496 2796 vide
1516 2755 1706 2795 Annales
1735 2755 2062 2806 magistratuum
2092 2756 2274 2791 nostros.

1396 2819 1520 2869 Pigh.

1448 2879 1722 2931 Perfeciales]
1750 2879 2030 2930 Sacerdotes,
2047 2877 2120 2931 qui
2138 2874 2272 2917 foede-

1395 2945 1511 2985 ribus
1539 2944 1744 2986 feriendis
1777 2951 1822 2984 et
1849 2943 1972 2984 bellis
1998 2942 2191 2995 legitime
2209 2942 2272 2981 in-

1395 3008 1584 3048 dicendis
1604 3013 1840 3059 praeerant.
1869 3008 1979 3047 Bad.

1449 3073 1541 3111 Non
1559 3070 1642 3122 eos]
1671 3070 1803 3113 Quasi
1815 3070 1961 3110 dicat:
1991 3069 2169 3108 Senatus
2186 3079 2271 3107 non

1394 3136 1586 3187 respexit
1618 3135 1718 3186 quid
1750 3138 2022 3173 mererentur
2053 3130 2275 3181 Cartbagi-

1392 3199 1578 3248 nienses,
1596 3198 1669 3250 qui
1688 3197 1815 3236 toties
1829 3194 1995 3235 foedera
2011 3191 2273 3244 frangerent,

1394 3262 1469 3302 sed
1495 3262 1570 3313 jus
1600 3259 1791 3313 gentium
1820 3269 1916 3298 esse
1948 3255 2203 3296 servandum
2221 3253 2270 3293 fi-

1392 3325 1575 3376 denique
1595 3323 1826 3375 publicam.
1858 3319 2010 3360 (niver.

1445 3388 1468 3438 ς
1487 3389 1513 3425 4
1542 3386 1643 3424 Hoec
1660 3382 1852 3435 exempla]
1890 3382 1986 3422 Hoc
2006 3379 2188 3432 contigit
2205 3390 2270 3419 se-

1392 3451 1531 3490 cundo
1572 3449 1684 3489 bello
1720 3448 1902 3499 Punico,
1931 3458 2027 3486 cum
2075 3443 2269 3495 superior

1390 3513 1620 3555 Africanus
1641 3511 1778 3551 fatalis
1798 3510 1885 3551 dux
1915 3515 2140 3564 utramque
2169 3505 2268 3549 sub-
