2288 3990
565 307 824 348 vAnEnn
869 306 1114 348 ΜΑΧιΜι
1160 304 1549 345 LIB.11.·CAP.
1585 292 1626 343 Ι.

186 433 357 484 auspices
370 430 550 484 pronubi,
566 428 824 482 παρανόμφοι,
844 428 1064 480 appellan-

189 503 286 537 tur:
316 501 361 536 et
385 495 441 546 bi,
459 494 572 548 quod
609 498 866 534 conventum
891 497 1000 540 erat,
1018 497 1065 530 ut

191 561 272 601 rite
279 559 424 610 fieret,
438 558 676 611 tabulisque
689 556 981 605 mandaretur,
996 567 1067 594 cu-

186 622 358 664 rabant.
384 622 633 664 Juvenalis:
654 623 666 645 ‘
689 622 851 662 Veniet
869 633 964 662 cum
982 620 1067 672 sig-

188 683 620 739 natoribus-auspex!
654 687 852 727 Lucanus
870 685 923 726 de
943 685 1065 736 Nup-

190 749 264 791 tiis
291 750 469 791 Catonis
487 755 533 790 et
549 750 722 791 Martiae
740 763 751 789 ε
786 750 799 773 ‘
819 749 1067 800 ,Iunguntur

188 813 328 866 taciti,
364 813 643 867 contentique
692 813 866 864 auspice
902 811 1070 852 Bruto!

189 877 296 918 Tum
315 889 423 918 unus
440 878 607 930 borum,
637 877 748 930 quod
769 883 865 916 erat
881 888 1066 916 conven-

193 949 301 994 tum,
325 941 590 996 proferebat,
608 943 763 983 ceteris
779 942 1067 995 audientibus,

195 1011 255 1058 et,
271 1013 320 1048 ut
337 1007 399 1047 ita
414 1006 553 1059 tieret,
574 1006 904 1059 postulantibus.
934 1006 1067 1059 Cujus

192 1072 509 1113 consuetudinis
524 1073 604 1113 hoc
630 1072 871 1113 Martianus
890 1072 1070 1124 Capella

144 1134 149 1137 χ
188 1136 239 1176 in
285 1134 356 1178 fin.
402 1137 478 1178 lib.
517 1148 566 1178 11.
606 1137 782 1190 reliquit
816 1137 1067 1189 vestigium:

195 1201 207 1222 ⁸
226 1200 347 1240 Tunc
390 1199 631 1252 exurgens,'
672 1201 828 1253 inquit,
860 1202 873 1224 ‘
897 1200 1069 1252 virginis

193 1270 334 1304 mater
375 1264 517 1316 poscit
559 1265 614 1305 de
659 1265 785 1316 Jove,
819 1265 1071 1317 superisque

191 1328 380 1378 cunctis,
422 1333 472 1368 ut
513 1327 593 1369 sub
624 1328 838 1380 adspectu
869 1329 1070 1375 omnium,

197 1391 403 1444 quidquid
426 1391 685 1443 sponsalium
718 1392 886 1431 nomine
906 1403 1073 1444 praepa·

200 1459 370 1494 tavent
387 1454 637 1507 Majugena,
650 1454 910 1503 traderetur,
927 1467 978 1495 ac
998 1455 1072 1495 de-

198 1530 314 1558 mum
328 1517 404 1558 dos
419 1531 441 1558 a
463 1519 626 1570 virgine
642 1531 726 1559 non
745 1519 932 1566 deesset,
955 1525 1074 1559 tunc-

198 1592 283 1633 que
302 1580 468 1621 tabulas
484 1593 534 1621 ac
560 1582 743 1634 Papiam
764 1581 1001 1633 Poppaeam
1018 1582 1076 1622 le·

197 1655 294 1696 gem
309 1644 498 1685 sinerent
513 1644 720 1686 recitari.’
776 1646 883 1686 Ideo
897 1646 1076 1687 Tacitus

196 1708 252 1748 de
271 1709 502 1750 Messalina
520 1709 686 1763 scribit,
711 1711 842 1752 etiam
862 1711 979 1752 illam
1000 1725 1074 1752 au-

197 1771 330 1812 diisse
360 1774 580 1826 auspicum
614 1775 759 1815 verba.
816 1776 942 1818 Quod
976 1788 1076 1816 con-

195 1834 337 1876 firmat
354 1837 529 1878 Servius
545 1838 597 1879 ad
617 1838 786 1879 AEneid.
805 1850 869 1878 rv-
896 1839 1076 1880 Brisson.

246 1901 274 1952 v§
292 1903 318 1939 2
348 1900 550 1961 Sedmtes]
594 1901 686 1942 Viri
708 1903 879 1956 quidem
899 1903 1077 1944 recuba-

195 1962 302 2003 bant
326 1965 468 2017 strati,
496 1966 698 2007 mulieres
730 1979 832 2007 vero
852 1968 1074 2010 sedebant.

196 2027 376 2079 Legitur
411 2029 454 2068 in
488 2029 576 2071 vita
596 2030 786 2083 Catonis,
814 2032 926 2084 quod
948 2034 1075 2085 paulo

190 2090 426 2145 antequam
457 2105 504 2133 se
533 2093 674 2135 Utieae
703 2095 987 2148 interimeret,
1013 2109 1077 2137 se-

187 2155 301 2195 dens
328 2158 583 2209 coenaverit,
604 2159 957 2211 quemadmodum
978 2167 1075 2212 post

142 2215 150 2219 ’
194 2219 322 2260 civile
340 2219 823 2274 bellnm'consueverat3
851 2228 946 2264 nam
959 2230 1077 2276 ante,

194 2282 275 2321 nisi
309 2294 408 2323 enm
445 2283 667 2336 dormiret,
704 2298 876 2338 semper
905 2288 1075 2339 stabat3

199 2347 267 2385 vel
288 2358 501 2398 nunquam
510 2347 702 2398 jacebat.
734 2350 880 2390 Oliver.

256 2409 524 2460 Coenitabant]
567 2411 697 2462 Quia,
731 2418 779 2452 ut
816 2411 950 2464 refert
980 2415 1075 2454 Ser·

191 2472 308 2522 vius,
328 2477 373 2512 et
391 2472 420 2514 J
426 2473 616 2512 uvenalis
643 2478 842 2525 testatur,
859 2476 972 2527 apud
994 2489 1079 2518 ma-

191 2536 309 2588 jores
349 2534 528 2585 prandia
566 2547 649 2576 non
685 2534 858 2577 fuerant
897 2540 941 2578 in
983 2553 1077 2582 usu.

202 2599 324 2638 Unde
340 2598 587 2640 Juvenalis:
634 2604 646 2621 ‘
668 2601 777 2642 Quis
796 2601 964 2642 fercula
983 2616 1077 2656 sep-

198 2668 285 2701 tem
305 2662 484 2702 secreto
511 2663 698 2703 coenavit
717 2677 820 2704 avus
833 2666 861 2704 ?’
901 2667 958 2707 Et
978 2674 1078 2709 sunt

197 2728 270 2779 qui
290 2727 438 2767 dicant
453 2727 652 2780 primum,
678 2729 750 2781 qui
786 2730 956 2781 prandii
977 2744 1077 2772 con-

199 2791 464 2831 suetudinem
497 2791 540 2830 in
574 2793 720 2832 urbem
748 2793 982 2834 Romanam
1014 2797 1077 2836 in-

199 2853 408 2906 troduxit,
419 2853 551 2894 fuisse
565 2855 763 2904 Marium,
779 2865 959 2910 propter
972 2860 1077 2901 illud

201 2929 402 2958 carmenz
445 2919 586 2960 ‘Exul
620 2920 676 2960 ab
716 2927 869 2962 octava
913 2924 1077 2964 Marius

201 2980 338 3021 bibit?
394 2982 488 3034 Ego
524 2995 627 3024 vero
669 2990 770 3025 ante
809 2986 996 3027 Marium
1033 2995 1079 3029 et

200 3044 398 3084 Priscum
430 3050 477 3085 et
515 3045 770 3099 Arpinatem
805 3051 988 3101 prandia
1035 3053 1078 3092 in

203 3119 278 3147 usu
305 3105 435 3148 fuisse
465 3109 562 3161 legi.
611 3111 774 3151 Plinius
805 3113 880 3153 lib.
903 3125 1080 3158 xxxru.

199 3171 273 3211 nbi
306 3171 495 3224 loquitur
519 3172 573 3213 (le
606 3173 770 3215 Quinto
806 3177 912 3217 AElio
943 3179 1080 3219 Tube-

201 3246 334 3274 rone:
390 3238 404 3258 ⁴
437 3235 646 3277 Quintum
694 3239 879 3290 AElium,'
925 3242 1079 3294 inquit,

201 3301 214 3323 ‘
230 3311 326 3340 cum
352 3301 486 3352 legati
518 3302 756 3342 AEtolorum
792 3304 834 3343 in
857 3309 1077 3347 consulatu

202 3364 480 3416 prandentem
535 3367 578 3405 in
624 3365 826 3407 fictilibus
872 3370 1080 3422 adissent,

202 3427 330 3468 missa
349 3429 402 3469 ab
421 3430 471 3468 iis
499 3442 598 3469 vasa
627 3438 831 3482 argentea
851 3445 934 3473 non
958 3447 1080 3476 acce·

206 3491 348 3542 pisse?
403 3493 583 3534 Constat
607 3500 755 3537 autem
786 3496 898 3537 hunc
927 3498 1079 3539 AElium

1903 293 2010 344 999

1128 428 1263 467 multo
1302 432 1402 468 ante
1448 425 1596 477 fuisse,
1645 437 1769 478 quam
1814 425 2012 465 Marium.

1128 491 1254 533 Idem.

1180 558 1296 596 Jovis
1333 556 1463 608 epulo]
1521 555 1705 608 Epulum
1741 553 1865 594 Jovis
1902 559 2014 604 erat,

1128 620 1243 673 quod
1280 621 1364 660 alio
1383 621 1555 661 nomine
1575 617 1878 659 Lectisternium
1898 616 2013 656 dice-

1131 684 1273 723 batur.
1331 684 1384 723 In
1407 684 1622 735 Capitolio
1639 682 1750 722 enim
1771 680 1921 720 stratis
1937 679 2019 720 tri·

1131 747 1210 789 bus
1239 749 1412 788 lectulis
1441 748 1680 787 convivium
1711 745 2017 799 apponebatur

1131 812 1269 852 tribus
1294 811 1417 861 Diis;
1454 811 1570 857 Jovi.
1590 810 1764 861 Junoni,
1782 815 1828 850 et
1853 808 2016 851 Miner-

1130 889 1222 917 vae:
1267 876 1355 925 vel,
1390 882 1437 915 ut
1476 876 1613 915 tradit
1649 875 1815 925 Livius,
1846 886 1939 924 sex,
1966 877 2015 912 ut

1131 942 1259 994 paulo
1296 939 1422 981 infra.
1489 939 1667 991 Jupiter
1701 950 1818 988 vero,
1854 937 1898 977 id
1934 942 2017 987 est,

1132 1005 1432 1045 simulachrum
1478 1003 1601 1045 Jovis
1653 1002 1928 1042 statuebatur
1973 1001 2018 1040 iu

1132 1071 1296 1111 lectulo
1319 1069 1543 1120 recubans,
1560 1070 1676 1111 Juno
1697 1074 1742 1108 et
1760 1069 1962 1107 Minerva
1977 1067 2037 1106 iuv

1131 1135 1247 1175 sellis
1264 1133 1546 1175 considebant
1563 1146 1574 1183 3
1605 1133 1679 1173 sed
1697 1133 1904 1185 appositis
1915 1143 2018 1183 epu-

1128 1199 1195 1250 lis,
1213 1211 1296 1239 non
1319 1198 1402 1252 ipsi
1422 1197 1515 1249 Dii,
1532 1197 1609 1237 sed
1625 1202 1794 1248 septem
1810 1196 2019 1247 epulones

1132 1263 1330 1302 convivia
1362 1261 1655 1302 celebrabant.
1711 1260 1856 1302 Quare
1876 1263 2021 1299 autem

1131 1325 1307 1367 inventa
1339 1325 1505 1366 fuerint
1548 1324 1835 1374 lectisternia,
1875 1323 2020 1364 Livius

1134 1390 1208 1431 lib.
1231 1403 1274 1431 v.
1294 1391 1439 1431 docet.
1498 1390 1619 1430 Dicit
1651 1389 1788 1429 enim:
1834 1388 2020 1429 ‘Gravis

1136 1455 1426 1507 pestilensque
1455 1454 1651 1494 omnibus
1671 1451 1922 1492 animalibus
1943 1463 2022 1491 aes-

1139 1525 1204 1559 tas
1222 1520 1398 1571 excepit
1426 1517 1617 1572 [urbem]
1656 1517 1779 1570 cujus
1795 1516 2022 1556 insanabili

1138 1584 1330 1636 pernicie
1352 1582 1521 1636 quando
1554 1595 1634 1623 nec
1667 1594 1798 1622 causa
1824 1594 1905 1622 nec
1926 1580 2022 1621 finis

1137 1648 1455 1698 inveniebatur,
1473 1647 1571 1687 libri
1595 1644 1793 1699 Sibyllini
1814 1658 1868 1686 ex
1887 1645 2021 1685 Sena-

1139 1713 1408 1753 tusconsulto
1462 1710 1570 1751 aditi
1621 1715 1734 1750 sunt.
1799 1709 2024 1750 Duumviri

1136 1777 1269 1816 sacris
1289 1774 1518 1827 faciundis,
1534 1775 1802 1816 lectisternio
1816 1781 1918 1815 tunc
1938 1776 2024 1827 pri·

1138 1852 1251 1880 mum
1273 1840 1315 1879 in
1336 1840 1443 1879 urbe
1464 1839 1661 1880 Romana
1675 1838 1811 1890 facto,
1829 1851 1910 1892 per
1929 1838 2023 1879 dies

1141 1909 1242 1944 octo
1266 1904 1530 1956 Apollinem,
1563 1905 1856 1956 Latonamque
1880 1911 1926 1944 et
1945 1904 2025 1944 Di-

1139 1981 1281 2021 anam,
1299 1970 1552 2020 Herculem,
1585 1969 1853 2009 Mercurium
1890 1974 2022 2022 atque

1140 2035 1392 2086 Neptunum
1417 2033 1570 2083 tribus,
1599 2047 1726 2087 quam
1759 2035 2023 2086 amplissime

1139 2104 1231 2138 tum
1259 2099 1457 2151 apparari
1487 2104 1675 2151 poterat,
1706 2100 1857 2139 stratis
1898 2100 2023 2139 lectis

1137 2162 1394 2214 placavere:
1437 2163 1638 2215 privatim
1674 2175 1841 2217 quoque
1876 2163 1919 2203 id
1956 2175 2022 2203 sa—

1138 2240 1256 2268 crum
1285 2229 1555 2269 celebratum
1586 2235 1681 2269 est:
1712 2234 1806 2269 tota
1823 2228 1929 2269 urbe
1951 2241 2024 2281 pa-

1139 2292 1330 2332 tentibus
1360 2293 1520 2345 januis,
1560 2293 1888 2344 promiscuoque
1946 2305 2024 2332 usu
2092 2299 2097 2302 ’

1140 2367 1280 2394 rerum
1315 2356 1501 2395 omnium
1534 2357 1576 2394 in
1612 2356 1841 2407 propatula
1868 2356 2028 2407 posito,

1140 2426 1262 2459 notos
1287 2420 1545 2472 ignotosque
1579 2421 1737 2471 passim
1766 2421 1953 2461 advenas
1982 2422 2025 2461 in

1140 2484 1369 2534 hospitium
1406 2484 1559 2524 ductos
1578 2483 1744 2535 ferunt,
1765 2493 1810 2525 et
1831 2497 1926 2526 cum
1948 2486 2026 2525 ini-

1141 2548 1265 2587 micis
1282 2560 1449 2600 quoque
1464 2549 1647 2600 benigne
1668 2556 1712 2590 et
1733 2551 1915 2590 comiter
1936 2563 2023 2591 ser-

1141 2623 1288 2651 mones
1307 2612 1491 2662 habitos,
1513 2613 1670 2664 jurgiis
1687 2619 1731 2653 et
1749 2614 1894 2660 litibus
1917 2621 2024 2655 tem-

1141 2682 1356 2727 peratum,
1388 2677 1546 2715 vinctis
1575 2690 1744 2730 quoque
1774 2678 1951 2731 derupta
1978 2680 2025 2720 in

1141 2750 1215 2778 eos
1252 2739 1346 2778 dies
1384 2739 1586 2790 vincula3
1634 2742 1834 2793 religioni
1866 2744 2026 2784 deinde

1127 2801 1290 2851 fuisse,
1306 2804 1457 2856 quibus
1470 2817 1564 2845 eam
1578 2818 1702 2858 opem
1721 2807 1794 2846 Dii
1811 2808 2030 2859 tulissent,

1141 2867 1323 2907 vinciri!
1376 2868 1646 2920 Augustinus
1681 2883 1852 2922 quoque
1881 2872 1934 2911 de
1956 2873 2025 2912 Ci-

1141 2930 1278 2970 vitate
1316 2930 1403 2970 Dei
1430 2932 1483 2971 de
1510 2931 1576 2971 his
1606 2934 1869 2973 mentionem
1905 2933 2025 2974 facit.

1145 2994 1298 3035 Oliver.

1205 3058 1396 3098 Videlicet
1412 3058 1504 3110 quia
1521 3058 1650 3109 magis
1667 3061 1720 3099 ad
1737 3072 1819 3100 rem
1833 3060 2026 3112 pertinet]

1143 3121 1315 3161 Ironice
1351 3121 1522 3161 videtur
1554 3122 1663 3162 hanc
1702 3123 1912 3163 rationem
1953 3123 2023 3163 ad-

1143 3184 1273 3225 ferre.
1303 3185 1488 3235 Pighius.

1198 3250 1264 3301 §3
1298 3249 1399 3294 Quoe
1430 3261 1504 3288 uno
1534 3253 1725 3288 contentae
1759 3249 2027 3303 matrimonio]

1145 3312 1245 3351 Non
1266 3318 1430 3352 tantum
1452 3312 1564 3365 apud
1600 3314 1824 3363 Romanos,
1854 3314 1928 3353 sed
1949 3317 2030 3355 eti·

1145 3386 1212 3412 am
1232 3375 1346 3426 apud
1365 3375 1466 3414 alias
1482 3381 1635 3426 gentes
1649 3375 1806 3414 odiosae
1826 3377 2027 3418 secundae

1145 3438 1323 3488 nuptiae.
1354 3437 1481 3478 Unde
1499 3437 1611 3476 Dido
1628 3438 1792 3477 AEueid.
1818 3451 1878 3479 lv.
1910 3442 1921 3462 ‘
1939 3442 2027 3481 Sed

1144 3501 1245 3540 mihi
1269 3502 1336 3540 vel
1359 3503 1486 3541 tellus
1519 3508 1663 3552 optem
1698 3504 1815 3553 prins
1850 3504 1933 3544 ima
1955 3505 2029 3544 de-
