2320 4004
545 293 825 342 vxnnuu
852 290 1099 332 MAxlm
1146 292 1262 333 ms.
1303 294 1386 332 vi.
1428 293 1564 333 cAP.
1587 278 1642 330 1.

187 430 279 459 mus
299 416 371 460 ille
391 414 497 457 ordo
517 413 678 468 primns
692 413 804 466 pilus
821 411 961 455 dictus
975 410 1076 463 fult,

188 487 238 522 ut
257 482 348 534 jam
368 480 569 531 diximus,
586 479 675 528 vel,
700 475 907 530 primipili
926 480 1077 516 centu—

186 545 252 586 rio
296 544 536 584 dicebatur.
599 542 665 581 De
712 539 946 581 commodis
983 539 1075 579 aliis

188 606 475 660 singularibus
524 606 813 659 primipilatus
852 610 980 657 potes
1013 603 1078 643 vi-

189 671 295 712 dere
315 671 464 723 Cujac.
485 679 531 712 et
553 670 656 711 alios
683 670 963 721 interpretes,
982 680 1077 720 cap.

186 737 244 778 de
262 736 508 788 Primipilo,
524 735 597 776 lib.
614 747 665 775 11.
702 735 917 775 Caeterum
932 737 979 772 ut
993 732 1078 786 pri-

188 799 378 853 mipilus,
409 800 515 840 ordo
546 800 706 851 primus
727 797 985 847 triariorum,
1015 796 1079 836 ita

189 864 456 905 hastatorum
476 863 638 916 primus
665 861 787 914 ordo,
804 861 966 914 primus
985 861 1079 900 has-

190 933 324 977 tatus,
340 928 551 969 secundus
568 927 692 979 ordo,
712 926 925 968 secundus
939 927 1079 966 hasta-

191 999 260 1033 tus
281 991 424 1033 dictus
442 1006 453 1033 z
493 997 539 1032 et
559 992 622 1031 sic
644 990 860 1042 deinceps.
916 989 1077 1030 Itidem

191 1055 354 1109 primus
372 1056 596 1108 princeps,
624 1054 838 1094 secundus
858 1052 1081 1106 princeps,

193 1122 275 1160 διο.
290 1131 368 1171 pro
383 1117 606 1158 ordinibus
620 1117 758 1157 dictos
773 1115 923 1167 fuisse,
935 1122 1079 1156 osten-

192 1184 258 1224 dit
279 1183 342 1223 vir
360 1181 655 1231 doctissimus,
669 1180 808 1234 patris
825 1185 871 1219 et
887 1179 956 1220 avi
976 1191 1079 1232 quo-

193 1259 277 1302 que
305 1247 475 1288 nomine
505 1245 809 1296 nobilissimus,
827 1244 964 1284 Aldus
985 1244 1082 1284 Ma-

190 1313 338 1353 nutius
357 1312 404 1352 in
415 1311 501 1353 suis
522 1311 715 1365 quaesitis
736 1322 816 1363 per
832 1309 1079 1362 epistolam.

192 1375 387 1417 Stewech.

251 1439 555 1492 Commercium]
572 1439 956 1482 Consuetudinem.
974 1439 1083 1479 Pro·

193 1503 292 1557 prie
310 1503 580 1545 commercium
608 1503 774 1545 dicitur
802 1503 1082 1544 commutatio

195 1567 363 1608 mercis.
417 1566 603 1607 Ponitur
622 1572 765 1607 tamen
797 1578 877 1618 pro
897 1579 1084 1607 commu·

195 1632 359 1672 tatione
390 1635 681 1686 cujuscunque
702 1633 777 1686 rei,
808 1638 855 1674 ut
876 1645 1084 1673 commer-

195 1695 308 1736 cium
327 1695 564 1743 literarum,
587 1696 892 1736 commercium
910 1697 1083 1748 linguae.

196 1757 343 1798 Livius
358 1757 413 1797 de
427 1758 568 1801 Numa
583 1759 780 1811 loquens,
798 1760 810 1782 ‘
827 1771 911 1812 quo
928 1760 1083 1811 linguae

197 1819 470 1862 commercio’
490 1820 612 1863 dixit.
671 1823 730 1862 Et
758 1834 836 1875 pro
856 1829 1084 1864 consuetu-

198 1883 317 1935 dine,
336 1889 385 1924 ut
403 1885 482 1925 hoc
500 1886 608 1926 loco.
650 1887 760 1928 Oliv.

250 1949 500 1990 Domesticas
531 1950 708 2003 delicias]
757 1951 819 1991 Ut
853 1964 934 2003 pro
954 1952 1083 1992 rebus

198 2009 307 2052 bene
335 2012 468 2063 gestis
484 2013 744 2053 concederet
765 2014 877 2053 domi
897 2015 1085 2066 turpiter

196 2074 360 2128 vigere,
388 2077 587 2128 utsupra
608 2076 736 2128 dixit,
765 2078 871 2130 quid
907 2079 1086 2130 prodest

198 2136 305 2180 foris
326 2151 418 2180 esse
434 2145 672 2192 strenuum,
688 2141 722 2181 si
735 2141 850 2182 domi
867 2143 980 2184 male
996 2143 1086 2182 vix-

204 2199 315 2243 eris?
345 2203 472 2244 Idem.

257 2267 280 2317 ς
310 2269 360 2306 ll
398 2267 733 2320 cornicularium]
787 2270 874 2310 Hic
910 2275 1086 2310 notatur

205 2330 520 2371 cornicularium
540 2331 783 2384 significare
809 2345 920 2384 eum,
938 2333 1010 2386 qui
1042 2334 1085 2374 in

203 2403 336 2432 cornu
373 2393 584 2434 militares
631 2396 835 2436 excubias
880 2396 1002 2450 facit,
1041 2403 1087 2437 ut

205 2455 379 2508 quidam
415 2458 566 2498 volunt
589 2471 602 2508 ;
641 2460 717 2500 sed
746 2459 957 2500 falluntur
994 2461 1086 2502 sine

203 2519 347 2561 dubio.
406 2521 518 2561 Nam
556 2534 762 2563 accensus
800 2537 956 2565 nomen
993 2531 1089 2566 erat

205 2582 366 2624 ordinis
392 2588 436 2626 et
470 2587 750 2637 promotionis
768 2587 812 2627 in
840 2588 1012 2640 militia,
1038 2595 1087 2630 ut

203 2659 319 2688 nunc
349 2647 508 2689 dicitur
544 2651 747 2704 princeps
774 2652 846 2692 vel
875 2664 1085 2693 commen-

203 2711 415 2764 tariensis,
432 2718 507 2754 aut
521 2714 840 2756 cornicularius.
875 2716 1086 2758 Asconius

201 2774 264 2816 ita
285 2774 450 2818 refert:
479 2777 667 2819 Accensi
692 2779 948 2821 dicebantur
966 2782 1088 2824 attri-

204 2838 299 2880 buti
327 2840 648 2896 decurionibus,
683 2844 766 2884 hoc
796 2850 875 2896 est,
905 2846 1087 2886 ministri

204 2915 366 2954 eorum,
386 2905 506 2957 quasi
527 2907 580 2946 ad
600 2919 776 2947 censum
799 2908 950 2960 additi,
982 2922 1086 2962 quos

205 2978 320 3007 nunc
338 2969 750 3010 commentarienses
781 2977 827 3011 et
849 2972 1087 3013 cornicula-

204 3029 291 3070 rios
328 3032 565 3083 appellant.
620 3033 705 3073 Sed
735 3035 835 3087 quia
863 3036 991 3088 hujus
1025 3037 1088 3076 rei

206 3092 420 3134 rationem
439 3095 598 3134 nullam
620 3095 764 3148 affert,
783 3103 883 3139 sunt
896 3100 966 3152 qui
988 3113 1087 3141 cen·

206 3162 305 3197 sent
341 3160 743 3201 commentarienses
777 3162 934 3214 dictos,
973 3165 1087 3217 quod

208 3220 649 3275 comminiscerentur,
670 3224 751 3264 hoc
770 3231 853 3275 est,
871 3225 1088 3278 fingerent

208 3284 381 3337 aliquid,
401 3286 501 3338 quia
520 3292 721 3341 tanquam
741 3290 1089 3344 ministrierant;

210 3347 513 3390 cornicularius
544 3358 689 3392 autem
738 3365 807 3403 eo,
854 3353 967 3406 quod
1007 3369 1088 3397 una

210 3420 308 3448 cum
343 3412 429 3451 suis
472 3412 775 3456 decurionibus
814 3416 856 3456 in
886 3418 1086 3458 cornibus

213 3471 398 3512 acierum
417 3478 730 3519 statuebantur.
763 3481 872 3522 oliv.

211 3569 216 3574 .
267 3531 463 3590 Sacratae]
506 3539 661 3594 Itaque
698 3543 882 3587 aedicula
918 3544 1086 3601 Aquilae

1878 277 2022 331 1215

1141 412 1443 464 imponebatur
1463 414 1679 466 signorum
1702 411 2028 463 sacratissimae,

1142 477 1196 516 ad
1217 478 1457 519 testandam
1485 479 1575 531 ejus
1603 476 1870 518 divinitatem
1892 488 2026 529 quan-

1142 539 1256 591 dam,
1289 549 1335 582 et
1367 544 1419 582 ad
1458 542 1707 595 religionem
1736 541 2025 582 sanciendam.

1143 604 1272 645 Quod
1304 606 1394 644 Dio
1423 612 1624 646 testatur.

1197 669 1219 720 §
1250 671 1301 708 12
1331 669 1423 708 Hoc
1442 671 1559 709 movit
1581 671 1628 711 C.
1645 668 1842 721 Marium]
1872 667 2029 709 Cicero

1145 745 1312 786 quoque
1350 734 1393 773 in
1427 733 1554 775 Orat.
1587 747 1666 786 pro
1696 734 1858 773 Milone
1903 732 2028 785 hujus

1144 797 1332 849 exempli
1351 799 1614 838 mentionem
1633 798 1752 839 facit.
1783 799 1936 838 Oliver.

1202 861 1249 901 C.
1270 861 1473 913 Luscium]
1491 862 1562 902 Ita
1579 862 1826 913 legendum,
1855 874 1940 902 non
1965 868 2030 914 ut,

1145 929 1308 976 praeter
1346 925 1468 975 alios,
1502 925 1724 966 Danielis:
1759 927 1807 965 C.
1839 926 2030 966 Clusium.

1146 989 1195 1028 C.
1216 988 1360 1028 Luscii
1380 989 1503 1040 hujus
1531 989 1723 1029 meminit
1753 990 1906 1029 Cicero
1926 1001 2030 1042 quo-

1145 1064 1229 1105 que
1267 1053 1310 1092 in
1346 1052 1594 1093 Miloniana.
1657 1052 1861 1093 Meminit
1899 1058 1944 1093 et
1981 1053 2031 1093 C.

1145 1119 1291 1159 Luscii
1338 1119 1562 1172 cujusdam
1613 1117 1839 1171 Asconius,
1883 1117 2034 1170 aitque

1146 1182 1441 1223 centurionem
1470 1183 1693 1223 Sullanum
1723 1182 1870 1223 fuisse.
1902 1182 2033 1222 Celer.

1201 1245 1492 1298 Manipulario]
1542 1246 1628 1288 Qui
1658 1245 1735 1285 sub
1765 1244 1916 1285 eodem
1950 1257 2037 1284 ma-

1147 1308 1296 1360 nipulo
1317 1322 1412 1350 cum
1435 1309 1529 1349 aliis
1547 1309 1774 1350 militabat.

1202 1375 1224 1426 ᾧ
1245 1377 1296 1414 13
1326 1374 1622 1426 De1n·ehensum
1636 1373 1676 1413 in
1692 1372 1906 1424 adulterio]
1925 1373 2034 1414 Cum

1149 1449 1282 1478 uxore
1298 1437 1558 1490 Sempronii.

1202 1501 1349 1542 Nervis
1366 1501 1563 1554 contudit]
1602 1500 1729 1540 Liber
1750 1500 1866 1540 Dan.
1884 1500 2035 1552 pernis.

1148 1565 1305 1606 Placet
1344 1565 1478 1617 magis
1524 1565 1720 1616 vulgaria
1765 1565 1911 1605 lectio.
1982 1564 2037 1604 In

1149 1629 1364 1670 adulterio
1404 1629 1694 1682 deprehensos
1730 1627 1910 1680 flagellis
1940 1626 2034 1667 fere

1149 1695 1238 1735 sive
1257 1695 1358 1734 loris
1378 1694 1489 1735 caedi
1511 1694 1660 1733 solitos
1684 1693 1880 1744 legimus.
1926 1692 2036 1732 Pro-

1147 1759 1248 1799 inde
1268 1760 1349 1800 hoc
1376 1762 1471 1799 loco
1503 1769 1656 1798 nervos
1691 1769 1769 1808 pro
1803 1757 1903 1796 loris
1924 1756 2037 1796 acci-

1149 1823 1237 1874 pio.
1292 1823 1365 1864 lta
1401 1822 1649 1863 Sallustium
1681 1821 1782 1860 loris
1814 1820 1927 1860 bene
1954 1832 2037 1860 cae—

1148 1900 1239 1928 sum
1260 1887 1454 1940 Agellius
1475 1887 1641 1928 scribit.
1674 1887 1848 1926 Colerus.

1207 1953 1284 1992 Cn.
1307 1952 1427 1992 etiam
1456 1952 1605 1992 Furius
1624 1951 1825 1992 Brochum
1843 1963 1951 2002 quem
1967 1951 2034 1991 de-

1146 2017 1426 2070 prehenderat]
1461 2017 1532 2057 Ita
1551 2017 1695 2069 vulgo.
1726 2016 1779 2055 In
1801 2017 2035 2068 Campensi

1151 2093 1175 2121 e
1196 2088 1349 2122 contra
1367 2096 1376 2121 :
1412 2083 1485 2122 Cu.
1514 2082 1633 2121 etiam
1654 2081 1819 2121 Furium
1839 2080 2036 2120 Brochus.

1150 2148 1204 2188 In
1223 2148 1346 2188 aliis:
1382 2149 1457 2189 Cn.
1489 2149 1610 2189 etiam
1639 2148 1808 2188 Furium
1838 2148 2037 2188 Brochum

1149 2213 1217 2263 qui
1252 2212 1572 2264 deprehenderat.
1645 2212 1708 2251 Tu
1752 2210 1851 2250 vide
1899 2211 2038 2251 lector

1151 2274 1255 2327 quid
1290 2276 1411 2328 sequi
1443 2276 1563 2315 velis.
1620 2275 1746 2314 Illam
1768 2286 1868 2314 vero
1888 2274 2038 2315 lectio-

1151 2350 1250 2378 nem
1295 2339 1423 2391 plura
1459 2337 1715 2379 confirmant
1761 2338 2039 2390 exemplaria.

1151 2403 1346 2442 Broc-hus
1369 2401 1608 2442 Anniorum
1630 2414 1868 2454 cognomen
1889 2408 1970 2454 est,
1992 2411 2038 2443 et

1153 2464 1269 2517 apud
1286 2465 1438 2505 Furios
1459 2466 1654 2518 reperiri,
1677 2466 1844 2506 denarii
1872 2466 2039 2519 antiqui

1152 2533 1380 2570 testantur.
1427 2530 1583 2582 Itaque
1601 2531 1746 2582 legere
1766 2531 1908 2570 malim
1929 2544 1940 2571 ι
1964 2532 2039 2573 Cn.

1151 2594 1271 2634 etiam
1290 2594 1459 2635 Furium
1490 2596 1690 2635 Brochum
1715 2595 1872 2646 quidam
1903 2598 2038 2648 depre-

1151 2659 1305 2708 hendit,
1336 2664 1377 2699 et
1400 2659 1574 2708 famma
1600 2661 1855 2712 stuprandum
1881 2659 2038 2710 objecit.

1151 2723 1348 2775 Pighius,

1206 2788 1446 2841 Brocchum]
1462 2788 1755 2829 Brocchorum
1772 2788 1948 2830 familiae
1967 2803 2039 2831 no-

1151 2864 1248 2892 men
1269 2853 1498 2894 Furiorum
1517 2852 1844 2905 fuisse‚-indieat
1860 2855 2036 2895 Fulvius

1151 2916 1349 2957 Ursinus.
1405 2918 1475 2958 Ita
1495 2917 1625 2958 etiam
1650 2917 1924 2958 scribendum
1944 2931 2038 2958 esse

1152 2978 1281 3019 docet
1317 2979 1512 3031 ejusdem
1546 2981 1756 3020 numisma
1787 2986 1942 3021 vetus:
1986 2983 2037 3022 L.

1152 3042 1324 3082 vavs
1347 3043 1430 3083 CN.
1451 3044 1502 3092 F.
1521 3045 1785 3085 BRoccnvs.
1842 3046 2034 3086 Emendo

1151 3116 1322 3145 versum
1343 3107 1496 3147 Lucilii
1514 3108 1628 3159 apud
1646 3108 1686 3148 N
1691 3108 1830 3148 onium
1847 3121 1857 3147 τ
1876 3108 1889 3129 ‘
1901 3109 2035 3148 Broc-

1153 3169 1256 3208 chus
1275 3170 1528 3210 Bouillanus
1557 3173 1690 3211 dente
1719 3171 1900 3210 adverso
1930 3171 2036 3210 emi·

1152 3232 1252 3271 nulo
1271 3244 1370 3284 uno,
1388 3234 1487 3273 Hoc
1509 3242 1575 3274 est
1596 3232 1888 3273 Rhinoceros.’
1913 3233 2034 3273 Salse

1152 3302 1279 3335 vocat
1297 3296 1538 3336 Brocchum
1565 3297 1834 3336 Bouillanum
1853 3296 1908 3336 ob
1930 3298 2031 3336 emi·

1151 3362 1325 3397 nentem
1358 3370 1486 3398 unum
1523 3359 1697 3398 dentem
1727 3357 2032 3411 Rhinocerota.

1151 3418 1222 3458 Ita
1236 3419 1505 3473 ἆλληγορικῶς
1526 3420 1738 3459 Martialis
1757 3433 1766 3460 :
1797 3421 1809 3442 ‘
1831 3421 1888 3460 Et
1907 3423 2032 3472 pueri

1152 3493 1301 3524 nasum
1340 3483 1641 3534 Rhinocerotis
1680 3482 1872 3525 habent.'
1920 3485 2030 3524 Cole-

1151 3557 1232 3587 rus.
