2320 4004
366 296 506 351 1102

365 430 437 469 tiae
481 428 749 480 patritiorum
807 433 1040 468 assertores
1084 428 1226 478 fuisse,

364 497 524 542 praeter
542 492 652 531 hunc
670 503 812 540 unum,
827 491 879 530 de
894 503 975 543 quo
989 492 1198 543 loquimur
1213 504 1225 540 3

360 555 450 606 qui,
471 560 519 594 ut
549 554 795 593 Ciceronem
826 555 1001 605 ejiceret
1033 555 1227 605 civitate,

362 629 446 656 non
466 617 677 656 dubitavit
709 617 951 657 renuntiare
982 617 1126 669 generi
1153 629 1226 667 pa-

360 679 495 728 tritio,
516 684 560 717 et
578 690 622 718 se
650 679 871 719 Plebeium
901 679 1059 720 facere.
1115 679 1228 719 Nam

360 743 430 781 lex
466 748 575 791 erat,
625 755 717 793 quae
764 744 980 795 patritium
1016 755 1228 796 quemque

360 803 577 843 tribunum
608 803 701 843 fieri
731 805 923 846 vetabat.
976 806 1064 846 Hic
1098 805 1229 857 igitur

294 861 296 863 ’
359 866 523 905 cuidam
543 865 711 916 plebeio
745 872 790 907 et
817 868 968 907 minori
997 873 1101 907 natu
1120 867 1227 907 sein

359 929 632 980 adoptionem
663 926 798 983 dedit,
825 932 1030 972 suadente
1065 933 1144 971 hoc
1178 932 1227 972 C.

358 992 530 1032 Caesare
560 993 747 1033 consule.
805 995 914 1033 Nam
935 994 1113 1047 quodam
1132 995 1229 1034 loco

356 1053 610 1104 deplorante
638 1055 847 1096 Cicerone
875 1061 1030 1096 statum
1060 1055 1227 1107 reipub-

356 1115 467 1166 licae,
485 1116 636 1155 iratum
667 1117 816 1158 dicunt
836 1118 1047 1158 Caesarem
1067 1118 1110 1157 in
1127 1130 1227 1158 cau-

358 1191 448 1218 sam
477 1179 615 1229 plebis
650 1181 842 1220 Clodium
878 1181 1122 1230 adduxisse,
1155 1180 1227 1232 qui

357 1239 558 1280 continuo
590 1241 784 1281 tribunus
815 1243 954 1294 plebis
986 1242 1141 1291 factus,
1167 1241 1227 1280 fa-

359 1313 503 1341 vorem
532 1303 668 1354 plebis
687 1305 903 1355 possidere
931 1306 1076 1356 coepit.
1127 1306 1227 1344 Pos-

356 1365 456 1404 sedit
462 1364 659 1416 favorem]
689 1367 786 1406 Hoc
805 1367 927 1416 dicit,
945 1367 1111 1407 etiamsi
1131 1367 1227 1406 Clo·

356 1426 450 1465 dius
469 1427 572 1466 civis
603 1428 827 1468 seditiosus
854 1434 960 1480 erat,
979 1434 1022 1468 et
1041 1428 1227 1480 uxorius,

354 1492 496 1527 tamen
517 1489 695 1530 virtutes
715 1502 886 1542 magnas
906 1503 1000 1531 cum
1021 1491 1135 1530 vitiis
1153 1492 1226 1530 ha-

356 1550 447 1589 buit
467 1551 734 1602 conjunctas,
755 1553 829 1592 sed
859 1552 969 1593 filius
1000 1554 1091 1605 ejus
1109 1552 1227 1604 flagi-

356 1613 427 1652 tiis
462 1614 653 1653 omnibus
690 1616 797 1655 adeo
833 1616 1009 1656 obrutus
1041 1616 1141 1667 fuit,
1177 1622 1228 1657 ut

356 1674 516 1714 nullum
553 1677 722 1717 omnino
758 1678 967 1719 virtutum
999 1679 1228 1731 imaginem

355 1736 569 1778 habuerit.
601 1740 750 1780 Oliver.

411 1801 611 1840 Fulvianoe
637 1804 746 1842 stoloe
770 1803 909 1855 pugio]
945 1803 1230 1855 Metonymia,

353 1863 495 1901 stolam
513 1874 591 1913 pro
611 1863 704 1914 ipsa
723 1866 900 1904 muliere
929 1866 1077 1905 Fulvia
1096 1865 1232 1917 ponit,

351 1925 559 1976 pugionem
592 1938 668 1976 pro
696 1928 864 1967 homine
891 1928 1090 1967 militari:
1131 1939 1230 1967 nam

355 1987 541 2037 pugione
561 1988 715 2028 milites
734 1994 926 2032 utuntur.
983 1990 1069 2030 Hic
1090 1991 1229 2030 Fulvi-

357 2061 423 2088 am
445 2061 616 2089 uxorem
632 2050 790 2102 habuit,
809 2065 931 2105 quam
947 2053 1103 2092 deinde
1119 2065 1230 2092 mor-

355 2115 431 2150 tuo
451 2111 599 2151 Clodio
628 2114 691 2153 M.
707 2112 919 2155 Antonius
953 2115 1136 2155 duxerat
1154 2128 1230 2155 ux-

356 2184 494 2212 orem.
521 2175 669 2215 Oliver.

410 2237 636 2288 Frigidam]
685 2238 880 2292 Segnem,
923 2252 1018 2280 cum
1055 2241 1230 2293 proprIe

354 2297 700 2349 ardon-juvenum
722 2301 793 2341 sit.
832 2309 836 2311 ’

409 2360 646 2412 Abdomine]
671 2372 673 2376 ’
698 2363 751 2403 Id
785 2367 865 2415 est,
903 2364 1052 2416 pingui
1091 2365 1230 2416 suillo,
1259 2380 1262 2382 ·

355 2428 431 2462 aut
450 2425 612 2464 sumine
633 2425 820 2466 delicato
851 2427 975 2466 avide
1008 2427 1231 2468 devorato.

356 2485 526 2524 Badius.

411 2549 479 2599 §4
508 2548 736 2600 Hortensii]
765 2551 851 2590 Hic
881 2552 1128 2604 eloquentia
1143 2556 1233 2592 tan-

358 2616 449 2650 tum
483 2611 632 2662 valuit,
653 2619 699 2651 ut
719 2614 876 2663 saepius
906 2613 1146 2653 dubitatum
1167 2614 1236 2664 sit,

359 2677 501 2712 utrum
533 2672 627 2723 ipse
668 2686 722 2713 an
759 2675 911 2715 Cicero
948 2676 1235 2728 principatum

356 2734 588 2774 obtineret.

417 2797 497 2841 Qui
514 2797 557 2836 in
571 2799 744 2837 maximo
758 2803 795 2838 et
809 2800 1063 2849 ingenuorum
1077 2799 1237 2850 civium,

358 2862 400 2897 et
417 2858 740 2908 amplissimorum
756 2863 964 2913 proventu]
1009 2861 1204 2900 Emendo
1223 2875 1234 2900 :

362 2925 400 2959 et
420 2920 680 2970 ingeniorum,
692 2926 731 2961 et
743 2922 886 2963 civium
901 2924 1239 2975 amplissimorum.

365 2982 471 3034 Ipsa
490 2994 543 3022 ex
559 2995 620 3023 re.
649 2984 761 3035 IAps.

420 3044 580 3096 Corbio]
627 3047 740 3087 Quia
771 3051 972 3099 tanquam
1004 3047 1148 3088 corbis
1168 3047 1241 3088 de-

362 3108 541 3149 vorabat
569 3110 711 3150 omnia
743 3117 923 3162 paterna
947 3112 1073 3152 bona.
1129 3113 1242 3152 Nam

366 3178 481 3223 sunt,
501 3173 574 3225 qui
593 3173 740 3214 dicant
758 3175 837 3215 hoc
849 3187 1004 3216 nomen
1023 3177 1243 3228 accepisse

364 3246 391 3273 a
410 3236 648 3287 cupiditate
667 3237 868 3278 vorandi:
911 3250 1009 3277 nam
1036 3238 1242 3289 cor-bitere,

365 3301 437 3336 est
466 3297 591 3337 avide
619 3298 847 3351 deglutire.
903 3300 1030 3341 Unde
1050 3302 1243 3349 Plautus.

363 3359 577 3408 corbitam,
602 3360 724 3403 dixit.
755 3363 910 3404 Oliver.

420 3421 600 3473 Lingua]
644 3424 903 3465 Fellatorem
922 3424 1015 3464 fore
1037 3426 1190 3467 innuit.

422 3484 536 3526 CAP.
556 3497 619 3527 vl.
659 3487 938 3541 Deformesque
972 3488 1143 3539 umbras]
1192 3489 1245 3530 Id

941 307 1115 348 No'rAE
1155 306 1478 348 VARIORUM
1523 308 1589 348 IN

1289 432 1371 479 est,
1388 429 1652 480 turpissimas
1672 432 1717 468 et
1744 427 2066 478 ignobilissimas
2085 428 2162 469 ali·

1289 503 1407 530 orum
1427 492 1552 542 vitas,
1569 498 1618 532 ut
1650 492 1865 532 Ciceronis
1891 491 2098 540 Junioris,
2112 495 2163 531 ut

1289 554 1490 605 Neronis,
1510 559 1555 594 et
1586 554 1762 595 aliorum
1792 556 2035 596 multorum.
2075 555 2161 595 Ba-

1288 616 1391 656 dius.

1347 679 1537 731 Gurgite]
1578 680 1631 720 Id
1651 684 1730 729 est,
1759 679 1959 733 voragine
1977 678 2164 731 turpitu-

1289 740 1398 780 dinis
1417 754 1520 781 suae.

1344 804 1367 856 ς
1389 807 1405 843 1
1442 804 1606 843 Publius
1623 803 1771 855 Scipio,
1787 805 1876 856 ξω]
1905 805 2032 844 Hanc
2048 804 2163 845 Livi-

1291 878 1338 904 us
1365 866 1495 905 tradit
1531 866 1766 906 Historiam
1788 867 1968 907 Decade
1987 867 2165 908 secundi

1291 928 1445 967 Punici
1465 927 1584 968 belli.

1346 992 1579 1045 Gymnasio]
1618 991 1804 1044 Proprie
1834 1004 1948 1032 nunc
1965 991 2090 1043 dixit,
2116 991 2163 1031 id

1290 1060 1370 1104 est,
1389 1056 1603 1107 palaestra,
1631 1055 1704 1095 ubi
1725 1067 1769 1094 se
1788 1056 1969 1107 juvenes
1988 1067 2163 1096 exerce-

1290 1116 1408 1156 bant.
1442 1117 1590 1158 Oliver.
1648 1118 1878 1170 Gymnasio]
1921 1118 1972 1158 Id
1994 1122 2073 1171 est,
2089 1129 2164 1170 pa-

1290 1179 1459 1231 laestrae,
1505 1186 1553 1220 ut
1589 1180 1806 1220 Oliverius
1843 1182 2166 1233 interpretatur,

1289 1246 1379 1290 aut,
1412 1248 1460 1281 ut
1492 1243 1593 1282 mihi
1613 1244 1773 1294 placet,
1805 1243 2099 1284 exercitationi
2116 1243 2165 1284 in

1289 1314 1335 1342 re
1353 1303 1547 1343 literaria
1566 1317 1578 1354 ;
1619 1317 1717 1344 nam
1751 1305 1852 1357 quid
1888 1305 2062 1355 pallium
2091 1309 2166 1346 aut

1288 1364 1473 1415 crepidae
1494 1365 1547 1404 ad
1566 1367 1838 1417 palaestram?
1866 1366 2034 1406 Badius.

1341 1427 1569 1479 Pallioque]
1600 1428 1727 1470 Quod
1749 1426 1881 1479 genu's
1894 1428 2028 1468 vestis
2042 1427 2164 1468 Grae.

1289 1486 1328 1526 ci
1344 1487 1593 1541 Philosophi
1606 1490 1834 1541 habebant,
1846 1495 1892 1530 et
1906 1489 2140 1531 utebantur
2154 1505 2167 1533 ς

1289 1555 1386 1589 erat
1405 1550 1459 1590 ad
1481 1552 1587 1591 talos
1606 1564 1739 1603 usque
1758 1552 1946 1592 dimissa.

1347 1613 1545 1664 crepidis]
1592 1614 1757 1655 Gellius
1783 1615 1856 1655 lib.
1878 1626 1987 1656 xnr.
2031 1614 2045 1638 ‘
2066 1614 2171 1655 Om-

1291 1672 1391 1723 nia,'
1413 1675 1568 1726 inquit,
1600 1677 1613 1699 ‘
1630 1675 1768 1715 ferme
1786 1675 1830 1715 id
1858 1688 1994 1727 genus
2011 1676 2166 1728 quibus

1291 1737 1533 1788 plantarum
1562 1738 1700 1778 calces
1745 1739 1789 1778 in
1825 1738 1910 1780 fine
1946 1740 2167 1792 teguntur,

1292 1804 1450 1838 caetera
1468 1798 1561 1839 fere
1587 1800 1721 1850 nuda,
1741 1809 1787 1841 et
1805 1801 2016 1842 teretibus
2039 1802 2168 1843 habe-

1292 1864 1357 1903 nis
1369 1865 1525 1916 juncta
1541 1866 1798 1916 sunt,soleas
1814 1865 2035 1907 dixerunt:
2066 1868 2172 1907 non-

1292 1938 1504 1978 nunquam
1551 1927 1705 1968 Graeca
1749 1940 1857 1968 voce
1897 1927 2174 1981 crepidulas.’

1291 1989 1462 2029 Servius
1508 1995 1650 2029 tamen
1694 1990 1802 2030 dicit
1843 1989 1974 2030 fuisse
2003 1991 2172 2031 Thusca

1293 2052 1602 2102 calceamenta,
1623 2064 1717 2104 quae
1750 2053 1945 2104 corrigiis
1965 2053 2018 2092 ad
2038 2054 2171 2105 pedes

1293 2112 1553 2163 ligabantur.
1609 2114 1846 2164 Virgilius:
1876 2116 1888 2137 ‘
1907 2115 1966 2154 Et
1984 2115 2172 2167 Tyrrhe-

1292 2186 1346 2213 na
1362 2175 1517 2227 pedum
1529 2176 1796 2216 circumdant
1807 2176 1975 2216 vincula
1989 2177 2175 2227 plantis-⁴

1284 2236 1467 2276 Servius
1486 2238 1666 2288 exponit
1685 2238 1697 2259 ‘
1710 2237 1942 2289 crepidas,'
1963 2250 2068 2290 quas
2085 2238 2173 2290 pri-

1293 2310 1362 2337 mo
1382 2298 1570 2338 habuere
1589 2298 1835 2351 Senatores,
1864 2305 1961 2352 post
1989 2299 2175 2352 equites,

1295 2359 1450 2400 deinde
1471 2359 1641 2401 milites.
1673 2358 1829 2400 Oliver.

1347 2423 1462 2462 Lucii
1492 2435 1581 2462 vero
1613 2422 1828 2474 Scipionis]
1874 2423 1946 2463 De
1969 2423 2052 2464 hoe
2069 2423 2174 2465 satis

1295 2499 1424 2538 supra
1441 2488 1606 2528 dictum
1625 2494 1708 2538 est,
1740 2487 1809 2527 cui
1829 2487 1936 2528 Asia
1956 2489 2178 2541 provincia

1296 2561 1321 2588 a
1339 2549 1501 2588 Senatu
1521 2561 1573 2589 eo
1589 2550 1792 2589 libentius
1806 2549 2061 2591 demandata
2074 2550 2177 2602 fuit,

1298 2611 1411 2664 quod
1432 2611 1570 2651 frater
1590 2612 1680 2663 ejus
1712 2611 1940 2651 Africanus
1961 2612 2175 2663 pollicitus

1296 2675 1458 2725 fuerat,
1486 2677 1678 2727 legatum
1708 2687 1754 2715 se
1782 2688 1877 2715 cum
1908 2676 1981 2716 illo
2002 2677 2177 2728 iturum,

1298 2750 1353 2777 ex
1373 2750 1459 2790 qua
1489 2738 1711 2790 provincia
1741 2750 1836 2778 cum
1869 2738 2008 2780 victor
2026 2740 2177 2781 rediis-

1297 2804 1379 2850 set,
1399 2799 1613 2839 Asiaticus
1634 2800 1794 2840 dict-us.
1826 2801 1975 2841 Oliver.

1354 2863 1420 2914 §2
1452 2862 1771 2914 chlamydatam]
1811 2862 1864 2902 Id
1884 2869 1965 2916 est,
1985 2860 2181 2906 indutam

1299 2929 1374 2964 aut
1392 2929 1583 2963 ornatam
1603 2924 1842 2977 chlamyde.

1355 2989 1406 3027 In
1425 2980 1643 3040 Capitolio]
1656 2987 1740 3028 Ubi
1757 2992 1910 3030 statuae
1923 2990 2181 3044 triumphan-

1301 3051 1407 3091 tium
1430 3050 1714 3102 ponebantur.

1358 3116 1380 3167 ς
1399 3118 1423 3154 3
1445 3115 1591 3155 Lucius
1607 3129 1751 3167 quoque
1770 3115 1900 3169 Sylla]
1930 3115 2016 3158 Qui
2034 3115 2182 3157 adver-

1302 3189 1371 3216 sus
1406 3177 1705 3217 Mithridatem
1741 3179 1894 3218 missus
1911 3177 1914 3179 ’
1930 3177 2027 3229 fuit,
2055 3190 2182 3230 quam

1304 3239 1567 3291 provinciam
1601 3240 1766 3279 Marius
1801 3240 1884 3280 sibi
1920 3238 2014 3279 dari
2044 3239 2181 3281 invito

1301 3302 1463 3342 Senatu
1482 3314 1561 3354 per
1580 3303 1802 3354 populum,
1831 3307 1907 3342 aut
1925 3314 2013 3342 suae
2032 3301 2185 3344 factio-

1304 3363 1369 3402 nis
1388 3363 1621 3415 principes,
1642 3376 1736 3404 cum
1758 3364 1905 3415 vellet,
1938 3369 2090 3404 exorta
2117 3369 2184 3405 est

1307 3425 1460 3465 seditio
1477 3440 1490 3476 3
1528 3425 1684 3466 deinde
1718 3426 1873 3466 bellum
1904 3426 2017 3466 inter
2042 3426 2183 3479 ipsum

1307 3494 1352 3528 et
1368 3488 1546 3540 Syllam,
1563 3493 1610 3529 ut
1627 3500 1755 3540 supra
1775 3483 1937 3530 dictum
1956 3494 2038 3530 est.
2074 3489 2180 3530 Oliv.
