<?xml version="1.0" encoding="UTF-8"?>
<!DOCTYPE html PUBLIC "-//W3C//DTD XHTML 1.0 Transitional//EN"
    "http://www.w3.org/TR/xhtml1/DTD/xhtml1-transitional.dtd">
<html xmlns="http://www.w3.org/1999/xhtml" xml:lang="en" lang="en">
 <head>
  <title>
</title>
<meta http-equiv="Content-Type" content="text/html;charset=utf-8" />
  <meta name='ocr-system' content='tesseract 3.04.00' />
  <meta name='ocr-capabilities' content='ocr_page ocr_carea ocr_par ocr_line ocrx_word'/>
</head>
<body>
  <div class='ocr_page' id='page_1' title='image "./factorumdictorum03valeuoft_0025.png"; bbox 0 0 2332 4036; ppageno 0'>
   <div class='ocr_carea' id='block_1_1' title="bbox 502 303 1534 363">
    <p class='ocr_par' dir='ltr' id='par_1_1' title="bbox 502 303 1534 363">
     <span class='ocr_line' id='line_1_1' title="bbox 502 303 1534 363; baseline -0.01 0"><span class='ocrx_word' id='word_1_1' title='bbox 502 321 763 363; x_wconf 75' lang='lat' dir='ltr'><strong>VALERH</strong></span> <span class='ocrx_word' id='word_1_2' title='bbox 808 318 1049 358; x_wconf 79' lang='lat' dir='ltr'><strong>MAx11u1</strong></span> <span class='ocrx_word' id='word_1_3' title='bbox 1099 319 1213 356; x_wconf 74' lang='lat' dir='ltr'><strong>mn.</strong></span> <span class='ocrx_word' id='word_1_4' title='bbox 1244 318 1283 355; x_wconf 92' lang='lat'><strong>1.</strong></span> <span class='ocrx_word' id='word_1_5' title='bbox 1324 317 1456 355; x_wconf 79' lang='lat' dir='ltr'><strong>cAP.</strong></span> <span class='ocrx_word' id='word_1_6' title='bbox 1484 303 1534 353; x_wconf 90' lang='grc'><strong>1.</strong></span> 
     </span>
    </p>
   </div>
   <div class='ocr_carea' id='block_1_2' title="bbox 118 439 1030 3612">
    <p class='ocr_par' dir='ltr' id='par_1_2' title="bbox 118 439 1015 1378">
     <span class='ocr_line' id='line_1_2' title="bbox 118 439 1007 501; baseline -0.013 -12"><span class='ocrx_word' id='word_1_7' title='bbox 118 452 219 501; x_wconf 88' lang='lat' dir='ltr'><strong>post</strong></span> <span class='ocrx_word' id='word_1_8' title='bbox 237 445 310 487; x_wconf 86' lang='lat' dir='ltr'><strong>ubi</strong></span> <span class='ocrx_word' id='word_1_9' title='bbox 330 443 404 485; x_wconf 87' lang='lat' dir='ltr'><strong>Sol</strong></span> <span class='ocrx_word' id='word_1_10' title='bbox 423 443 538 483; x_wconf 88' lang='lat' dir='ltr'><strong>visus</strong></span> <span class='ocrx_word' id='word_1_11' title='bbox 552 447 647 482; x_wconf 88' lang='lat' dir='ltr'><strong>erat</strong></span> <span class='ocrx_word' id='word_1_12' title='bbox 666 439 1007 488; x_wconf 86' lang='lat' dir='ltr'><strong>ardentissimus,</strong></span> 
     </span>
     <span class='ocr_line' id='line_1_3' title="bbox 122 504 1008 564; baseline -0.011 -12"><span class='ocrx_word' id='word_1_13' title='bbox 122 515 303 564; x_wconf 83' lang='lat' dir='ltr'><strong>repente</strong></span> <span class='ocrx_word' id='word_1_14' title='bbox 321 507 633 556; x_wconf 86' lang='lat' dir='ltr'><strong>educebant,et</strong></span> <span class='ocrx_word' id='word_1_15' title='bbox 646 505 852 545; x_wconf 88' lang='lat' dir='ltr'><strong>adversus</strong></span> <span class='ocrx_word' id='word_1_16' title='bbox 873 504 1008 543; x_wconf 88' lang='lat' dir='ltr'><strong>ictum</strong></span> 
     </span>
     <span class='ocr_line' id='line_1_4' title="bbox 119 569 1009 625; baseline -0.009 -9"><span class='ocrx_word' id='word_1_17' title='bbox 119 575 232 616; x_wconf 87' lang='lat' dir='ltr'><strong>Solis</strong></span> <span class='ocrx_word' id='word_1_18' title='bbox 263 571 507 625; x_wconf 85' lang='lat' dir='ltr'><strong>oppositum</strong></span> <span class='ocrx_word' id='word_1_19' title='bbox 543 569 839 618; x_wconf 78' lang='lat' dir='ltr'><strong>continebant,</strong></span> <span class='ocrx_word' id='word_1_20' title='bbox 879 572 1009 621; x_wconf 87' lang='lat' dir='ltr'><strong>atque</strong></span> 
     </span>
     <span class='ocr_line' id='line_1_5' title="bbox 119 632 1012 683; baseline -0.008 -4"><span class='ocrx_word' id='word_1_21' title='bbox 119 636 348 680; x_wconf 80' lang='lat' dir='ltr'>intendere</span> <span class='ocrx_word' id='word_1_22' title='bbox 376 635 420 675; x_wconf 89' lang='lat' dir='ltr'><strong>in</strong></span> <span class='ocrx_word' id='word_1_23' title='bbox 447 635 600 675; x_wconf 85' lang='lat' dir='ltr'><strong>coelum</strong></span> <span class='ocrx_word' id='word_1_24' title='bbox 616 634 762 674; x_wconf 88' lang='lat' dir='ltr'><strong>oculos</strong></span> <span class='ocrx_word' id='word_1_25' title='bbox 781 632 1012 683; x_wconf 82' lang='lat' dir='ltr'>cogebant,</span> 
     </span>
     <span class='ocr_line' id='line_1_6' title="bbox 121 697 1010 756; baseline -0.008 -14"><span class='ocrx_word' id='word_1_26' title='bbox 121 700 437 756; x_wconf 75' lang='lat' dir='ltr'><strong>palpebrasque</strong></span> <span class='ocrx_word' id='word_1_27' title='bbox 458 699 566 752; x_wconf 73' lang='lat' dir='ltr'><strong>ejus,</strong></span> <span class='ocrx_word' id='word_1_28' title='bbox 591 709 645 738; x_wconf 87' lang='lat' dir='ltr'><strong>ne</strong></span> <span class='ocrx_word' id='word_1_29' title='bbox 662 697 893 738; x_wconf 84' lang='lat' dir='ltr'><strong>connivere</strong></span> <span class='ocrx_word' id='word_1_30' title='bbox 913 707 1010 748; x_wconf 87' lang='lat' dir='ltr'><strong>pos-</strong></span> 
     </span>
     <span class='ocr_line' id='line_1_7' title="bbox 122 760 1010 817; baseline -0.009 -11"><span class='ocrx_word' id='word_1_31' title='bbox 122 770 208 817; x_wconf 83' lang='lat' dir='ltr'><strong>set,</strong></span> <span class='ocrx_word' id='word_1_32' title='bbox 242 775 408 805; x_wconf 88' lang='lat' dir='ltr'><strong>sursum</strong></span> <span class='ocrx_word' id='word_1_33' title='bbox 443 761 641 803; x_wconf 85' lang='lat' dir='ltr'><strong>deorsum</strong></span> <span class='ocrx_word' id='word_1_34' title='bbox 679 760 831 801; x_wconf 89' lang='lat' dir='ltr'><strong>ductas</strong></span> <span class='ocrx_word' id='word_1_35' title='bbox 870 760 1010 799; x_wconf 87' lang='lat' dir='ltr'><strong>insue—</strong></span> 
     </span>
     <span class='ocr_line' id='line_1_8' title="bbox 120 822 1010 870; baseline -0.008 0"><span class='ocrx_word' id='word_1_36' title='bbox 120 830 244 870; x_wconf 76' lang='lat' dir='ltr'><strong>bant.</strong></span> <span class='ocrx_word' id='word_1_37' title='bbox 296 825 537 867; x_wconf 85' lang='lat' dir='ltr'><strong>Tuditanus</strong></span> <span class='ocrx_word' id='word_1_38' title='bbox 571 831 716 866; x_wconf 85' lang='lat' dir='ltr'><strong>autem</strong></span> <span class='ocrx_word' id='word_1_39' title='bbox 753 836 898 865; x_wconf 89' lang='lat' dir='ltr'><strong>somno</strong></span> <span class='ocrx_word' id='word_1_40' title='bbox 935 822 1010 863; x_wconf 89' lang='lat' dir='ltr'><strong>diu</strong></span> 
     </span>
     <span class='ocr_line' id='line_1_9' title="bbox 120 888 1010 945; baseline -0.006 -13"><span class='ocrx_word' id='word_1_41' title='bbox 120 890 401 945; x_wconf 84' lang='lat' dir='ltr'><strong>prohibitum,</strong></span> <span class='ocrx_word' id='word_1_42' title='bbox 430 895 561 942; x_wconf 86' lang='lat' dir='ltr'><strong>atque</strong></span> <span class='ocrx_word' id='word_1_43' title='bbox 591 891 652 930; x_wconf 84' lang='lat' dir='ltr'><strong>ita</strong></span> <span class='ocrx_word' id='word_1_44' title='bbox 682 888 770 930; x_wconf 86' lang='lat' dir='ltr'><strong>vita</strong></span> <span class='ocrx_word' id='word_1_45' title='bbox 796 888 1010 941; x_wconf 89' lang='lat' dir='ltr'><strong>privatum</strong></span> 
     </span>
     <span class='ocr_line' id='line_1_10' title="bbox 121 953 1010 1007; baseline -0.004 -11"><span class='ocrx_word' id='word_1_46' title='bbox 121 954 284 997; x_wconf 80' lang='lat' dir='ltr'><strong>refert:</strong></span> <span class='ocrx_word' id='word_1_47' title='bbox 329 954 460 1007; x_wconf 89' lang='lat' dir='ltr'><strong>idque</strong></span> <span class='ocrx_word' id='word_1_48' title='bbox 495 953 568 994; x_wconf 88' lang='lat' dir='ltr'><strong>nbi</strong></span> <span class='ocrx_word' id='word_1_49' title='bbox 603 955 750 994; x_wconf 87' lang='lat' dir='ltr'><strong>Romae</strong></span> <span class='ocrx_word' id='word_1_50' title='bbox 786 953 1010 1005; x_wconf 90' lang='lat' dir='ltr'><strong>cognitum</strong></span> 
     </span>
     <span class='ocr_line' id='line_1_11' title="bbox 123 1017 1011 1070; baseline -0.006 -9"><span class='ocrx_word' id='word_1_51' title='bbox 123 1025 208 1070; x_wconf 77' lang='lat' dir='ltr'><strong>est,</strong></span> <span class='ocrx_word' id='word_1_52' title='bbox 235 1017 520 1060; x_wconf 87' lang='lat' dir='ltr'><strong>nobilissimos</strong></span> <span class='ocrx_word' id='word_1_53' title='bbox 550 1017 780 1057; x_wconf 80' lang='lat' dir='ltr'><strong>Poenorum</strong></span> <span class='ocrx_word' id='word_1_54' title='bbox 815 1017 1011 1068; x_wconf 84' lang='lat' dir='ltr'><strong>captivos</strong></span> 
     </span>
     <span class='ocr_line' id='line_1_12' title="bbox 120 1079 1012 1131; baseline -0.003 -8"><span class='ocrx_word' id='word_1_55' title='bbox 120 1081 272 1123; x_wconf 82' lang='lat' dir='ltr'><strong>liberis</strong></span> <span class='ocrx_word' id='word_1_56' title='bbox 291 1080 446 1131; x_wconf 85' lang='lat' dir='ltr'><strong>Reguli</strong></span> <span class='ocrx_word' id='word_1_57' title='bbox 462 1091 487 1119; x_wconf 87' lang='lat' dir='ltr'><strong>a</strong></span> <span class='ocrx_word' id='word_1_58' title='bbox 500 1079 668 1120; x_wconf 74' lang='lat' dir='ltr'><strong>&#39;Senatu</strong></span> <span class='ocrx_word' id='word_1_59' title='bbox 691 1079 878 1130; x_wconf 87' lang='lat' dir='ltr'><strong>deditos,</strong></span> <span class='ocrx_word' id='word_1_60' title='bbox 896 1086 942 1120; x_wconf 91' lang='lat' dir='ltr'><strong>et</strong></span> <span class='ocrx_word' id='word_1_61' title='bbox 958 1080 1012 1120; x_wconf 88' lang='lat' dir='ltr'><strong>ab</strong></span> 
     </span>
     <span class='ocr_line' id='line_1_13' title="bbox 122 1143 1015 1196; baseline -0.001 -10"><span class='ocrx_word' id='word_1_62' title='bbox 122 1145 204 1196; x_wconf 72' lang='lat' dir='ltr'><strong>nis,</strong></span> <span class='ocrx_word' id='word_1_63' title='bbox 232 1145 274 1185; x_wconf 89' lang='lat' dir='ltr'><strong>in</strong></span> <span class='ocrx_word' id='word_1_64' title='bbox 290 1144 471 1184; x_wconf 81' lang='lat' dir='ltr'><strong>armario</strong></span> <span class='ocrx_word' id='word_1_65' title='bbox 486 1143 722 1184; x_wconf 82' lang='lat' dir='ltr'>muricibus</span> <span class='ocrx_word' id='word_1_66' title='bbox 739 1143 920 1196; x_wconf 79' lang='lat' dir='ltr'><strong>proefixo</strong></span> <span class='ocrx_word' id='word_1_67' title='bbox 941 1143 1015 1185; x_wconf 88' lang='lat' dir='ltr'><strong>de·</strong></span> 
     </span>
     <span class='ocr_line' id='line_1_14' title="bbox 122 1207 1015 1258; baseline -0.004 -8"><span class='ocrx_word' id='word_1_68' title='bbox 122 1209 318 1255; x_wconf 75' lang='lat' dir='ltr'><strong>stitutus,</strong></span> <span class='ocrx_word' id='word_1_69' title='bbox 351 1207 503 1248; x_wconf 88' lang='lat' dir='ltr'><strong>eadem</strong></span> <span class='ocrx_word' id='word_1_70' title='bbox 536 1207 751 1247; x_wconf 89' lang='lat' dir='ltr'><strong>insomnia</strong></span> <span class='ocrx_word' id='word_1_71' title='bbox 781 1208 1015 1258; x_wconf 82' lang='lat' dir='ltr'><strong>cruciatos,</strong></span> 
     </span>
     <span class='ocr_line' id='line_1_15' title="bbox 125 1269 1011 1324; baseline -0.003 -10"><span class='ocrx_word' id='word_1_72' title='bbox 125 1273 357 1314; x_wconf 85' lang='lat' dir='ltr'><strong>interiisse.</strong></span> <span class='ocrx_word' id='word_1_73' title='bbox 406 1273 556 1313; x_wconf 79' lang='lat' dir='ltr'><strong>Oliver.</strong></span> <span class='ocrx_word' id='word_1_74' title='bbox 627 1271 824 1324; x_wconf 85' lang='lat' dir='ltr'><strong>Contigit</strong></span> <span class='ocrx_word' id='word_1_75' title='bbox 860 1269 916 1312; x_wconf 90' lang='lat' dir='ltr'><strong>A.</strong></span> <span class='ocrx_word' id='word_1_76' title='bbox 953 1271 1011 1311; x_wconf 89' lang='lat' dir='ltr'><strong>U.</strong></span> 
     </span>
     <span class='ocr_line' id='line_1_16' title="bbox 124 1346 402 1378; baseline -0.004 0"><span class='ocrx_word' id='word_1_77' title='bbox 124 1346 402 1378; x_wconf 81' lang='lat' dir='ltr'><strong>ccccxcvm.</strong></span> 
     </span>
    </p>

    <p class='ocr_par' dir='ltr' id='par_1_3' title="bbox 180 1397 856 1451">
     <span class='ocr_line' id='line_1_17' title="bbox 180 1397 856 1451; baseline -0.006 -11"><span class='ocrx_word' id='word_1_78' title='bbox 180 1398 352 1450; x_wconf 72' lang='lat' dir='ltr'><strong>Missus]</strong></span> <span class='ocrx_word' id='word_1_79' title='bbox 380 1398 577 1451; x_wconf 87' lang='lat' dir='ltr'><strong>Contigit</strong></span> <span class='ocrx_word' id='word_1_80' title='bbox 596 1397 651 1439; x_wconf 89' lang='lat' dir='ltr'><strong>A.</strong></span> <span class='ocrx_word' id='word_1_81' title='bbox 671 1398 727 1438; x_wconf 89' lang='lat' dir='ltr'><strong>U.</strong></span> <span class='ocrx_word' id='word_1_82' title='bbox 746 1407 856 1437; x_wconf 84' lang='lat' dir='ltr'><strong>nm.</strong></span> 
     </span>
    </p>

    <p class='ocr_par' dir='ltr' id='par_1_4' title="bbox 130 1460 1030 2406">
     <span class='ocr_line' id='line_1_18' title="bbox 186 1460 1020 1515; baseline -0.002 -12"><span class='ocrx_word' id='word_1_83' title='bbox 186 1463 282 1503; x_wconf 75' lang='lat' dir='ltr'><strong>Non</strong></span> <span class='ocrx_word' id='word_1_84' title='bbox 317 1462 501 1515; x_wconf 73' lang='lat' dir='ltr'><strong>ignarus]</strong></span> <span class='ocrx_word' id='word_1_85' title='bbox 547 1462 646 1503; x_wconf 88' lang='lat' dir='ltr'><strong>Hoc</strong></span> <span class='ocrx_word' id='word_1_86' title='bbox 683 1461 795 1502; x_wconf 85' lang='lat' dir='ltr'><strong>idem</strong></span> <span class='ocrx_word' id='word_1_87' title='bbox 836 1460 1020 1502; x_wconf 85' lang='lat' dir='ltr'><strong>affirmat</strong></span> 
     </span>
     <span class='ocr_line' id='line_1_19' title="bbox 131 1524 1018 1576; baseline -0.005 -8"><span class='ocrx_word' id='word_1_88' title='bbox 131 1527 287 1568; x_wconf 84' lang='lat' dir='ltr'><strong>Cicero</strong></span> <span class='ocrx_word' id='word_1_89' title='bbox 323 1527 365 1566; x_wconf 86' lang='lat' dir='ltr'><strong>iu</strong></span> <span class='ocrx_word' id='word_1_90' title='bbox 407 1525 674 1576; x_wconf 78' lang='lat' dir='ltr'><strong>Paradoxi83</strong></span> <span class='ocrx_word' id='word_1_91' title='bbox 719 1525 826 1566; x_wconf 89' lang='lat' dir='ltr'><strong>dicit</strong></span> <span class='ocrx_word' id='word_1_92' title='bbox 877 1524 989 1564; x_wconf 88' lang='lat' dir='ltr'><strong>enim</strong></span> <span class='ocrx_word' id='word_1_93' title='bbox 1007 1538 1018 1564; x_wconf 91' lang='lat'>:</span> 
     </span>
     <span class='ocr_line' id='line_1_20' title="bbox 131 1589 1021 1642; baseline -0.003 -13"><span class='ocrx_word' id='word_1_94' title='bbox 131 1591 144 1613; x_wconf 85' lang='lat'><strong>‘</strong></span> <span class='ocrx_word' id='word_1_95' title='bbox 165 1589 322 1642; x_wconf 81' lang='lat' dir='ltr'>Neque</span> <span class='ocrx_word' id='word_1_96' title='bbox 341 1600 422 1641; x_wconf 87' lang='lat' dir='ltr'><strong>ego</strong></span> <span class='ocrx_word' id='word_1_97' title='bbox 458 1589 522 1628; x_wconf 90' lang='lat' dir='ltr'><strong>M.</strong></span> <span class='ocrx_word' id='word_1_98' title='bbox 560 1589 772 1639; x_wconf 86' lang='lat' dir='ltr'><strong>Regulum</strong></span> <span class='ocrx_word' id='word_1_99' title='bbox 812 1599 1021 1628; x_wconf 77' lang='lat' dir='ltr'><strong>aerumno-</strong></span> 
     </span>
     <span class='ocr_line' id='line_1_21' title="bbox 130 1650 1020 1703; baseline -0.003 -10"><span class='ocrx_word' id='word_1_100' title='bbox 130 1664 242 1703; x_wconf 79' lang='lat' dir='ltr'><strong>sum,</strong></span> <span class='ocrx_word' id='word_1_101' title='bbox 285 1663 367 1692; x_wconf 89' lang='lat' dir='ltr'><strong>nec</strong></span> <span class='ocrx_word' id='word_1_102' title='bbox 405 1650 639 1702; x_wconf 82' lang='lat' dir='ltr'><strong>infelicem,</strong></span> <span class='ocrx_word' id='word_1_103' title='bbox 690 1663 770 1691; x_wconf 87' lang='lat' dir='ltr'><strong>nec</strong></span> <span class='ocrx_word' id='word_1_104' title='bbox 815 1651 1020 1690; x_wconf 87' lang='lat' dir='ltr'><strong>miserum</strong></span> 
     </span>
     <span class='ocr_line' id='line_1_22' title="bbox 131 1715 1022 1770; baseline -0.002 -14"><span class='ocrx_word' id='word_1_105' title='bbox 131 1728 319 1770; x_wconf 83' lang='lat' dir='ltr'><strong>unquam</strong></span> <span class='ocrx_word' id='word_1_106' title='bbox 335 1716 484 1769; x_wconf 85' lang='lat' dir='ltr'><strong>putavi</strong></span> <span class='ocrx_word' id='word_1_107' title='bbox 503 1730 516 1766; x_wconf 87' lang='lat'>;</span> <span class='ocrx_word' id='word_1_108' title='bbox 544 1727 628 1756; x_wconf 86' lang='lat' dir='ltr'><strong>non</strong></span> <span class='ocrx_word' id='word_1_109' title='bbox 642 1716 754 1756; x_wconf 89' lang='lat' dir='ltr'><strong>enim</strong></span> <span class='ocrx_word' id='word_1_110' title='bbox 767 1715 1022 1766; x_wconf 83' lang='lat' dir='ltr'>magnitudo</span> 
     </span>
     <span class='ocr_line' id='line_1_23' title="bbox 130 1780 1019 1832; baseline -0.002 -11"><span class='ocrx_word' id='word_1_111' title='bbox 130 1780 264 1821; x_wconf 78' lang='lat' dir='ltr'><strong>animi</strong></span> <span class='ocrx_word' id='word_1_112' title='bbox 282 1781 559 1822; x_wconf 77' lang='lat' dir='ltr'><strong>cruciabatur</strong></span> <span class='ocrx_word' id='word_1_113' title='bbox 575 1793 601 1821; x_wconf 92' lang='lat' dir='ltr'><strong>a</strong></span> <span class='ocrx_word' id='word_1_114' title='bbox 622 1780 785 1830; x_wconf 84' lang='lat' dir='ltr'><strong>Poenis,</strong></span> <span class='ocrx_word' id='word_1_115' title='bbox 819 1793 904 1821; x_wconf 91' lang='lat' dir='ltr'><strong>non</strong></span> <span class='ocrx_word' id='word_1_116' title='bbox 925 1780 1019 1832; x_wconf 84' lang='lat' dir='ltr'><strong>ejus</strong></span> 
     </span>
     <span class='ocr_line' id='line_1_24' title="bbox 132 1843 1026 1897; baseline -0.003 -12"><span class='ocrx_word' id='word_1_117' title='bbox 132 1844 341 1896; x_wconf 77' lang='lat' dir='ltr'><strong>gravitas,</strong></span> <span class='ocrx_word' id='word_1_118' title='bbox 371 1857 456 1886; x_wconf 89' lang='lat' dir='ltr'><strong>non</strong></span> <span class='ocrx_word' id='word_1_119' title='bbox 487 1844 609 1897; x_wconf 86' lang='lat' dir='ltr'><strong>fides,</strong></span> <span class='ocrx_word' id='word_1_120' title='bbox 643 1857 726 1886; x_wconf 90' lang='lat' dir='ltr'><strong>non</strong></span> <span class='ocrx_word' id='word_1_121' title='bbox 757 1845 845 1885; x_wconf 89' lang='lat' dir='ltr'><strong>ulla</strong></span> <span class='ocrx_word' id='word_1_122' title='bbox 873 1843 1026 1894; x_wconf 87' lang='lat' dir='ltr'><strong>virtus,</strong></span> 
     </span>
     <span class='ocr_line' id='line_1_25' title="bbox 132 1907 1023 1962; baseline -0.001 -14"><span class='ocrx_word' id='word_1_123' title='bbox 132 1920 216 1949; x_wconf 86' lang='lat' dir='ltr'><strong>non</strong></span> <span class='ocrx_word' id='word_1_124' title='bbox 250 1908 436 1962; x_wconf 84' lang='lat' dir='ltr'><strong>deniqne</strong></span> <span class='ocrx_word' id='word_1_125' title='bbox 467 1913 535 1961; x_wconf 77' lang='lat' dir='ltr'><strong>tot</strong></span> <span class='ocrx_word' id='word_1_126' title='bbox 568 1910 775 1950; x_wconf 86' lang='lat' dir='ltr'><strong>virtutum</strong></span> <span class='ocrx_word' id='word_1_127' title='bbox 821 1907 1023 1960; x_wconf 83' lang='lat' dir='ltr'><strong>praesidio</strong></span> 
     </span>
     <span class='ocr_line' id='line_1_26' title="bbox 133 1971 1024 2024; baseline -0.002 -12"><span class='ocrx_word' id='word_1_128' title='bbox 133 1972 324 2014; x_wconf 84' lang='lat' dir='ltr'><strong>munitus</strong></span> <span class='ocrx_word' id='word_1_129' title='bbox 345 1972 527 2022; x_wconf 87' lang='lat' dir='ltr'><strong>animus,</strong></span> <span class='ocrx_word' id='word_1_130' title='bbox 541 1978 750 2024; x_wconf 88' lang='lat' dir='ltr'><strong>tantoque</strong></span> <span class='ocrx_word' id='word_1_131' title='bbox 761 1977 921 2012; x_wconf 87' lang='lat' dir='ltr'><strong>conatu</strong></span> <span class='ocrx_word' id='word_1_132' title='bbox 939 1971 1024 2010; x_wconf 89' lang='lat' dir='ltr'><strong>vir·</strong></span> 
     </span>
     <span class='ocr_line' id='line_1_27' title="bbox 134 2039 1026 2089; baseline -0.004 -12"><span class='ocrx_word' id='word_1_133' title='bbox 134 2041 278 2077; x_wconf 84' lang='lat' dir='ltr'><strong>tntum</strong></span> <span class='ocrx_word' id='word_1_134' title='bbox 296 2041 466 2088; x_wconf 86' lang='lat' dir='ltr'><strong>septus,</strong></span> <span class='ocrx_word' id='word_1_135' title='bbox 487 2049 584 2076; x_wconf 90' lang='lat' dir='ltr'><strong>cum</strong></span> <span class='ocrx_word' id='word_1_136' title='bbox 599 2047 755 2089; x_wconf 87' lang='lat' dir='ltr'><strong>corpus</strong></span> <span class='ocrx_word' id='word_1_137' title='bbox 776 2039 1026 2087; x_wconf 81' lang='lat' dir='ltr'><strong>caperetur,</strong></span> 
     </span>
     <span class='ocr_line' id='line_1_28' title="bbox 132 2096 1027 2152; baseline -0.003 -12"><span class='ocrx_word' id='word_1_138' title='bbox 132 2102 232 2152; x_wconf 86' lang='lat' dir='ltr'><strong>capi</strong></span> <span class='ocrx_word' id='word_1_139' title='bbox 248 2099 343 2152; x_wconf 85' lang='lat' dir='ltr'><strong>ipse</strong></span> <span class='ocrx_word' id='word_1_140' title='bbox 357 2106 477 2140; x_wconf 82' lang='lat' dir='ltr'><strong>certe</strong></span> <span class='ocrx_word' id='word_1_141' title='bbox 493 2112 577 2140; x_wconf 88' lang='lat' dir='ltr'><strong>non</strong></span> <span class='ocrx_word' id='word_1_142' title='bbox 591 2098 761 2152; x_wconf 71' lang='lat' dir='ltr'><strong>potuit!</strong></span> <span class='ocrx_word' id='word_1_143' title='bbox 815 2099 929 2138; x_wconf 89' lang='lat' dir='ltr'><strong>Item</strong></span> <span class='ocrx_word' id='word_1_144' title='bbox 946 2096 1027 2138; x_wconf 87' lang='lat' dir='ltr'><strong>Of-</strong></span> 
     </span>
     <span class='ocr_line' id='line_1_29' title="bbox 132 2162 1030 2215; baseline 0.001 -12"><span class='ocrx_word' id='word_1_145' title='bbox 132 2162 206 2204; x_wconf 84' lang='lat' dir='ltr'><strong>fic.</strong></span> <span class='ocrx_word' id='word_1_146' title='bbox 233 2162 311 2203; x_wconf 91' lang='lat' dir='ltr'><strong>lib.</strong></span> <span class='ocrx_word' id='word_1_147' title='bbox 328 2172 402 2204; x_wconf 83' lang='lat'><strong>111.</strong></span> <span class='ocrx_word' id='word_1_148' title='bbox 428 2165 442 2186; x_wconf 89' lang='lat'>‘</span> <span class='ocrx_word' id='word_1_149' title='bbox 460 2164 556 2205; x_wconf 88' lang='lat' dir='ltr'><strong>Nec</strong></span> <span class='ocrx_word' id='word_1_150' title='bbox 571 2176 674 2204; x_wconf 85' lang='lat' dir='ltr'><strong>vero</strong></span> <span class='ocrx_word' id='word_1_151' title='bbox 694 2173 784 2204; x_wconf 83' lang='lat' dir='ltr'><strong>tum</strong></span> <span class='ocrx_word' id='word_1_152' title='bbox 802 2162 1030 2215; x_wconf 79' lang='lat' dir='ltr'>ignorabat</span> 
     </span>
     <span class='ocr_line' id='line_1_30' title="bbox 134 2225 1026 2277; baseline -0.003 -9"><span class='ocrx_word' id='word_1_153' title='bbox 134 2227 248 2268; x_wconf 80' lang='lat' dir='ltr'><strong>sead</strong></span> <span class='ocrx_word' id='word_1_154' title='bbox 263 2227 608 2268; x_wconf 87' lang='lat' dir='ltr'><strong>crudelissimum</strong></span> <span class='ocrx_word' id='word_1_155' title='bbox 621 2228 805 2277; x_wconf 86' lang='lat' dir='ltr'><strong>hostem,</strong></span> <span class='ocrx_word' id='word_1_156' title='bbox 821 2233 867 2268; x_wconf 90' lang='lat' dir='ltr'><strong>et</strong></span> <span class='ocrx_word' id='word_1_157' title='bbox 879 2225 932 2266; x_wconf 89' lang='lat' dir='ltr'><strong>ad</strong></span> <span class='ocrx_word' id='word_1_158' title='bbox 953 2238 1026 2265; x_wconf 84' lang='lat' dir='ltr'><strong>ex-</strong></span> 
     </span>
     <span class='ocr_line' id='line_1_31' title="bbox 134 2290 1028 2344; baseline 0 -14"><span class='ocrx_word' id='word_1_159' title='bbox 134 2290 299 2343; x_wconf 78' lang='lat' dir='ltr'><strong>quisita</strong></span> <span class='ocrx_word' id='word_1_160' title='bbox 316 2290 530 2344; x_wconf 85' lang='lat' dir='ltr'><strong>supplicia</strong></span> <span class='ocrx_word' id='word_1_161' title='bbox 546 2290 781 2343; x_wconf 88' lang='lat' dir='ltr'><strong>proficisci,</strong></span> <span class='ocrx_word' id='word_1_162' title='bbox 796 2290 872 2330; x_wconf 91' lang='lat' dir='ltr'><strong>sed</strong></span> <span class='ocrx_word' id='word_1_163' title='bbox 888 2290 1028 2343; x_wconf 83' lang='lat' dir='ltr'><strong>jusju-</strong></span> 
     </span>
     <span class='ocr_line' id='line_1_32' title="bbox 137 2352 829 2406; baseline 0.001 -14"><span class='ocrx_word' id='word_1_164' title='bbox 137 2352 319 2398; x_wconf 80' lang='lat' dir='ltr'><strong>randum</strong></span> <span class='ocrx_word' id='word_1_165' title='bbox 338 2354 596 2396; x_wconf 84' lang='lat' dir='ltr'><strong>servandum</strong></span> <span class='ocrx_word' id='word_1_166' title='bbox 611 2353 829 2406; x_wconf 81' lang='lat' dir='ltr'><strong>putabat.&#39;</strong></span> 
     </span>
    </p>

    <p class='ocr_par' dir='ltr' id='par_1_5' title="bbox 143 2415 1026 2520">
     <span class='ocr_line' id='line_1_33' title="bbox 193 2415 1026 2468; baseline 0.002 -14"><span class='ocrx_word' id='word_1_167' title='bbox 193 2415 365 2466; x_wconf 73' lang='lat' dir='ltr'><strong>Infestos</strong></span> <span class='ocrx_word' id='word_1_168' title='bbox 381 2416 510 2468; x_wconf 84' lang='lat' dir='ltr'><strong>Deos]</strong></span> <span class='ocrx_word' id='word_1_169' title='bbox 537 2417 712 2467; x_wconf 83' lang='lat' dir='ltr'><strong>Quippe</strong></span> <span class='ocrx_word' id='word_1_170' title='bbox 725 2428 906 2468; x_wconf 84' lang='lat' dir='ltr'><strong>quorum</strong></span> <span class='ocrx_word' id='word_1_171' title='bbox 920 2417 1026 2456; x_wconf 90' lang='lat' dir='ltr'><strong>mul-</strong></span> 
     </span>
     <span class='ocr_line' id='line_1_34' title="bbox 143 2477 782 2520; baseline 0.002 -2"><span class='ocrx_word' id='word_1_172' title='bbox 143 2483 191 2519; x_wconf 78' lang='lat' dir='ltr'><strong>ta</strong></span> <span class='ocrx_word' id='word_1_173' title='bbox 210 2477 364 2520; x_wconf 85' lang='lat' dir='ltr'><strong>funera</strong></span> <span class='ocrx_word' id='word_1_174' title='bbox 381 2479 597 2520; x_wconf 81' lang='lat' dir='ltr'>ediderat.</span> <span class='ocrx_word' id='word_1_175' title='bbox 629 2479 782 2519; x_wconf 79' lang='lat' dir='ltr'><strong>Oliver.</strong></span> 
     </span>
    </p>

    <p class='ocr_par' dir='ltr' id='par_1_6' title="bbox 137 2541 1027 2721">
     <span class='ocr_line' id='line_1_35' title="bbox 191 2541 1027 2594; baseline -0.004 -11"><span class='ocrx_word' id='word_1_176' title='bbox 191 2541 364 2591; x_wconf 63' lang='lat' dir='ltr'><strong>Infestos</strong></span> <span class='ocrx_word' id='word_1_177' title='bbox 381 2542 506 2594; x_wconf 84' lang='lat' dir='ltr'><strong>Deos]</strong></span> <span class='ocrx_word' id='word_1_178' title='bbox 543 2542 684 2582; x_wconf 84' lang='lat' dir='ltr'>Abest</span> <span class='ocrx_word' id='word_1_179' title='bbox 705 2554 786 2582; x_wconf 83' lang='lat' dir='ltr'><strong>vox</strong></span> <span class='ocrx_word' id='word_1_180' title='bbox 808 2541 1027 2592; x_wconf 82' lang='lat' dir='ltr'><strong>posterior</strong></span> 
     </span>
     <span class='ocr_line' id='line_1_36' title="bbox 137 2605 1025 2658; baseline 0 -12"><span class='ocrx_word' id='word_1_181' title='bbox 137 2605 260 2646; x_wconf 81' lang='lat' dir='ltr'><strong>alib.</strong></span> <span class='ocrx_word' id='word_1_182' title='bbox 279 2606 396 2646; x_wconf 85' lang='lat' dir='ltr'><strong>Dan.</strong></span> <span class='ocrx_word' id='word_1_183' title='bbox 432 2613 478 2646; x_wconf 87' lang='lat' dir='ltr'><strong>et</strong></span> <span class='ocrx_word' id='word_1_184' title='bbox 495 2606 749 2657; x_wconf 83' lang='lat' dir='ltr'><strong>abestjure.</strong></span> <span class='ocrx_word' id='word_1_185' title='bbox 804 2605 1025 2658; x_wconf 83' lang='lat' dir='ltr'><strong>Intelligit</strong></span> 
     </span>
     <span class='ocr_line' id='line_1_37' title="bbox 140 2668 702 2721; baseline 0 -11"><span class='ocrx_word' id='word_1_186' title='bbox 140 2668 539 2721; x_wconf 69' lang='lat' dir='ltr'><strong>carthaginienses.</strong></span> <span class='ocrx_word' id='word_1_187' title='bbox 571 2671 702 2710; x_wconf 75' lang='lat' dir='ltr'><strong>Celer.</strong></span> 
     </span>
    </p>

    <p class='ocr_par' dir='ltr' id='par_1_7' title="bbox 139 2732 1026 2972">
     <span class='ocr_line' id='line_1_38' title="bbox 198 2732 1024 2786; baseline 0.001 -14"><span class='ocrx_word' id='word_1_188' title='bbox 198 2732 345 2772; x_wconf 67' lang='lat' dir='ltr'><strong>Verum</strong></span> <span class='ocrx_word' id='word_1_189' title='bbox 355 2732 650 2784; x_wconf 72' lang='lat' dir='ltr'><strong>hisjuraverat]</strong></span> <span class='ocrx_word' id='word_1_190' title='bbox 682 2733 788 2778; x_wconf 79' lang='lat' dir='ltr'><strong>Quia</strong></span> <span class='ocrx_word' id='word_1_191' title='bbox 803 2734 1024 2786; x_wconf 86' lang='lat' dir='ltr'><strong>vulgatum</strong></span> 
     </span>
     <span class='ocr_line' id='line_1_39' title="bbox 139 2794 1025 2849; baseline 0.005 -15"><span class='ocrx_word' id='word_1_192' title='bbox 139 2794 186 2834; x_wconf 87' lang='lat' dir='ltr'><strong>in</strong></span> <span class='ocrx_word' id='word_1_193' title='bbox 204 2795 437 2848; x_wconf 85' lang='lat' dir='ltr'><strong>Campensi</strong></span> <span class='ocrx_word' id='word_1_194' title='bbox 457 2809 541 2836; x_wconf 90' lang='lat' dir='ltr'><strong>non</strong></span> <span class='ocrx_word' id='word_1_195' title='bbox 559 2796 757 2848; x_wconf 88' lang='lat' dir='ltr'><strong>habetur,</strong></span> <span class='ocrx_word' id='word_1_196' title='bbox 792 2804 839 2838; x_wconf 91' lang='lat' dir='ltr'><strong>et</strong></span> <span class='ocrx_word' id='word_1_197' title='bbox 876 2810 1025 2849; x_wconf 88' lang='lat' dir='ltr'><strong>super-</strong></span> 
     </span>
     <span class='ocr_line' id='line_1_40' title="bbox 139 2856 1026 2914; baseline 0.005 -17"><span class='ocrx_word' id='word_1_198' title='bbox 139 2856 268 2898; x_wconf 85' lang='lat' dir='ltr'><strong>fluum</strong></span> <span class='ocrx_word' id='word_1_199' title='bbox 289 2867 374 2909; x_wconf 87' lang='lat' dir='ltr'><strong>est,</strong></span> <span class='ocrx_word' id='word_1_200' title='bbox 402 2859 671 2914; x_wconf 84' lang='lat' dir='ltr'><strong>hiulcamque</strong></span> <span class='ocrx_word' id='word_1_201' title='bbox 692 2861 838 2901; x_wconf 85' lang='lat' dir='ltr'><strong>reddit</strong></span> <span class='ocrx_word' id='word_1_202' title='bbox 854 2862 1026 2902; x_wconf 91' lang='lat' dir='ltr'><strong>clausu·</strong></span> 
     </span>
     <span class='ocr_line' id='line_1_41' title="bbox 145 2921 459 2972; baseline 0.01 -12"><span class='ocrx_word' id='word_1_203' title='bbox 145 2921 245 2962; x_wconf 70' lang='lat' dir='ltr'><strong>lam.</strong></span> <span class='ocrx_word' id='word_1_204' title='bbox 273 2922 459 2972; x_wconf 75' lang='lat' dir='ltr'><strong>Pighius.</strong></span> 
     </span>
    </p>

    <p class='ocr_par' dir='ltr' id='par_1_8' title="bbox 137 2985 1027 3292">
     <span class='ocr_line' id='line_1_42' title="bbox 194 2985 1023 3042; baseline 0.004 -17"><span class='ocrx_word' id='word_1_205' title='bbox 194 2985 421 3027; x_wconf 78' lang='lat' dir='ltr'><strong>Potuerunt</strong></span> <span class='ocrx_word' id='word_1_206' title='bbox 437 2987 611 3038; x_wconf 83' lang='lat' dir='ltr'><strong>profecto</strong></span> <span class='ocrx_word' id='word_1_207' title='bbox 629 2988 727 3040; x_wconf 77' lang='lat' dir='ltr'><strong>Dii]</strong></span> <span class='ocrx_word' id='word_1_208' title='bbox 773 2989 859 3029; x_wconf 86' lang='lat' dir='ltr'><strong>Hic</strong></span> <span class='ocrx_word' id='word_1_209' title='bbox 901 2989 1023 3042; x_wconf 85' lang='lat' dir='ltr'><strong>quasi</strong></span> 
     </span>
     <span class='ocr_line' id='line_1_43' title="bbox 141 3049 1026 3103; baseline 0.001 -13"><span class='ocrx_word' id='word_1_210' title='bbox 141 3049 355 3101; x_wconf 81' lang='lat' dir='ltr'><strong>deplorat,</strong></span> <span class='ocrx_word' id='word_1_211' title='bbox 374 3050 590 3103; x_wconf 83' lang='lat' dir='ltr'><strong>indignam</strong></span> <span class='ocrx_word' id='word_1_212' title='bbox 607 3052 729 3091; x_wconf 83' lang='lat' dir='ltr'><strong>Atilii</strong></span> <span class='ocrx_word' id='word_1_213' title='bbox 743 3052 897 3102; x_wconf 88' lang='lat' dir='ltr'><strong>Reguli</strong></span> <span class='ocrx_word' id='word_1_214' title='bbox 916 3064 1026 3092; x_wconf 89' lang='lat' dir='ltr'><strong>mor-</strong></span> 
     </span>
     <span class='ocr_line' id='line_1_44' title="bbox 144 3114 1027 3169; baseline 0.003 -16"><span class='ocrx_word' id='word_1_215' title='bbox 144 3119 254 3154; x_wconf 83' lang='lat' dir='ltr'><strong>tem:</strong></span> <span class='ocrx_word' id='word_1_216' title='bbox 283 3114 391 3155; x_wconf 87' lang='lat' dir='ltr'><strong>dicit</strong></span> <span class='ocrx_word' id='word_1_217' title='bbox 410 3116 537 3165; x_wconf 90' lang='lat' dir='ltr'><strong>enim,</strong></span> <span class='ocrx_word' id='word_1_218' title='bbox 570 3118 604 3156; x_wconf 86' lang='lat' dir='ltr'><strong>si</strong></span> <span class='ocrx_word' id='word_1_219' title='bbox 627 3115 728 3169; x_wconf 90' lang='lat' dir='ltr'><strong>quid</strong></span> <span class='ocrx_word' id='word_1_220' title='bbox 753 3117 928 3167; x_wconf 86' lang='lat' dir='ltr'><strong>pietatis</strong></span> <span class='ocrx_word' id='word_1_221' title='bbox 944 3123 1027 3167; x_wconf 92' lang='lat' dir='ltr'><strong>est,</strong></span> 
     </span>
     <span class='ocr_line' id='line_1_45' title="bbox 138 3177 1024 3229; baseline 0.001 -11"><span class='ocrx_word' id='word_1_222' title='bbox 138 3183 378 3229; x_wconf 85' lang='lat' dir='ltr'><strong>potnerunt</strong></span> <span class='ocrx_word' id='word_1_223' title='bbox 404 3179 480 3218; x_wconf 90' lang='lat' dir='ltr'><strong>Dii</strong></span> <span class='ocrx_word' id='word_1_224' title='bbox 509 3180 639 3219; x_wconf 84' lang='lat' dir='ltr'><strong>lenire</strong></span> <span class='ocrx_word' id='word_1_225' title='bbox 669 3177 891 3220; x_wconf 87' lang='lat' dir='ltr'><strong>efferatam</strong></span> <span class='ocrx_word' id='word_1_226' title='bbox 921 3179 1024 3220; x_wconf 84' lang='lat' dir='ltr'><strong>Car-</strong></span> 
     </span>
     <span class='ocr_line' id='line_1_46' title="bbox 137 3240 810 3292; baseline 0.004 -13"><span class='ocrx_word' id='word_1_227' title='bbox 137 3240 475 3292; x_wconf 64' lang='lat' dir='ltr'><strong>thaginiensium</strong></span> <span class='ocrx_word' id='word_1_228' title='bbox 493 3242 810 3282; x_wconf 84' lang='lat' dir='ltr'><strong>crudelitatem.</strong></span> 
     </span>
    </p>

    <p class='ocr_par' dir='ltr' id='par_1_9' title="bbox 141 3306 1027 3410">
     <span class='ocr_line' id='line_1_47' title="bbox 203 3306 1027 3359; baseline 0.004 -15"><span class='ocrx_word' id='word_1_229' title='bbox 203 3306 277 3345; x_wconf 77' lang='lat' dir='ltr'><strong>Uti</strong></span> <span class='ocrx_word' id='word_1_230' title='bbox 296 3306 462 3346; x_wconf 72' lang='lat' dir='ltr'><strong>moribus</strong></span> <span class='ocrx_word' id='word_1_231' title='bbox 477 3306 578 3358; x_wconf 78' lang='lat' dir='ltr'><strong>suis]</strong></span> <span class='ocrx_word' id='word_1_232' title='bbox 607 3307 694 3350; x_wconf 83' lang='lat' dir='ltr'><strong>Qui</strong></span> <span class='ocrx_word' id='word_1_233' title='bbox 719 3318 892 3358; x_wconf 84' lang='lat' dir='ltr'><strong>semper</strong></span> <span class='ocrx_word' id='word_1_234' title='bbox 928 3318 1027 3359; x_wconf 88' lang='lat' dir='ltr'><strong>per-</strong></span> 
     </span>
     <span class='ocr_line' id='line_1_48' title="bbox 141 3367 720 3410; baseline 0.003 -2"><span class='ocrx_word' id='word_1_235' title='bbox 141 3367 218 3408; x_wconf 86' lang='lat' dir='ltr'><strong>fidi</strong></span> <span class='ocrx_word' id='word_1_236' title='bbox 242 3374 288 3409; x_wconf 87' lang='lat' dir='ltr'><strong>et</strong></span> <span class='ocrx_word' id='word_1_237' title='bbox 308 3371 511 3410; x_wconf 87' lang='lat' dir='ltr'><strong>immanes</strong></span> <span class='ocrx_word' id='word_1_238' title='bbox 530 3370 720 3410; x_wconf 87' lang='lat' dir='ltr'><strong>fuerant.</strong></span> 
     </span>
    </p>

    <p class='ocr_par' dir='ltr' id='par_1_10' title="bbox 144 3431 1026 3612">
     <span class='ocr_line' id='line_1_49' title="bbox 201 3431 1026 3484; baseline 0.006 -15"><span class='ocrx_word' id='word_1_239' title='bbox 201 3431 333 3470; x_wconf 78' lang='lat' dir='ltr'><strong>Tertio</strong></span> <span class='ocrx_word' id='word_1_240' title='bbox 375 3433 522 3472; x_wconf 74' lang='lat' dir='ltr'><strong>Punico</strong></span> <span class='ocrx_word' id='word_1_241' title='bbox 559 3432 675 3484; x_wconf 80' lang='lat' dir='ltr'><strong>bello]</strong></span> <span class='ocrx_word' id='word_1_242' title='bbox 702 3433 893 3473; x_wconf 87' lang='lat' dir='ltr'><strong>Tametsi</strong></span> <span class='ocrx_word' id='word_1_243' title='bbox 913 3445 1026 3474; x_wconf 86' lang='lat' dir='ltr'><strong>nnnc</strong></span> 
     </span>
     <span class='ocr_line' id='line_1_50' title="bbox 144 3493 1025 3547; baseline 0.003 -15"><span class='ocrx_word' id='word_1_244' title='bbox 144 3493 312 3544; x_wconf 79' lang='lat' dir='ltr'><strong>quidem</strong></span> <span class='ocrx_word' id='word_1_245' title='bbox 334 3495 374 3534; x_wconf 89' lang='lat' dir='ltr'><strong>id</strong></span> <span class='ocrx_word' id='word_1_246' title='bbox 397 3496 818 3547; x_wconf 79' lang='lat' dir='ltr'><strong>Carthaginiensibus</strong></span> <span class='ocrx_word' id='word_1_247' title='bbox 853 3508 1025 3537; x_wconf 90' lang='lat' dir='ltr'><strong>conces-</strong></span> 
     </span>
     <span class='ocr_line' id='line_1_51' title="bbox 146 3557 1026 3612; baseline 0.006 -18"><span class='ocrx_word' id='word_1_248' title='bbox 146 3565 257 3606; x_wconf 75' lang='lat' dir='ltr'><strong>sere,</strong></span> <span class='ocrx_word' id='word_1_249' title='bbox 274 3557 344 3597; x_wconf 83' lang='lat' dir='ltr'><strong>Dii</strong></span> <span class='ocrx_word' id='word_1_250' title='bbox 362 3564 503 3599; x_wconf 86' lang='lat' dir='ltr'><strong>tamen</strong></span> <span class='ocrx_word' id='word_1_251' title='bbox 525 3566 622 3611; x_wconf 88' lang='lat' dir='ltr'><strong>post</strong></span> <span class='ocrx_word' id='word_1_252' title='bbox 641 3560 803 3612; x_wconf 84' lang='lat' dir='ltr'><strong>aliquot</strong></span> <span class='ocrx_word' id='word_1_253' title='bbox 823 3571 954 3600; x_wconf 90' lang='lat' dir='ltr'><strong>annos</strong></span> <span class='ocrx_word' id='word_1_254' title='bbox 973 3560 1026 3599; x_wconf 89' lang='lat' dir='ltr'><strong>de</strong></span> 
     </span>
    </p>
   </div>
   <div class='ocr_carea' id='block_1_3' title="bbox 1856 300 1965 352">
    <p class='ocr_par' dir='ltr' id='par_1_11' title="bbox 1856 300 1965 352">
     <span class='ocr_line' id='line_1_52' title="bbox 1856 300 1965 352; baseline 0 0"><span class='ocrx_word' id='word_1_255' title='bbox 1856 300 1965 352; x_wconf 69' lang='lat'><strong>925</strong></span> 
     </span>
    </p>
   </div>
   <div class='ocr_carea' id='block_1_4' title="bbox 1074 434 1982 3614">
    <p class='ocr_par' dir='ltr' id='par_1_12' title="bbox 1074 434 1968 1002">
     <span class='ocr_line' id='line_1_53' title="bbox 1078 434 1965 488; baseline -0.006 -12"><span class='ocrx_word' id='word_1_256' title='bbox 1078 437 1163 476; x_wconf 84' lang='lat' dir='ltr'><strong>illis</strong></span> <span class='ocrx_word' id='word_1_257' title='bbox 1183 447 1348 488; x_wconf 84' lang='lat' dir='ltr'><strong>graves,</strong></span> <span class='ocrx_word' id='word_1_258' title='bbox 1374 434 1571 488; x_wconf 85' lang='lat' dir='ltr'><strong>quamvis</strong></span> <span class='ocrx_word' id='word_1_259' title='bbox 1590 443 1724 483; x_wconf 83' lang='lat' dir='ltr'><strong>seras,</strong></span> <span class='ocrx_word' id='word_1_260' title='bbox 1743 442 1965 483; x_wconf 86' lang='lat' dir='ltr'><strong>sumpsere</strong></span> 
     </span>
     <span class='ocr_line' id='line_1_54' title="bbox 1079 494 1966 551; baseline -0.007 -11"><span class='ocrx_word' id='word_1_261' title='bbox 1079 511 1252 551; x_wconf 84' lang='lat' dir='ltr'><strong>poenas3</strong></span> <span class='ocrx_word' id='word_1_262' title='bbox 1300 511 1397 539; x_wconf 89' lang='lat' dir='ltr'><strong>nam</strong></span> <span class='ocrx_word' id='word_1_263' title='bbox 1426 497 1576 537; x_wconf 86' lang='lat' dir='ltr'><strong>urbem</strong></span> <span class='ocrx_word' id='word_1_264' title='bbox 1612 506 1761 536; x_wconf 87' lang='lat' dir='ltr'><strong>eorum</strong></span> <span class='ocrx_word' id='word_1_265' title='bbox 1803 494 1966 535; x_wconf 89' lang='lat' dir='ltr'><strong>delevit</strong></span> 
     </span>
     <span class='ocr_line' id='line_1_55' title="bbox 1075 559 1964 615; baseline -0.01 -11"><span class='ocrx_word' id='word_1_266' title='bbox 1075 563 1223 615; x_wconf 83' lang='lat' dir='ltr'><strong>Scipio</strong></span> <span class='ocrx_word' id='word_1_267' title='bbox 1244 562 1508 603; x_wconf 87' lang='lat' dir='ltr'><strong>AEmilianus.</strong></span> <span class='ocrx_word' id='word_1_268' title='bbox 1565 559 1760 599; x_wconf 85' lang='lat' dir='ltr'><strong>Primum</strong></span> <span class='ocrx_word' id='word_1_269' title='bbox 1781 569 1964 610; x_wconf 86' lang='lat' dir='ltr'><strong>namque</strong></span> 
     </span>
     <span class='ocr_line' id='line_1_56' title="bbox 1076 621 1965 675; baseline -0.008 -8"><span class='ocrx_word' id='word_1_270' title='bbox 1076 626 1236 667; x_wconf 90' lang='lat' dir='ltr'><strong>bellum</strong></span> <span class='ocrx_word' id='word_1_271' title='bbox 1257 624 1451 667; x_wconf 90' lang='lat' dir='ltr'><strong>confecit</strong></span> <span class='ocrx_word' id='word_1_272' title='bbox 1468 624 1694 675; x_wconf 85' lang='lat' dir='ltr'><strong>Lutacius,</strong></span> <span class='ocrx_word' id='word_1_273' title='bbox 1727 621 1965 662; x_wconf 87' lang='lat' dir='ltr'><strong>secundum</strong></span> 
     </span>
     <span class='ocr_line' id='line_1_57' title="bbox 1074 684 1967 742; baseline -0.007 -12"><span class='ocrx_word' id='word_1_274' title='bbox 1074 689 1311 730; x_wconf 83' lang='lat' dir='ltr'><strong>Africanus</strong></span> <span class='ocrx_word' id='word_1_275' title='bbox 1351 690 1562 742; x_wconf 86' lang='lat' dir='ltr'><strong>superior,</strong></span> <span class='ocrx_word' id='word_1_276' title='bbox 1599 687 1778 728; x_wconf 84' lang='lat' dir='ltr'><strong>tertium</strong></span> <span class='ocrx_word' id='word_1_277' title='bbox 1816 684 1967 737; x_wconf 89' lang='lat' dir='ltr'><strong>Scipio</strong></span> 
     </span>
     <span class='ocr_line' id='line_1_58' title="bbox 1074 749 1967 807; baseline -0.006 -14"><span class='ocrx_word' id='word_1_278' title='bbox 1074 753 1346 805; x_wconf 86' lang='lat' dir='ltr'><strong>AEmilianus,</strong></span> <span class='ocrx_word' id='word_1_279' title='bbox 1374 754 1446 807; x_wconf 89' lang='lat' dir='ltr'><strong>qui</strong></span> <span class='ocrx_word' id='word_1_280' title='bbox 1475 753 1617 794; x_wconf 86' lang='lat' dir='ltr'><strong>dictus</strong></span> <span class='ocrx_word' id='word_1_281' title='bbox 1644 755 1712 791; x_wconf 89' lang='lat' dir='ltr'><strong>est</strong></span> <span class='ocrx_word' id='word_1_282' title='bbox 1729 749 1967 790; x_wconf 85' lang='lat' dir='ltr'><strong>Africanus</strong></span> 
     </span>
     <span class='ocr_line' id='line_1_59' title="bbox 1076 814 1966 868; baseline -0.004 -11"><span class='ocrx_word' id='word_1_283' title='bbox 1076 817 1270 860; x_wconf 83' lang='lat' dir='ltr'><strong>inferior.</strong></span> <span class='ocrx_word' id='word_1_284' title='bbox 1330 818 1514 859; x_wconf 88' lang='lat' dir='ltr'><strong>Constat</strong></span> <span class='ocrx_word' id='word_1_285' title='bbox 1543 822 1705 868; x_wconf 89' lang='lat' dir='ltr'><strong>autem,</strong></span> <span class='ocrx_word' id='word_1_286' title='bbox 1730 820 1842 856; x_wconf 83' lang='lat' dir='ltr'><strong>teste</strong></span> <span class='ocrx_word' id='word_1_287' title='bbox 1881 814 1966 854; x_wconf 87' lang='lat' dir='ltr'><strong>Eu·</strong></span> 
     </span>
     <span class='ocr_line' id='line_1_60' title="bbox 1077 883 1968 936; baseline -0.004 -13"><span class='ocrx_word' id='word_1_288' title='bbox 1077 883 1239 936; x_wconf 85' lang='lat' dir='ltr'><strong>tropio‚</strong></span> <span class='ocrx_word' id='word_1_289' title='bbox 1271 883 1576 935; x_wconf 70' lang='lat' dir='ltr'><strong>Carthaginem</strong></span> <span class='ocrx_word' id='word_1_290' title='bbox 1598 894 1708 922; x_wconf 86' lang='lat' dir='ltr'><strong>anno</strong></span> <span class='ocrx_word' id='word_1_291' title='bbox 1728 892 1827 921; x_wconf 85' lang='lat' dir='ltr'><strong>Dcc.</strong></span> <span class='ocrx_word' id='word_1_292' title='bbox 1854 884 1968 932; x_wconf 89' lang='lat' dir='ltr'><strong>post-</strong></span> 
     </span>
     <span class='ocr_line' id='line_1_61' title="bbox 1078 946 1926 1002; baseline -0.005 -13"><span class='ocrx_word' id='word_1_293' title='bbox 1078 961 1206 1002; x_wconf 84' lang='lat' dir='ltr'><strong>quam</strong></span> <span class='ocrx_word' id='word_1_294' title='bbox 1226 948 1402 989; x_wconf 87' lang='lat' dir='ltr'><strong>condita</strong></span> <span class='ocrx_word' id='word_1_295' title='bbox 1417 947 1517 996; x_wconf 88' lang='lat' dir='ltr'><strong>fuit,</strong></span> <span class='ocrx_word' id='word_1_296' title='bbox 1537 947 1739 987; x_wconf 84' lang='lat' dir='ltr'><strong>deletam.</strong></span> <span class='ocrx_word' id='word_1_297' title='bbox 1777 946 1926 986; x_wconf 80' lang='lat' dir='ltr'><strong>Oliver.</strong></span> 
     </span>
    </p>

    <p class='ocr_par' dir='ltr' id='par_1_13' title="bbox 1078 1008 1982 2915">
     <span class='ocr_line' id='line_1_62' title="bbox 1130 1008 1971 1064; baseline -0.005 -11"><span class='ocrx_word' id='word_1_298' title='bbox 1130 1012 1154 1064; x_wconf 54' lang='grc' dir='ltr'>ᾧ</span> <span class='ocrx_word' id='word_1_299' title='bbox 1183 1015 1232 1052; x_wconf 90' lang='grc'><strong>15</strong></span> <span class='ocrx_word' id='word_1_300' title='bbox 1266 1013 1424 1058; x_wconf 83' lang='lat' dir='ltr'><strong>Quanto</strong></span> <span class='ocrx_word' id='word_1_301' title='bbox 1438 1015 1581 1051; x_wconf 75' lang='lat' dir='ltr'><strong>nostrae</strong></span> <span class='ocrx_word' id='word_1_302' title='bbox 1591 1010 1771 1050; x_wconf 81' lang='lat' dir='ltr'><strong>civitatis</strong></span> <span class='ocrx_word' id='word_1_303' title='bbox 1781 1008 1971 1060; x_wconf 76' lang='lat' dir='ltr'><strong>Senatus]</strong></span> 
     </span>
     <span class='ocr_line' id='line_1_63' title="bbox 1078 1075 1972 1128; baseline -0.003 -12"><span class='ocrx_word' id='word_1_304' title='bbox 1078 1076 1188 1116; x_wconf 89' lang='lat' dir='ltr'><strong>Post</strong></span> <span class='ocrx_word' id='word_1_305' title='bbox 1207 1076 1478 1116; x_wconf 88' lang='lat' dir='ltr'><strong>Cannensem</strong></span> <span class='ocrx_word' id='word_1_306' title='bbox 1498 1075 1682 1126; x_wconf 86' lang='lat' dir='ltr'><strong>cladem,</strong></span> <span class='ocrx_word' id='word_1_307' title='bbox 1702 1087 1797 1128; x_wconf 84' lang='lat' dir='ltr'><strong>quae</strong></span> <span class='ocrx_word' id='word_1_308' title='bbox 1818 1085 1972 1125; x_wconf 87' lang='lat' dir='ltr'><strong>accep-</strong></span> 
     </span>
     <span class='ocr_line' id='line_1_64' title="bbox 1081 1137 1971 1181; baseline -0.004 -1"><span class='ocrx_word' id='word_1_309' title='bbox 1081 1146 1123 1181; x_wconf 85' lang='lat' dir='ltr'><strong>ta</strong></span> <span class='ocrx_word' id='word_1_310' title='bbox 1156 1145 1224 1180; x_wconf 86' lang='lat' dir='ltr'><strong>est</strong></span> <span class='ocrx_word' id='word_1_311' title='bbox 1259 1140 1465 1180; x_wconf 90' lang='lat' dir='ltr'><strong>Terentio</strong></span> <span class='ocrx_word' id='word_1_312' title='bbox 1518 1140 1714 1180; x_wconf 83' lang='lat' dir='ltr'><strong>Varrone</strong></span> <span class='ocrx_word' id='word_1_313' title='bbox 1749 1144 1796 1179; x_wconf 89' lang='lat' dir='ltr'><strong>et</strong></span> <span class='ocrx_word' id='word_1_314' title='bbox 1832 1137 1971 1177; x_wconf 89' lang='lat' dir='ltr'><strong>Paulo</strong></span> 
     </span>
     <span class='ocr_line' id='line_1_65' title="bbox 1079 1201 1972 1256; baseline -0.003 -12"><span class='ocrx_word' id='word_1_315' title='bbox 1079 1204 1251 1244; x_wconf 85' lang='lat' dir='ltr'><strong>AEmilio</strong></span> <span class='ocrx_word' id='word_1_316' title='bbox 1285 1204 1404 1245; x_wconf 88' lang='lat' dir='ltr'><strong>Coss.</strong></span> <span class='ocrx_word' id='word_1_317' title='bbox 1440 1203 1555 1256; x_wconf 86' lang='lat' dir='ltr'><strong>apud</strong></span> <span class='ocrx_word' id='word_1_318' title='bbox 1595 1205 1763 1245; x_wconf 89' lang='lat' dir='ltr'><strong>Cannas</strong></span> <span class='ocrx_word' id='word_1_319' title='bbox 1800 1201 1972 1256; x_wconf 77' lang='lat' dir='ltr'><strong>Apuliae</strong></span> 
     </span>
     <span class='ocr_line' id='line_1_66' title="bbox 1082 1266 1971 1318; baseline -0.001 -12"><span class='ocrx_word' id='word_1_320' title='bbox 1082 1267 1240 1318; x_wconf 87' lang='lat' dir='ltr'><strong>vicum,</strong></span> <span class='ocrx_word' id='word_1_321' title='bbox 1273 1267 1355 1307; x_wconf 87' lang='lat' dir='ltr'><strong>hac</strong></span> <span class='ocrx_word' id='word_1_322' title='bbox 1388 1267 1575 1307; x_wconf 86' lang='lat' dir='ltr'><strong>maxime</strong></span> <span class='ocrx_word' id='word_1_323' title='bbox 1611 1266 1735 1308; x_wconf 86' lang='lat' dir='ltr'><strong>clade</strong></span> <span class='ocrx_word' id='word_1_324' title='bbox 1768 1266 1971 1306; x_wconf 90' lang='lat' dir='ltr'><strong>nobilita-</strong></span> 
     </span>
     <span class='ocr_line' id='line_1_67' title="bbox 1080 1331 1971 1384; baseline -0.001 -13"><span class='ocrx_word' id='word_1_325' title='bbox 1080 1337 1190 1382; x_wconf 89' lang='lat' dir='ltr'><strong>tum,</strong></span> <span class='ocrx_word' id='word_1_326' title='bbox 1217 1331 1294 1371; x_wconf 89' lang='lat' dir='ltr'><strong>ubi</strong></span> <span class='ocrx_word' id='word_1_327' title='bbox 1312 1344 1440 1384; x_wconf 81' lang='lat' dir='ltr'><strong>supra</strong></span> <span class='ocrx_word' id='word_1_328' title='bbox 1459 1342 1534 1372; x_wconf 75' lang='lat' dir='ltr'><strong>xx..</strong></span> <span class='ocrx_word' id='word_1_329' title='bbox 1559 1331 1775 1371; x_wconf 88' lang='lat' dir='ltr'><strong>hominum</strong></span> <span class='ocrx_word' id='word_1_330' title='bbox 1797 1331 1971 1370; x_wconf 91' lang='lat' dir='ltr'><strong>milliaa</strong></span> 
     </span>
     <span class='ocr_line' id='line_1_68' title="bbox 1084 1395 1968 1436; baseline -0.001 -1"><span class='ocrx_word' id='word_1_331' title='bbox 1084 1396 1233 1435; x_wconf 89' lang='lat' dir='ltr'><strong>Poenis</strong></span> <span class='ocrx_word' id='word_1_332' title='bbox 1280 1408 1393 1436; x_wconf 83' lang='lat' dir='ltr'><strong>caesa</strong></span> <span class='ocrx_word' id='word_1_333' title='bbox 1429 1395 1560 1436; x_wconf 85' lang='lat' dir='ltr'><strong>fuisse</strong></span> <span class='ocrx_word' id='word_1_334' title='bbox 1598 1395 1832 1435; x_wconf 89' lang='lat' dir='ltr'><strong>traduntur</strong></span> <span class='ocrx_word' id='word_1_335' title='bbox 1872 1407 1968 1435; x_wconf 87' lang='lat' dir='ltr'><strong>cum</strong></span> 
     </span>
     <span class='ocr_line' id='line_1_69' title="bbox 1087 1461 1975 1508; baseline -0.002 -7"><span class='ocrx_word' id='word_1_336' title='bbox 1087 1461 1224 1501; x_wconf 84' lang='lat' dir='ltr'><strong>Paulo</strong></span> <span class='ocrx_word' id='word_1_337' title='bbox 1257 1461 1426 1501; x_wconf 85' lang='lat' dir='ltr'><strong>AEmilio</strong></span> <span class='ocrx_word' id='word_1_338' title='bbox 1461 1461 1665 1508; x_wconf 87' lang='lat' dir='ltr'><strong>Consule,</strong></span> <span class='ocrx_word' id='word_1_339' title='bbox 1694 1465 1841 1500; x_wconf 87' lang='lat' dir='ltr'><strong>tantus</strong></span> <span class='ocrx_word' id='word_1_340' title='bbox 1872 1472 1975 1499; x_wconf 89' lang='lat' dir='ltr'><strong>moe·</strong></span> 
     </span>
     <span class='ocr_line' id='line_1_70' title="bbox 1087 1524 1973 1576; baseline 0 -12"><span class='ocrx_word' id='word_1_341' title='bbox 1087 1536 1160 1564; x_wconf 87' lang='lat' dir='ltr'><strong>ror</strong></span> <span class='ocrx_word' id='word_1_342' title='bbox 1177 1524 1402 1564; x_wconf 88' lang='lat' dir='ltr'><strong>civitatem</strong></span> <span class='ocrx_word' id='word_1_343' title='bbox 1435 1525 1631 1576; x_wconf 84' lang='lat' dir='ltr'><strong>incessit,</strong></span> <span class='ocrx_word' id='word_1_344' title='bbox 1666 1530 1715 1565; x_wconf 92' lang='lat' dir='ltr'><strong>ut</strong></span> <span class='ocrx_word' id='word_1_345' title='bbox 1744 1536 1893 1565; x_wconf 88' lang='lat' dir='ltr'><strong>omnes</strong></span> <span class='ocrx_word' id='word_1_346' title='bbox 1929 1524 1973 1564; x_wconf 89' lang='lat' dir='ltr'><strong>in</strong></span> 
     </span>
     <span class='ocr_line' id='line_1_71' title="bbox 1086 1588 1977 1641; baseline 0 -13"><span class='ocrx_word' id='word_1_347' title='bbox 1086 1589 1208 1629; x_wconf 89' lang='lat' dir='ltr'><strong>luctu</strong></span> <span class='ocrx_word' id='word_1_348' title='bbox 1235 1595 1281 1629; x_wconf 90' lang='lat' dir='ltr'><strong>et</strong></span> <span class='ocrx_word' id='word_1_349' title='bbox 1309 1589 1508 1641; x_wconf 85' lang='lat' dir='ltr'><strong>squalore</strong></span> <span class='ocrx_word' id='word_1_350' title='bbox 1542 1588 1670 1640; x_wconf 85' lang='lat' dir='ltr'><strong>positi</strong></span> <span class='ocrx_word' id='word_1_351' title='bbox 1696 1595 1862 1639; x_wconf 89' lang='lat' dir='ltr'><strong>essent,</strong></span> <span class='ocrx_word' id='word_1_352' title='bbox 1895 1600 1977 1628; x_wconf 84' lang='lat' dir='ltr'><strong>nec</strong></span> 
     </span>
     <span class='ocr_line' id='line_1_72' title="bbox 1087 1652 1979 1704; baseline 0.001 -13"><span class='ocrx_word' id='word_1_353' title='bbox 1087 1653 1174 1692; x_wconf 89' lang='lat' dir='ltr'><strong>ulla</strong></span> <span class='ocrx_word' id='word_1_354' title='bbox 1193 1652 1343 1693; x_wconf 90' lang='lat' dir='ltr'><strong>domus</strong></span> <span class='ocrx_word' id='word_1_355' title='bbox 1375 1653 1486 1692; x_wconf 80' lang='lat' dir='ltr'><strong>tanti</strong></span> <span class='ocrx_word' id='word_1_356' title='bbox 1512 1653 1707 1692; x_wconf 82' lang='lat' dir='ltr'><strong>moeroris</strong></span> <span class='ocrx_word' id='word_1_357' title='bbox 1739 1664 1897 1704; x_wconf 82' lang='lat' dir='ltr'><strong>expers</strong></span> <span class='ocrx_word' id='word_1_358' title='bbox 1915 1653 1979 1692; x_wconf 93' lang='lat' dir='ltr'><strong>in-</strong></span> 
     </span>
     <span class='ocr_line' id='line_1_73' title="bbox 1089 1717 1980 1769; baseline 0.002 -14"><span class='ocrx_word' id='word_1_359' title='bbox 1089 1717 1331 1766; x_wconf 86' lang='lat' dir='ltr'><strong>veniretur;</strong></span> <span class='ocrx_word' id='word_1_360' title='bbox 1362 1723 1407 1757; x_wconf 87' lang='lat' dir='ltr'><strong>et</strong></span> <span class='ocrx_word' id='word_1_361' title='bbox 1438 1724 1675 1769; x_wconf 87' lang='lat' dir='ltr'><strong>propterea</strong></span> <span class='ocrx_word' id='word_1_362' title='bbox 1707 1717 1880 1758; x_wconf 86' lang='lat' dir='ltr'><strong>Cereris</strong></span> <span class='ocrx_word' id='word_1_363' title='bbox 1912 1729 1980 1757; x_wconf 86' lang='lat' dir='ltr'><strong>sa-</strong></span> 
     </span>
     <span class='ocr_line' id='line_1_74' title="bbox 1089 1781 1977 1834; baseline 0.002 -14"><span class='ocrx_word' id='word_1_364' title='bbox 1089 1792 1180 1830; x_wconf 87' lang='lat' dir='ltr'><strong>cra,</strong></span> <span class='ocrx_word' id='word_1_365' title='bbox 1219 1793 1314 1833; x_wconf 86' lang='lat' dir='ltr'><strong>quae</strong></span> <span class='ocrx_word' id='word_1_366' title='bbox 1345 1793 1432 1821; x_wconf 91' lang='lat' dir='ltr'><strong>non</strong></span> <span class='ocrx_word' id='word_1_367' title='bbox 1461 1781 1543 1821; x_wconf 89' lang='lat' dir='ltr'><strong>nisi</strong></span> <span class='ocrx_word' id='word_1_368' title='bbox 1573 1793 1652 1834; x_wconf 83' lang='lat' dir='ltr'><strong>per</strong></span> <span class='ocrx_word' id='word_1_369' title='bbox 1681 1787 1899 1822; x_wconf 85' lang='lat' dir='ltr'><strong>matronas</strong></span> <span class='ocrx_word' id='word_1_370' title='bbox 1934 1782 1977 1822; x_wconf 89' lang='lat' dir='ltr'><strong>in</strong></span> 
     </span>
     <span class='ocr_line' id='line_1_75' title="bbox 1088 1844 1979 1892; baseline 0.001 -7"><span class='ocrx_word' id='word_1_371' title='bbox 1088 1844 1271 1885; x_wconf 89' lang='lat' dir='ltr'><strong>candida</strong></span> <span class='ocrx_word' id='word_1_372' title='bbox 1306 1850 1424 1886; x_wconf 89' lang='lat' dir='ltr'><strong>veste</strong></span> <span class='ocrx_word' id='word_1_373' title='bbox 1452 1846 1662 1886; x_wconf 89' lang='lat' dir='ltr'><strong>celebrari</strong></span> <span class='ocrx_word' id='word_1_374' title='bbox 1696 1845 1870 1892; x_wconf 86' lang='lat' dir='ltr'><strong>licebat,</strong></span> <span class='ocrx_word' id='word_1_375' title='bbox 1902 1858 1979 1887; x_wconf 90' lang='lat' dir='ltr'><strong>suo</strong></span> 
     </span>
     <span class='ocr_line' id='line_1_76' title="bbox 1090 1908 1979 1962; baseline 0.002 -14"><span class='ocrx_word' id='word_1_376' title='bbox 1090 1909 1175 1949; x_wconf 88' lang='lat' dir='ltr'><strong>ritu</strong></span> <span class='ocrx_word' id='word_1_377' title='bbox 1197 1908 1348 1960; x_wconf 85' lang='lat' dir='ltr'><strong>perfici</strong></span> <span class='ocrx_word' id='word_1_378' title='bbox 1377 1922 1460 1950; x_wconf 89' lang='lat' dir='ltr'><strong>non</strong></span> <span class='ocrx_word' id='word_1_379' title='bbox 1480 1916 1677 1962; x_wconf 86' lang='lat' dir='ltr'><strong>possent,</strong></span> <span class='ocrx_word' id='word_1_380' title='bbox 1711 1909 1814 1962; x_wconf 81' lang='lat' dir='ltr'><strong>quia</strong></span> <span class='ocrx_word' id='word_1_381' title='bbox 1825 1909 1979 1961; x_wconf 88' lang='lat' dir='ltr'><strong>lugen-</strong></span> 
     </span>
     <span class='ocr_line' id='line_1_77' title="bbox 1090 1971 1979 2024; baseline 0.003 -13"><span class='ocrx_word' id='word_1_382' title='bbox 1090 1971 1207 2012; x_wconf 88' lang='lat' dir='ltr'><strong>tibus</strong></span> <span class='ocrx_word' id='word_1_383' title='bbox 1239 1974 1449 2013; x_wconf 86' lang='lat' dir='ltr'><strong>interesse</strong></span> <span class='ocrx_word' id='word_1_384' title='bbox 1480 1985 1567 2013; x_wconf 91' lang='lat' dir='ltr'><strong>non</strong></span> <span class='ocrx_word' id='word_1_385' title='bbox 1585 1973 1765 2024; x_wconf 79' lang='lat' dir='ltr'><strong>liceret,</strong></span> <span class='ocrx_word' id='word_1_386' title='bbox 1794 1975 1979 2014; x_wconf 88' lang='lat' dir='ltr'><strong>Senatus</strong></span> 
     </span>
     <span class='ocr_line' id='line_1_78' title="bbox 1081 2036 1980 2088; baseline 0.003 -14"><span class='ocrx_word' id='word_1_387' title='bbox 1081 2036 1212 2088; x_wconf 88' lang='lat' dir='ltr'><strong>jussit</strong></span> <span class='ocrx_word' id='word_1_388' title='bbox 1232 2049 1285 2077; x_wconf 90' lang='lat' dir='ltr'><strong>ne</strong></span> <span class='ocrx_word' id='word_1_389' title='bbox 1307 2039 1423 2078; x_wconf 87' lang='lat' dir='ltr'><strong>ultra</strong></span> <span class='ocrx_word' id='word_1_390' title='bbox 1443 2049 1560 2078; x_wconf 77' lang='lat' dir='ltr'><strong>xxx,</strong></span> <span class='ocrx_word' id='word_1_391' title='bbox 1582 2037 1695 2077; x_wconf 90' lang='lat' dir='ltr'><strong>diem</strong></span> <span class='ocrx_word' id='word_1_392' title='bbox 1714 2036 1875 2078; x_wconf 87' lang='lat' dir='ltr'><strong>flerent</strong></span> <span class='ocrx_word' id='word_1_393' title='bbox 1891 2049 1980 2077; x_wconf 86' lang='lat' dir='ltr'><strong>ma-</strong></span> 
     </span>
     <span class='ocr_line' id='line_1_79' title="bbox 1093 2099 1976 2152; baseline 0.001 -13"><span class='ocrx_word' id='word_1_394' title='bbox 1093 2106 1249 2150; x_wconf 85' lang='lat' dir='ltr'><strong>tronae,</strong></span> <span class='ocrx_word' id='word_1_395' title='bbox 1297 2107 1346 2142; x_wconf 89' lang='lat' dir='ltr'><strong>ut</strong></span> <span class='ocrx_word' id='word_1_396' title='bbox 1389 2113 1513 2141; x_wconf 86' lang='lat' dir='ltr'><strong>sacra</strong></span> <span class='ocrx_word' id='word_1_397' title='bbox 1551 2100 1724 2140; x_wconf 83' lang='lat' dir='ltr'><strong>Cereris</strong></span> <span class='ocrx_word' id='word_1_398' title='bbox 1765 2099 1976 2152; x_wconf 88' lang='lat' dir='ltr'><strong>perficere</strong></span> 
     </span>
     <span class='ocr_line' id='line_1_80' title="bbox 1093 2165 1979 2215; baseline 0.002 -12"><span class='ocrx_word' id='word_1_399' title='bbox 1093 2173 1284 2215; x_wconf 86' lang='lat' dir='ltr'><strong>possent.</strong></span> <span class='ocrx_word' id='word_1_400' title='bbox 1314 2165 1408 2206; x_wconf 90' lang='lat' dir='ltr'><strong>Liv.</strong></span> <span class='ocrx_word' id='word_1_401' title='bbox 1426 2165 1501 2206; x_wconf 91' lang='lat' dir='ltr'><strong>lib.</strong></span> <span class='ocrx_word' id='word_1_402' title='bbox 1524 2176 1641 2205; x_wconf 83' lang='lat' dir='ltr'><strong>xxn.</strong></span> <span class='ocrx_word' id='word_1_403' title='bbox 1656 2165 1711 2206; x_wconf 89' lang='lat' dir='ltr'><strong>de</strong></span> <span class='ocrx_word' id='word_1_404' title='bbox 1731 2165 1855 2205; x_wconf 87' lang='lat' dir='ltr'><strong>Bello</strong></span> <span class='ocrx_word' id='word_1_405' title='bbox 1891 2165 1979 2205; x_wconf 87' lang='lat' dir='ltr'><strong>Pu-</strong></span> 
     </span>
     <span class='ocr_line' id='line_1_81' title="bbox 1092 2228 1980 2282; baseline 0.003 -16"><span class='ocrx_word' id='word_1_406' title='bbox 1092 2228 1188 2267; x_wconf 88' lang='lat' dir='ltr'><strong>nico</strong></span> <span class='ocrx_word' id='word_1_407' title='bbox 1205 2228 1410 2278; x_wconf 81' lang='lat' dir='ltr'><strong>secundo,</strong></span> <span class='ocrx_word' id='word_1_408' title='bbox 1427 2229 1556 2268; x_wconf 85' lang='lat' dir='ltr'><strong>‘&#39;I&#39;um</strong></span> <span class='ocrx_word' id='word_1_409' title='bbox 1575 2230 1758 2281; x_wconf 82' lang='lat' dir='ltr'><strong>privatae</strong></span> <span class='ocrx_word' id='word_1_410' title='bbox 1777 2229 1980 2282; x_wconf 87' lang='lat' dir='ltr'><strong>quoque‚&#39;</strong></span> 
     </span>
     <span class='ocr_line' id='line_1_82' title="bbox 1091 2291 1977 2346; baseline 0.003 -16"><span class='ocrx_word' id='word_1_411' title='bbox 1091 2291 1248 2343; x_wconf 86' lang='lat' dir='ltr'><strong>inquit,</strong></span> <span class='ocrx_word' id='word_1_412' title='bbox 1283 2295 1387 2344; x_wconf 86' lang='lat' dir='ltr'><strong>‘per</strong></span> <span class='ocrx_word' id='word_1_413' title='bbox 1424 2293 1573 2333; x_wconf 91' lang='lat' dir='ltr'><strong>domos</strong></span> <span class='ocrx_word' id='word_1_414' title='bbox 1612 2294 1758 2334; x_wconf 87' lang='lat' dir='ltr'><strong>clades</strong></span> <span class='ocrx_word' id='word_1_415' title='bbox 1789 2294 1977 2346; x_wconf 81' lang='lat' dir='ltr'><strong>vulgatae</strong></span> 
     </span>
     <span class='ocr_line' id='line_1_83' title="bbox 1090 2356 1982 2410; baseline 0.003 -15"><span class='ocrx_word' id='word_1_416' title='bbox 1090 2363 1206 2408; x_wconf 88' lang='lat' dir='ltr'><strong>sunt,</strong></span> <span class='ocrx_word' id='word_1_417' title='bbox 1225 2356 1420 2410; x_wconf 82' lang='lat' dir='ltr'><strong>adeoque</strong></span> <span class='ocrx_word' id='word_1_418' title='bbox 1434 2363 1569 2397; x_wconf 87' lang='lat' dir='ltr'><strong>totam</strong></span> <span class='ocrx_word' id='word_1_419' title='bbox 1585 2358 1735 2397; x_wconf 87' lang='lat' dir='ltr'><strong>urbem</strong></span> <span class='ocrx_word' id='word_1_420' title='bbox 1748 2358 1982 2410; x_wconf 87' lang='lat' dir='ltr'><strong>complevit</strong></span> 
     </span>
     <span class='ocr_line' id='line_1_84' title="bbox 1090 2419 1980 2471; baseline 0.001 -13"><span class='ocrx_word' id='word_1_421' title='bbox 1090 2419 1249 2471; x_wconf 83' lang='lat' dir='ltr'><strong>luctus,</strong></span> <span class='ocrx_word' id='word_1_422' title='bbox 1284 2426 1332 2461; x_wconf 92' lang='lat' dir='ltr'><strong>ut</strong></span> <span class='ocrx_word' id='word_1_423' title='bbox 1351 2432 1519 2460; x_wconf 87' lang='lat' dir='ltr'><strong>sacrum</strong></span> <span class='ocrx_word' id='word_1_424' title='bbox 1537 2421 1877 2460; x_wconf 82' lang='lat' dir='ltr'><strong>anniversarium</strong></span> <span class='ocrx_word' id='word_1_425' title='bbox 1899 2420 1980 2460; x_wconf 91' lang='lat' dir='ltr'><strong>Ce-</strong></span> 
     </span>
     <span class='ocr_line' id='line_1_85' title="bbox 1091 2482 1977 2535; baseline 0.001 -14"><span class='ocrx_word' id='word_1_426' title='bbox 1091 2483 1197 2521; x_wconf 83' lang='lat' dir='ltr'><strong>reris</strong></span> <span class='ocrx_word' id='word_1_427' title='bbox 1216 2483 1505 2522; x_wconf 82' lang='lat' dir='ltr'><strong>intermissum</strong></span> <span class='ocrx_word' id='word_1_428' title='bbox 1522 2482 1594 2533; x_wconf 80' lang='lat' dir='ltr'><strong>sit,</strong></span> <span class='ocrx_word' id='word_1_429' title='bbox 1611 2483 1711 2535; x_wconf 88' lang='lat' dir='ltr'><strong>quia</strong></span> <span class='ocrx_word' id='word_1_430' title='bbox 1729 2495 1809 2522; x_wconf 88' lang='lat' dir='ltr'><strong>nec</strong></span> <span class='ocrx_word' id='word_1_431' title='bbox 1828 2485 1977 2534; x_wconf 83' lang='lat' dir='ltr'><strong>lugen-</strong></span> 
     </span>
     <span class='ocr_line' id='line_1_86' title="bbox 1090 2543 1980 2597; baseline 0 -11"><span class='ocrx_word' id='word_1_432' title='bbox 1090 2544 1206 2586; x_wconf 89' lang='lat' dir='ltr'><strong>tibus</strong></span> <span class='ocrx_word' id='word_1_433' title='bbox 1223 2545 1268 2584; x_wconf 85' lang='lat' dir='ltr'><strong>id</strong></span> <span class='ocrx_word' id='word_1_434' title='bbox 1289 2544 1434 2586; x_wconf 84' lang='lat' dir='ltr'><strong>facere</strong></span> <span class='ocrx_word' id='word_1_435' title='bbox 1453 2552 1519 2585; x_wconf 87' lang='lat' dir='ltr'><strong>est</strong></span> <span class='ocrx_word' id='word_1_436' title='bbox 1537 2543 1618 2597; x_wconf 87' lang='lat' dir='ltr'><strong>fas,</strong></span> <span class='ocrx_word' id='word_1_437' title='bbox 1641 2557 1720 2584; x_wconf 80' lang='lat' dir='ltr'><strong>nec</strong></span> <span class='ocrx_word' id='word_1_438' title='bbox 1741 2546 1828 2585; x_wconf 90' lang='lat' dir='ltr'><strong>ulla</strong></span> <span class='ocrx_word' id='word_1_439' title='bbox 1846 2545 1889 2584; x_wconf 90' lang='lat' dir='ltr'><strong>in</strong></span> <span class='ocrx_word' id='word_1_440' title='bbox 1908 2546 1980 2586; x_wconf 88' lang='lat' dir='ltr'><strong>illa</strong></span> 
     </span>
     <span class='ocr_line' id='line_1_87' title="bbox 1089 2609 1982 2660; baseline -0.001 -11"><span class='ocrx_word' id='word_1_441' title='bbox 1089 2614 1354 2660; x_wconf 85' lang='lat' dir='ltr'><strong>tempestate</strong></span> <span class='ocrx_word' id='word_1_442' title='bbox 1400 2615 1598 2648; x_wconf 86' lang='lat' dir='ltr'><strong>matrona</strong></span> <span class='ocrx_word' id='word_1_443' title='bbox 1648 2609 1791 2649; x_wconf 84' lang='lat' dir='ltr'><strong>luctus</strong></span> <span class='ocrx_word' id='word_1_444' title='bbox 1825 2621 1982 2659; x_wconf 84' lang='lat' dir='ltr'><strong>expers</strong></span> 
     </span>
     <span class='ocr_line' id='line_1_88' title="bbox 1079 2670 1982 2726; baseline 0.001 -15"><span class='ocrx_word' id='word_1_445' title='bbox 1079 2670 1236 2712; x_wconf 80' lang='lat' dir='ltr'><strong>suerit.</strong></span> <span class='ocrx_word' id='word_1_446' title='bbox 1290 2673 1464 2726; x_wconf 89' lang='lat' dir='ltr'><strong>Itaque,</strong></span> <span class='ocrx_word' id='word_1_447' title='bbox 1498 2685 1550 2711; x_wconf 89' lang='lat' dir='ltr'><strong>ne</strong></span> <span class='ocrx_word' id='word_1_448' title='bbox 1582 2672 1637 2712; x_wconf 90' lang='lat' dir='ltr'><strong>ob</strong></span> <span class='ocrx_word' id='word_1_449' title='bbox 1670 2671 1854 2712; x_wconf 88' lang='lat' dir='ltr'><strong>eandem</strong></span> <span class='ocrx_word' id='word_1_450' title='bbox 1884 2685 1982 2712; x_wconf 87' lang='lat' dir='ltr'><strong>cau·</strong></span> 
     </span>
     <span class='ocr_line' id='line_1_89' title="bbox 1089 2736 1979 2790; baseline 0.002 -15"><span class='ocrx_word' id='word_1_451' title='bbox 1089 2748 1177 2776; x_wconf 89' lang='lat' dir='ltr'><strong>sam</strong></span> <span class='ocrx_word' id='word_1_452' title='bbox 1199 2736 1281 2776; x_wconf 87' lang='lat' dir='ltr'><strong>alia</strong></span> <span class='ocrx_word' id='word_1_453' title='bbox 1299 2749 1470 2790; x_wconf 88' lang='lat' dir='ltr'><strong>quoque</strong></span> <span class='ocrx_word' id='word_1_454' title='bbox 1500 2749 1624 2777; x_wconf 87' lang='lat' dir='ltr'><strong>sacra</strong></span> <span class='ocrx_word' id='word_1_455' title='bbox 1657 2737 1832 2788; x_wconf 89' lang='lat' dir='ltr'><strong>publica</strong></span> <span class='ocrx_word' id='word_1_456' title='bbox 1859 2738 1979 2777; x_wconf 84' lang='lat' dir='ltr'><strong>dese-</strong></span> 
     </span>
     <span class='ocr_line' id='line_1_90' title="bbox 1089 2800 1978 2851; baseline 0.001 -13"><span class='ocrx_word' id='word_1_457' title='bbox 1089 2806 1305 2851; x_wconf 83' lang='lat' dir='ltr'><strong>rerentur,</strong></span> <span class='ocrx_word' id='word_1_458' title='bbox 1319 2801 1713 2840; x_wconf 89' lang='lat' dir='ltr'><strong>Senatusconsulto</strong></span> <span class='ocrx_word' id='word_1_459' title='bbox 1732 2800 1883 2840; x_wconf 89' lang='lat' dir='ltr'><strong>diebus</strong></span> <span class='ocrx_word' id='word_1_460' title='bbox 1904 2802 1978 2840; x_wconf 82' lang='lat' dir='ltr'><strong>tri·</strong></span> 
     </span>
     <span class='ocr_line' id='line_1_91' title="bbox 1089 2863 1839 2915; baseline 0.001 -13"><span class='ocrx_word' id='word_1_461' title='bbox 1089 2864 1210 2915; x_wconf 86' lang='lat' dir='ltr'><strong>ginta</strong></span> <span class='ocrx_word' id='word_1_462' title='bbox 1228 2863 1371 2903; x_wconf 83' lang='lat' dir='ltr'><strong>luctus</strong></span> <span class='ocrx_word' id='word_1_463' title='bbox 1393 2869 1462 2903; x_wconf 88' lang='lat' dir='ltr'><strong>est</strong></span> <span class='ocrx_word' id='word_1_464' title='bbox 1480 2863 1656 2904; x_wconf 67' lang='lat' dir='ltr'><strong>finitus!</strong></span> <span class='ocrx_word' id='word_1_465' title='bbox 1688 2865 1839 2903; x_wconf 80' lang='lat' dir='ltr'><strong>Oliver.</strong></span> 
     </span>
    </p>

    <p class='ocr_par' dir='ltr' id='par_1_14' title="bbox 1089 2926 1971 3042">
     <span class='ocr_line' id='line_1_92' title="bbox 1142 2926 1971 2980; baseline 0.002 -15"><span class='ocrx_word' id='word_1_466' title='bbox 1142 2926 1423 2978; x_wconf 71' lang='lat' dir='ltr'><strong>Trigesimum]</strong></span> <span class='ocrx_word' id='word_1_467' title='bbox 1472 2927 1648 2980; x_wconf 91' lang='lat' dir='ltr'><strong>Alioqui</strong></span> <span class='ocrx_word' id='word_1_468' title='bbox 1689 2940 1768 2979; x_wconf 89' lang='lat' dir='ltr'><strong>per</strong></span> <span class='ocrx_word' id='word_1_469' title='bbox 1812 2940 1971 2967; x_wconf 85' lang='lat' dir='ltr'><strong>annum</strong></span> 
     </span>
     <span class='ocr_line' id='line_1_93' title="bbox 1089 2990 1542 3042; baseline 0 -12"><span class='ocrx_word' id='word_1_470' title='bbox 1089 2991 1240 3042; x_wconf 88' lang='lat' dir='ltr'><strong>lugere</strong></span> <span class='ocrx_word' id='word_1_471' title='bbox 1259 2990 1542 3042; x_wconf 80' lang='lat' dir='ltr'><strong>cogebantur.</strong></span> 
     </span>
    </p>

    <p class='ocr_par' dir='ltr' id='par_1_15' title="bbox 1087 3053 1981 3359">
     <span class='ocr_line' id='line_1_94' title="bbox 1142 3053 1980 3106; baseline -0.002 -11"><span class='ocrx_word' id='word_1_472' title='bbox 1142 3056 1408 3095; x_wconf 81' lang='lat' dir='ltr'><strong>Romanorum</strong></span> <span class='ocrx_word' id='word_1_473' title='bbox 1425 3053 1622 3106; x_wconf 76' lang='lat' dir='ltr'><strong>virorum]</strong></span> <span class='ocrx_word' id='word_1_474' title='bbox 1644 3054 1724 3095; x_wconf 67' lang='lat' dir='ltr'><strong>-Sic</strong></span> <span class='ocrx_word' id='word_1_475' title='bbox 1745 3056 1852 3097; x_wconf 88' lang='lat' dir='ltr'><strong>Mss.</strong></span> <span class='ocrx_word' id='word_1_476' title='bbox 1874 3057 1980 3094; x_wconf 88' lang='lat' dir='ltr'><strong>Vul-</strong></span> 
     </span>
     <span class='ocr_line' id='line_1_95' title="bbox 1088 3118 1979 3171; baseline -0.003 -12"><span class='ocrx_word' id='word_1_477' title='bbox 1088 3131 1169 3171; x_wconf 73' lang='lat' dir='ltr'><strong>goz</strong></span> <span class='ocrx_word' id='word_1_478' title='bbox 1201 3119 1470 3158; x_wconf 78' lang='lat' dir='ltr'><strong>Romanarum</strong></span> <span class='ocrx_word' id='word_1_479' title='bbox 1501 3118 1647 3157; x_wconf 75' lang='lat' dir='ltr'><strong>virium</strong></span> <span class='ocrx_word' id='word_1_480' title='bbox 1675 3123 1801 3168; x_wconf 77' lang='lat' dir='ltr'><strong>parte.</strong></span> <span class='ocrx_word' id='word_1_481' title='bbox 1848 3118 1979 3157; x_wconf 85' lang='lat' dir='ltr'><strong>Muli-</strong></span> 
     </span>
     <span class='ocr_line' id='line_1_96' title="bbox 1088 3180 1981 3232; baseline -0.002 -10"><span class='ocrx_word' id='word_1_482' title='bbox 1088 3194 1183 3222; x_wconf 84' lang='lat' dir='ltr'><strong>eres</strong></span> <span class='ocrx_word' id='word_1_483' title='bbox 1202 3183 1335 3232; x_wconf 87' lang='lat' dir='ltr'><strong>enim,</strong></span> <span class='ocrx_word' id='word_1_484' title='bbox 1370 3181 1472 3221; x_wconf 89' lang='lat' dir='ltr'><strong>licet</strong></span> <span class='ocrx_word' id='word_1_485' title='bbox 1493 3181 1649 3221; x_wconf 85' lang='lat' dir='ltr'><strong>occisis</strong></span> <span class='ocrx_word' id='word_1_486' title='bbox 1667 3181 1770 3220; x_wconf 88' lang='lat' dir='ltr'><strong>viris</strong></span> <span class='ocrx_word' id='word_1_487' title='bbox 1790 3180 1981 3232; x_wconf 82' lang='lat' dir='ltr'><strong>afflictae‚</strong></span> 
     </span>
     <span class='ocr_line' id='line_1_97' title="bbox 1087 3244 1974 3286; baseline 0 -1"><span class='ocrx_word' id='word_1_488' title='bbox 1087 3244 1248 3285; x_wconf 81' lang='lat' dir='ltr'><strong>festiva</strong></span> <span class='ocrx_word' id='word_1_489' title='bbox 1283 3245 1456 3286; x_wconf 83' lang='lat' dir='ltr'><strong>Cereris</strong></span> <span class='ocrx_word' id='word_1_490' title='bbox 1489 3256 1614 3285; x_wconf 86' lang='lat' dir='ltr'><strong>sacra</strong></span> <span class='ocrx_word' id='word_1_491' title='bbox 1647 3244 1770 3284; x_wconf 89' lang='lat' dir='ltr'><strong>obire</strong></span> <span class='ocrx_word' id='word_1_492' title='bbox 1807 3251 1974 3285; x_wconf 86' lang='lat' dir='ltr'><strong>coactae</strong></span> 
     </span>
     <span class='ocr_line' id='line_1_98' title="bbox 1088 3309 1359 3359; baseline 0 -10"><span class='ocrx_word' id='word_1_493' title='bbox 1088 3315 1202 3349; x_wconf 84' lang='lat' dir='ltr'><strong>sunt.</strong></span> <span class='ocrx_word' id='word_1_494' title='bbox 1231 3309 1359 3359; x_wconf 74' lang='lat' dir='ltr'><strong>Pigh.</strong></span> 
     </span>
    </p>

    <p class='ocr_par' dir='ltr' id='par_1_16' title="bbox 1086 3369 1978 3614">
     <span class='ocr_line' id='line_1_99' title="bbox 1145 3369 1977 3421; baseline -0.002 -10"><span class='ocrx_word' id='word_1_495' title='bbox 1145 3372 1367 3412; x_wconf 78' lang='lat' dir='ltr'><strong>Candidum</strong></span> <span class='ocrx_word' id='word_1_496' title='bbox 1401 3371 1563 3411; x_wconf 77' lang='lat' dir='ltr'><strong>induere</strong></span> <span class='ocrx_word' id='word_1_497' title='bbox 1597 3369 1759 3421; x_wconf 75' lang='lat' dir='ltr'><strong>vestem]</strong></span> <span class='ocrx_word' id='word_1_498' title='bbox 1787 3369 1914 3411; x_wconf 83' lang='lat' dir='ltr'><strong>Quod</strong></span> <span class='ocrx_word' id='word_1_499' title='bbox 1935 3370 1977 3409; x_wconf 89' lang='lat' dir='ltr'><strong>in</strong></span> 
     </span>
     <span class='ocr_line' id='line_1_100' title="bbox 1088 3432 1978 3478; baseline -0.006 -1"><span class='ocrx_word' id='word_1_500' title='bbox 1088 3437 1275 3478; x_wconf 87' lang='lat' dir='ltr'><strong>candida</strong></span> <span class='ocrx_word' id='word_1_501' title='bbox 1292 3444 1410 3476; x_wconf 89' lang='lat' dir='ltr'><strong>veste</strong></span> <span class='ocrx_word' id='word_1_502' title='bbox 1444 3435 1594 3475; x_wconf 86' lang='lat' dir='ltr'><strong>Cereri</strong></span> <span class='ocrx_word' id='word_1_503' title='bbox 1614 3432 1933 3474; x_wconf 83' lang='lat' dir='ltr'><strong>sacrificaretur</strong></span> <span class='ocrx_word' id='word_1_504' title='bbox 1953 3447 1978 3473; x_wconf 87' lang='lat' dir='ltr'><strong>a</strong></span> 
     </span>
     <span class='ocr_line' id='line_1_101' title="bbox 1088 3496 1978 3551; baseline -0.004 -11"><span class='ocrx_word' id='word_1_505' title='bbox 1088 3501 1312 3551; x_wconf 84' lang='lat' dir='ltr'><strong>matronis,</strong></span> <span class='ocrx_word' id='word_1_506' title='bbox 1341 3504 1527 3539; x_wconf 85' lang='lat' dir='ltr'><strong>testatur</strong></span> <span class='ocrx_word' id='word_1_507' title='bbox 1567 3496 1696 3536; x_wconf 83' lang='lat' dir='ltr'><strong>Ovid.</strong></span> <span class='ocrx_word' id='word_1_508' title='bbox 1755 3496 1867 3536; x_wconf 89' lang='lat' dir='ltr'><strong>Met.</strong></span> <span class='ocrx_word' id='word_1_509' title='bbox 1928 3509 1978 3536; x_wconf 81' lang='lat' dir='ltr'><strong>x.</strong></span> 
     </span>
     <span class='ocr_line' id='line_1_102' title="bbox 1086 3559 1975 3614; baseline -0.007 -10"><span class='ocrx_word' id='word_1_510' title='bbox 1086 3565 1099 3587; x_wconf 91' lang='lat'>‘</span> <span class='ocrx_word' id='word_1_511' title='bbox 1114 3565 1247 3604; x_wconf 87' lang='lat' dir='ltr'><strong>Festa</strong></span> <span class='ocrx_word' id='word_1_512' title='bbox 1261 3563 1342 3614; x_wconf 84' lang='lat' dir='ltr'><strong>piae</strong></span> <span class='ocrx_word' id='word_1_513' title='bbox 1353 3561 1524 3603; x_wconf 86' lang='lat' dir='ltr'><strong>Cereris</strong></span> <span class='ocrx_word' id='word_1_514' title='bbox 1540 3559 1823 3600; x_wconf 88' lang='lat' dir='ltr'><strong>celebrabant</strong></span> <span class='ocrx_word' id='word_1_515' title='bbox 1835 3572 1975 3600; x_wconf 86' lang='lat' dir='ltr'><strong>annua</strong></span> 
     </span>
    </p>
   </div>
  </div>
 </body>
</html>
