2288 3990
496 315 761 355 vALERu
806 313 1045 353 MAlel
1092 315 1209 354 mn.
1253 315 1289 354 ι.
1327 301 1538 353 cAP.'7.

114 437 260 492 ipsium,
280 435 368 476 sive
402 432 495 485 spei
528 445 614 472 suae
649 431 786 482 gratia
813 443 993 483 puerum

115 501 320 548 enutrire,
353 502 483 550 atque
512 497 571 536 ita
606 502 852 547 permutata
878 501 993 535 sorte

115 562 402 614 parvulorum,
442 559 510 598 hio
551 570 629 610 pro
676 558 763 598 tilio
811 557 992 609 pastoris

99 627 333 676 educatus,
366 625 439 664 ille
476 635 553 675 pro
583 628 743 674 nepote
777 623 891 674 regis
919 635 992 662 ex-

114 689 314 742 ponitur;
347 686 502 727 nutrici
523 684 678 725 deinde
711 696 864 725 nomen
883 685 991 736 Spa-

95 763 189 792 .cos
218 750 318 802 fuit,
348 750 449 802 quia
481 761 630 788 canem
650 747 796 787 Persae
826 747 888 788 sic
919 760 990 788 vo-

112 820 229 856 cant.
285 815 400 854 Puer
419 811 576 852 deinde
587 811 677 863 jarn
706 810 875 851 adultus
894 823 990 851 cum

111 876 293 929 imperio
331 888 429 916 usus
465 875 580 915 inter
625 879 819 926 pastores
859 879 990 926 esset,

114 940 216 992 Cyri
234 951 389 980 nomen
408 938 592 990 accepit.
649 937 755 976 Mox
776 948 851 976 rex
878 937 991 976 inter

114 1004 311 1046 ludentes
358 1007 474 1044 sorte
520 1002 730 1053 delectus,
772 1014 870 1046 cum
912 1014 991 1054 per

111 1066 328 1107 lasciviam
361 1069 630 1106 contumaces
663 1061 845 1114 flagellis
878 1064 990 1104 ceci-

111 1129 261 1179 disset,
280 1140 306 1168 a
323 1127 572 1180 parentibus
591 1138 818 1179 puerorum
838 1138 990 1179 quere·

109 1193 154 1232 la
181 1191 290 1243 Regi
322 1191 469 1231 delata
500 1196 582 1240 est,
617 1189 937 1241 indignantibus
967 1204 992 1231 a

111 1255 228 1307 regio
246 1267 371 1295 servo
390 1254 599 1306 ingenuos
618 1253 811 1293 homines
826 1253 991 1293 servili-

111 1317 191 1358 bus
211 1318 458 1359 verberibus
487 1315 677 1357 affectos.
730 1316 828 1368 Ille,
846 1329 992 1357 accer-

112 1382 194 1423 sito
212 1394 363 1434 puero,
392 1386 438 1421 et
464 1380 747 1432 interrogato,
775 1392 872 1421 cum
891 1380 992 1420 nihil

112 1451 280 1485 mutato
311 1444 447 1493 vultu,
476 1442 632 1483 fecisse
660 1455 706 1483 se
736 1448 784 1483 ut
811 1443 993 1495 Regem,

114 1508 419 1562 respondisset,
438 1506 672 1547 admiratus
691 1507 994 1559 constantiam,

112 1571 158 1611 in
177 1570 422 1610 memoriam
443 1569 598 1608 somnii
624 1568 904 1620 responsique
927 1580 993 1608 re-

113 1640 309 1685 vocatur,
344 1638 475 1686 atque
512 1644 609 1672 cum
657 1636 703 1671 et
742 1631 903 1681 vultus,
947 1636 994 1672 et

112 1697 361 1747 similitudo,
393 1700 438 1736 et
471 1693 749 1746 expositionis
777 1698 992 1745 tempora,

111 1766 158 1801 et
205 1760 387 1812 pastoris
432 1756 642 1799 confessio
691 1756 992 1809 convenirent,

110 1829 312 1876 nepotem
331 1821 519 1875 agnovit,
547 1826 593 1860 et
610 1832 739 1873 quum
761 1818 991 1860 defunctus

111 1885 192 1926 sibi
223 1886 385 1926 somnio
417 1884 654 1934 videretur,
684 1882 850 1934 agitato
877 1883 993 1924 iuter

112 1953 304 2001 pastores
347 1947 523 1999 regno‚'
544 1946 730 1987 animum
782 1946 992 1988 minacem

113 2011 322 2051 duntaxat
363 2010 408 2049 in
452 2010 526 2050 illo
570 2008 720 2061 fregit.
776 2011 993 2051 caeterum

112 2074 320 2126 Har-pago
339 2073 478 2114 amico
496 2085 572 2113 suo
587 2072 785 2123 infestus,
805 2073 848 2112 in
867 2074 994 2113 ultio-

111 2148 210 2177 nem
228 2137 388 2178 servati
407 2136 579 2188 nepotis
596 2134 729 2175 filium
749 2136 842 2188 ejus
862 2137 994 2176 inter-

101 2198 230 2249 -fecit,
266 2199 606 2252 epulandumque
642 2199 758 2251 patri
799 2200 994 2242 tradidit.

111 2262 198 2302 Sed
218 2261 448 2314 Harpagus
466 2261 521 2302 ad
541 2267 708 2314 tempus
727 2262 994 2304 dissimulato

114 2325 288 2373 dolore,
307 2326 450 2367 odium
467 2326 598 2377 Regis
628 2327 670 2365 in
701 2326 902 2366 vindictae
923 2340 995 2368 oc·

114 2389 331 2430 casionem
367 2389 548 2430 distulit.
615 2389 853 2440 Interjecto
887 2395 994 2431 tem-

115 2464 235 2504 pore,
253 2465 349 2493 cnm
380 2452 638 2492 adolevisset
667 2451 819 2504 Cyrus,
846 2453 994 2494 dolore

113 2516 311 2556 orbitatis
354 2516 609 2566 admonitus,
654 2514 808 2556 scribit
845 2516 900 2567 ei,
944 2523 993 2558 ut

114 2579 334 2630 ablegatus
353 2578 408 2619 ab
429 2591 510 2619 avo
528 2579 572 2618 in
592 2579 749 2618 Persas
778 2578 925 2630 fuerit,
943 2587 994 2622 ut

113 2643 252 2684 occidi
286 2655 382 2683 eum
413 2642 636 2695 parvulum
672 2654 776 2683 avus
798 2643 994 2696 jusserit,

114 2713 163 2748 ut
181 2707 389 2748 beneficio
417 2718 493 2746 suo
522 2710 716 2746 servatus
749 2706 820 2755 sit,
851 2713 900 2748 ut
927 2719 993 2748 re-

115 2782 210 2822 gem
249 2768 494 2821 offenderit,
518 2774 569 2810 ut
601 2769 739 2810 filium
775 2771 992 2823 amiserit3

113 2834 328 2883 hortatur,
347 2839 398 2874 ut
413 2834 650 2874 exercitum
671 2840 814 2887 paret,
829 2841 873 2875 et
895 2847 992 2887 pro·

115 2909 212 2938 nam
246 2897 299 2937 ad
335 2909 514 2950 regnum
560 2897 671 2937 viam
709 2898 991 2950 ingrediatur,

114 2959 341 3000 Medorum
398 2961 699 3002 transitionem
757 2962 993 3014 pollicitus,

115 3023 371 3076 Epistulam,
401 3024 502 3077 quia
530 3025 670 3076 palam
704 3024 810 3065 ferri
843 3027 992 3079 nequi-

115 3086 204 3137 bat,
237 3087 368 3138 regiis
394 3086 643 3128 custodibus
680 3088 994 3130 omnes-aditus

116 3149 428 3202 obsidentibus,
464 3157 719 3191 exenterato
756 3152 894 3204 lepori
928 3154 991 3193 in-

117 3213 238 3264 serit,
256 3213 463 3266 lepusque
482 3214 525 3254 in
546 3214 703 3254 Persas
723 3214 837 3267 Cyro
854 3214 996 3256 feren-

118 3275 197 3316 dus
230 3274 319 3316 fido
356 3287 480 3317 servo
515 3277 717 3329 traditur,
763 3278 992 3332 additaque

118 3339 230 3380 retia
259 3345 374 3392 sunt,
401 3346 453 3380 ut
479 3341 558 3381 sub
589 3342 733 3393 specie
752 3343 993 3383 venationis

119 3400 240 3441 dolus
263 3414 265 3416 ·
286 3402 459 3444 lateret.
529 3403 674 3444 Lectis
720 3404 793 3445 ille
836 3405 991 3459 literis,

121 3463 270 3505 eadem
286 3465 449 3506 somnio
465 3466 641 3519 aggredi
653 3467 814 3519 jussus,
831 3466 992 3508 bellum

121 3525 264 3568 Medis
297 3527 442 3570 infert.
509 3528 720 3582 Astyages
755 3530 899 3572 meriti
924 3521 994 3571 sui

1826 300 1934 352 975

1055 431 1098 471 in
1121 432 1369 485 Harpagum
1390 432 1564 482 oblitus,
1597 443 1801 471 summam
1830 431 1935 472 belli

1055 494 1195 534 eidem
1215 496 1462 546 committit,
1495 496 1567 548 qui
1593 496 1832 535 exercitum
1865 508 1936 535 ac-

1055 564 1230 608 ceptum
1252 559 1398 599 statim
1420 559 1532 610 Cyro
1563 570 1640 609 per
1669 557 1934 597 deditionem

1055 621 1205 673 tradit,
1243 623 1462 676 Regisque
1496 623 1795 663 crudelitatem
1838 633 1934 671 per-

1054 684 1156 724 fidia
1203 685 1462 726 defectionis
1508 687 1742 727 ulciscitur.
1809 685 1936 727 Quod

1054 747 1129 787 ubi
1148 747 1362 801 Astyages
1390 750 1525 799 audit,
1551 749 1786 789 contractis
1817 749 1937 788 undi-

1054 823 1136 864 que
1157 812 1341 862 auxiliis,
1375 813 1467 864 ipse
1498 813 1539 852 in
1561 813 1718 852 Persas
1747 811 1937 864 proficis-

1054 877 1184 924 citur,
1230 881 1276 915 et
1320 876 1456 927 primo
1502 877 1668 927 impetu
1705 877 1937 916 Persarum

1054 939 1168 979 acies
1188 939 1230 978 in
1249 937 1393 992 fugam
1422 940 1661 989 convertit;
1692 940 1845 992 quibus
1874 938 1940 980 fu-

1053 1001 1286 1054 gientibuS,
1322 1007 1480 1043 matres
1518 1008 1563 1042 et
1606 1015 1761 1042 uxores
1790 1002 1938 1043 eorum

1053 1063 1224 1104 obviam
1269 1070 1568 1115 occurrerunt,
1615 1071 1742 1105 orant
1801 1071 1847 1104 ut
1893 1065 1938 1104 in

1053 1128 1249 1179 praelium
1294 1133 1591 1177 revertantur3
1639 1128 1940 1168 cunctantibus

1052 1191 1151 1243 illis,
1169 1191 1343 1232 sublata
1359 1197 1495 1242 veste,
1525 1192 1730 1232 obscoena
1748 1193 1940 1243 corporis

1055 1255 1305 1307 ostendunt,
1335 1260 1555 1307 rogantes,
1585 1267 1685 1295 uum
1719 1255 1762 1294 in
1790 1262 1940 1295 uteros

1056 1325 1243 1360 matrum
1265 1324 1311 1360 et
1331 1331 1513 1360 uxorum
1534 1319 1696 1358 vellent
1728 1316 1943 1368 refugere.

1056 1382 1155 1423 Hac
1175 1383 1360 1434 repressi
1376 1382 1676 1434 castigatione,
1688 1380 1730 1420 in
1745 1381 1940 1432 praelium

1056 1445 1260 1496 redeunt,
1289 1450 1334 1486 et
1364 1444 1483 1485 facta
1514 1444 1814 1495 impressione,
1835 1456 1941 1496 quos

1055 1507 1302 1560 fugiebant,
1316 1506 1466 1559 fugere
1482 1506 1761 1558 compellunt.
1819 1505 1872 1545 In
1889 1518 1941 1546 eo

1055 1572 1205 1624 praelio
1235 1571 1448 1624 Astyages
1481 1571 1666 1622 capitur,
1701 1570 1771 1610 cui
1804 1569 1942 1621 Cyrus

1055 1634 1115 1673 nil
1134 1634 1248 1674 aliud
1266 1647 1393 1687 quam
1408 1646 1584 1686 regnum
1598 1632 1794 1682 abstulit,
1809 1643 1942 1684 seque

1054 1696 1098 1736 in
1119 1697 1194 1737 illo
1211 1701 1414 1748 nepotem
1432 1697 1566 1748 magis
1587 1707 1711 1747 quam
1734 1695 1942 1735 victorem

1055 1759 1164 1810 egit.
1192 1759 1404 1811 Superior]
1438 1759 1545 1799 Ideo
1580 1758 1704 1807 dixit,
1738 1758 1840 1810 quia
1858 1756 1943 1797 fuit

1053 1823 1185 1862 etiam
1208 1823 1346 1874 Cyrus
1374 1820 1568 1872 inferior,
1595 1821 1649 1861 de
1678 1832 1761 1872 quo
1788 1820 1833 1859 in
1864 1820 1943 1859 Ca-

1042 1890 1154 1925 tone
1173 1885 1344 1937 Majore
1376 1885 1515 1925 multa
1546 1885 1700 1925 Cicero
1733 1884 1854 1934 dicit,
1887 1882 1942 1922 ad

1053 1961 1178 2001 quem
1216 1947 1465 1988 Alexander
1500 1959 1598 1988 cum
1634 1947 1838 1996 venisset,
1879 1945 1943 1985 illi

1052 2010 1230 2052 arbores
1269 2022 1345 2051 sua
1380 2022 1510 2051 manu
1546 2010 1697 2051 insitas
1738 2008 1942 2050 ostendit.

1057 2075 1208 2116 Oliver.

1108 2139 1282 2179 Himera
1311 2137 1506 2191 quaedam]
1538 2136 1841 2189 Atrebatensis
1872 2148 1942 2176 co-

1055 2201 1155 2253 deX,
1174 2203 1347 2242 Himera
1366 2204 1557 2254 quaedam.
1576 2201 1840 2254 Legendum,
1859 2200 1939 2239 Hi-

1057 2277 1215 2306 meroea.
1244 2266 1436 2317 Pighius-

1108 2329 1360 2380 Lentiginosi
1395 2329 1494 2380 oris]
1525 2329 1824 2370 Glossarium:
1864 2325 1938 2365 Φά-

1056 2395 1182 2444 nospes,
1210 2393 1503 2443 Lentiginosus‚
1524 2403 1661 2443 sparso
1680 2403 1758 2430 ore.
1789 2390 1942 2441 Sump-

1057 2456 1115 2496 sit
1152 2456 1225 2495 ille
1262 2456 1503 2508 quicunque
1539 2453 1854 2506 γλωσσόγραφος
1887 2466 1942 2492 ex

1055 2520 1251 2560 Terentii
1276 2518 1791 2558 Heautontimorumeno:
1828 2518 1839 2538 ‘
1857 2517 1944 2556 Ru-

1054 2580 1197 2621 famne
1215 2581 1329 2621 illam
1350 2581 1576 2633 virginem,
1593 2580 1782 2630 caesiam,
1795 2591 1941 2632 sparso

1055 2657 1146 2696 ore,
1166 2643 1334 2685 adunco
1351 2657 1454 2684 naso
1470 2643 1499 2684 ?'
1530 2644 1619 2684 Ubi
1640 2643 1942 2692 Grammatici,

1053 2708 1066 2730 ‘
1083 2719 1276 2760 sparsum
1317 2707 1397 2760 os,'
1434 2708 1585 2759 latum,
1615 2707 1651 2747 si
1675 2707 1755 2746 Dis
1782 2707 1943 2759 placet,

1055 2771 1411 2824 interpretantur.
1470 2772 1625 2811 Doceo
1660 2772 1806 2823 itaque
1839 2781 1940 2810 con-

1056 2841 1124 2876 tra
1159 2835 1501 2887 Paedagogorum
1539 2833 1767 2882 factiones,
1794 2833 1940 2884 ‘spar-

1056 2911 1148 2938 sum
1166 2897 1228 2937 os'
1246 2910 1342 2938 esse
1362 2897 1683 2949 lentiginosum.
1716 2897 1844 2936 Celer.

1109 2961 1368 3014 Dionysium]
1411 2961 1658 3012 Occupavit
1677 2960 1747 2999 hic
1768 2959 1941 3011 imperi·

1055 3038 1126 3066 um
1148 3025 1352 3077 vigesimo
1371 3025 1519 3077 quinto
1540 3036 1629 3063 suae
1649 3022 1793 3077 astatis
1810 3034 1939 3068 anno,

1056 3094 1101 3129 et
1119 3088 1317 3141 regnavit
1347 3088 1468 3127 annis
1503 3086 1667 3125 dnobus
1697 3089 1742 3125 et
1757 3084 1938 3136 qnadra-

1056 3154 1192 3204 ginta,
1210 3158 1325 3193 teste
1346 3151 1554 3192 Cicerone
1577 3148 1748 3189 Tuscul.
1769 3149 1938 3188 Quaest.

1054 3217 1131 3257 lib.
1156 3228 1202 3258 v.

1109 3275 1414 3331 Syracusarum]
1425 3274 1540 3315 'Vide
1554 3284 1684 3325 supra
1693 3283 1788 3321 cap.
1801 3273 1838 3308 1.
1854 3270 1875 3320 ξ
1896 3272 1935 3307 S.

1113 3341 1272 3381 Coelesti
1288 3338 1480 3388 custodia]
1527 3337 1638 3378 Quia
1657 3334 1699 3373 id
1720 3330 1935 3383 significa-

1054 3403 1145 3452 bat,
1177 3403 1290 3455 quod
1334 3402 1517 3454 pedibus
1554 3397 1677 3438 Jovis
1714 3394 1937 3445 subjectus

1045 3465 1237 3518 jacebat,
1253 3466 1392 3516 ipsum
1420 3474 1504 3501 non
1531 3461 1744 3499 exiturum
1772 3457 1815 3495 iu
1838 3467 1935 3507 per-

1054 3529 1229 3579 niciem,
1261 3527 1343 3568 nisi
1377 3522 1550 3578 quando
1584 3520 1661 3563 Dii
1681 3532 1777 3562 eum
1797 3519 1933 3560 solve-
