2320 4004
496 298 754 342 vitemur
797 293 1037 335 MAXlMt
1082 291 1199 331 ms.
1239 290 1330 330 111.
1370 289 1504 330 GAP.
1531 277 1582 328 5.

1818 271 1963 325 1101

139 420 373 475 superioris
408 417 604 460 Africani
642 415 791 458 consul
838 411 1016 454 sortitus
1080 410 1298 462 Tanquam
1344 395 1542 460 indignus
1600 407 1716 445 esset
1763 403 1963 442 annulum

140 484 401 537 provinciam
432 481 596 531 Asiam,
615 485 664 519 ut
691 478 848 518 bellum
868 475 1018 515 adver-

140 560 212 588 sus
243 545 499 587 Antiochum
527 547 714 596 gereret,
730 554 856 595 quam
888 540 1020 580 Sena-

139 616 212 650 tus
229 621 282 650 eo
293 607 495 648 libentius
512 606 741 655 concessit,
756 603 870 657 quod
884 601 1022 642 frater

143 671 375 712 Africanus
394 670 510 710 ultro
541 668 760 720 pollicitus
794 671 877 716 est,
904 676 949 704 se
977 662 1022 702 in

142 734 290 776 Asiam
307 733 464 773 iturum
496 731 558 772 illi
591 733 795 783 legatum.
849 724 900 768 L.
921 737 1024 778 ergo

143 797 346 849 Scipione
362 801 410 836 et
439 793 651 835 Africano
679 790 886 833 fratribus
906 801 1027 830 exer-

145 860 278 901 citum
296 856 614 911 trajicientibus
642 857 686 895 in
704 854 866 904 Asiam,
882 850 1025 892 nuncii

143 927 370 972 venerunt,
397 919 656 961 debellatum
686 919 889 970 utrinque
920 926 1031 965 esse,

147 998 174 1025 a
192 989 310 1025 terra
328 984 488 1036 quippe
509 982 563 1022 ab
582 981 718 1022 Atilio
738 979 922 1031 Regulo,
939 990 1028 1016 ma-

147 1049 185 1088 ri
216 1052 362 1088 autem
386 1046 441 1087 ab
473 1045 654 1085 AEmilio.
709 1043 858 1083 Primo
895 1038 1031 1092 igitur

151 1111 343 1152 adventu
374 1120 521 1150 eorum
568 1109 734 1159 legatos
767 1117 919 1158 pacem
957 1115 1031 1156 pe·

149 1175 293 1215 tentes
319 1171 556 1212 Antiochus
575 1170 629 1210 ad
656 1182 728 1210 eos
749 1168 882 1209 mittit
901 1180 1033 1220 pecu·

147 1237 258 1278 liare
289 1236 448 1276 donum
479 1233 688 1275 Africano
731 1231 920 1273 ferentes
952 1230 1034 1271 fili-

148 1312 220 1340 um
257 1299 369 1351 ejus,
407 1310 534 1350 quem
571 1309 651 1337 rex
695 1308 830 1348 parvo
865 1294 1034 1346 navigio

151 1363 441 1416 trajicientem
485 1365 693 1412 ceperat3
739 1359 854 1398 hunc
890 1364 1036 1397 autem

153 1427 283 1479 regiis
320 1424 565 1465 muneribus
611 1423 814 1463 donatum
858 1421 1037 1461 remisit.

154 1491 252 1532 Pax
303 1490 396 1541 regi
448 1487 569 1537 data,
621 1492 744 1538 parte
804 1484 1039 1537 provinciae

156 1553 362 1605 adempta
398 1563 531 1605 usque
552 1550 606 1590 ad
627 1555 816 1590 montem
835 1549 1039 1588 Taurum.

162 1616 313 1656 Oliver.

210 1678 369 1730 Altero]
408 1678 561 1730 Patre,
582 1676 656 1729 qui
690 1674 922 1715 Africanus
942 1685 1042 1725 cog·

162 1743 406 1783 nominatus
428 1740 482 1781 ab
502 1751 708 1792 oppressa
725 1738 893 1779 Africa.

182 1813 189 1820 ’
214 1804 372 1856 Altero]
412 1804 596 1854 Pan-uo,
612 1804 682 1856 qui
706 1803 924 1844 Asiaticus
955 1800 1045 1841 dic·

163 1868 234 1910 t'us
253 1873 320 1909 est
338 1873 596 1920 recuperata
618 1865 735 1907 Asia.

220 1933 391 1974 Deorum
425 1929 712 1981 hominumque]
769 1927 883 1972 Quia
918 1938 1047 1968 curru

163 1995 429 2047 triumphans
451 1997 597 2033 vectus
617 1998 684 2033 est
704 1992 747 2031 in
767 1992 1046 2051 Capitolium,

163 2057 239 2098 ubi
255 2057 330 2097 Dii
350 2061 397 2097 et
412 2056 605 2096 homines
619 2055 739 2095 illum
757 2054 1046 2095 intuebantur.

167 2120 320 2161 ouver.
456 2170 458 2172 ι

218 2182 332 2222 Idem
346 2185 531 2233 proeturae
544 2181 710 2233 petitor]
756 2181 846 2222 Hic
863 2187 908 2222 et
930 2182 1048 2222 Cice-

167 2257 282 2298 reus,
314 2246 388 2297 qui
418 2246 560 2286 scriba
589 2246 727 2297 patris
762 2247 852 2297 ejus
891 2244 1052 2296 fuerat,

169 2308 478 2360 competitores
520 2314 643 2347 erant
681 2314 923 2359 ‚praeturaez
978 2309 1052 2359 qui

169 2371 329 2412 cumin
346 2361 547 2422 campum
564 2370 771 2410 Martium
788 2370 992 2418 venisset,
1010 2370 1053 2409 in

168 2434 332 2474 honore
348 2433 489 2473 scriba
509 2433 715 2473 Cicereus
734 2434 924 2485 Scipioni
945 2446 1053 2485 prae-

169 2495 284 2536 latus
304 2500 373 2536 est
390 2509 403 2536 ε
449 2495 527 2535 sed
546 2495 615 2534 hic
635 2501 777 2535 motus
811 2497 1055 2536 reverentia

171 2558 309 2610 patris
329 2558 440 2610 ejus,
469 2558 590 2609 cujus
618 2557 759 2598 scriba
778 2556 937 2608 fuerat,
955 2571 1055 2598 con-

171 2621 306 2662 cessit
342 2621 404 2660 illi
449 2626 701 2672 praeturam,
750 2633 874 2673 quam
913 2626 1056 2661 tamen

170 2684 348 2737 cognati
379 2684 470 2736 ejus
506 2683 807 2725 administrare
840 2697 925 2725 non
957 2691 1058 2726 sunt

170 2747 305 2800 passi.
336 2746 494 2788 Oliver.
572 2747 767 2787 Praeturoe
789 2748 957 2800 petitor]
1003 2749 1057 2788 Id

173 2816 257 2864 est,
272 2824 369 2853 cum
395 2818 592 2865 tempore
621 2813 891 2853 comitiorum
911 2813 1056 2853 candi-

173 2875 301 2916 datus
322 2877 365 2917 in
383 2889 580 2928 campum
600 2877 805 2917 Martium
825 2878 878 2918 ad
907 2884 1057 2929 peten-

174 2939 273 2979 dam
294 2945 529 2992 praeturam
549 2939 852 2982 descenderet.
884 2941 1057 2981 Badius.

233 3003 455 3043 Candidum
474 3003 626 3054 togam]
654 3004 750 3045 Qua
769 3004 1059 3044 induebantur

176 3065 222 3105 in
240 3065 406 3117 signum
439 3066 639 3105 candoris
673 3067 820 3116 animi,
835 3067 952 3108 nulla
971 3080 1058 3108 am-

177 3127 340 3169 bitione
354 3134 429 3169 aut
447 3129 626 3168 avaritia
644 3130 812 3181 polluti.
841 3130 967 3171 Idem.

234 3191 285 3231 In
311 3191 507 3242 campum]
537 3191 765 3242 Martium,
785 3192 859 3232 ubi
884 3194 1061 3235 comitia

178 3251 469 3293 habebantur.

235 3315 451 3367 Annulum]
493 3316 592 3356 Hoc
617 3321 760 3358 autem
781 3316 988 3368 faciebat,
1006 3331 1061 3359 ne

183 3386 237 3414 eo
256 3377 676 3429 quicquamtemere
695 3381 888 3432 signaret
905 3395 916 3421 ε
963 3393 1061 3422 nam

183 3436 228 3475 in
262 3439 416 3479 annulo
449 3441 570 3492 signa
603 3455 678 3482 sua
714 3443 822 3497 fere,
861 3450 910 3484 ut
947 3457 1062 3486 nunc

185 3502 324 3553 multi,
356 3504 585 3547 habebant.
622 3507 790 3550 Badius.
842 3508 1062 3560 Annulum]

1085 478 1273 525 gestare,
1299 473 1368 514 cui
1387 472 1601 523 insculpta
1631 471 1749 508 esset
1772 464 1966 507 Africani

1084 536 1243 586 imago.

1140 599 1340 650 Fulmine]
1387 599 1441 638 Id
1474 603 1558 649 est,
1595 593 1966 637 vehementissimo

1086 664 1264 705 lumine.

1143 730 1166 780 ς
1186 731 1211 767 2
1230 727 1319 777 Age
1340 727 1394 772 Q.
1411 725 1530 767 Fabii
1545 723 1739 775 Maximi]
1769 722 1855 763 Hic
1873 720 1973 773 fuit,

1089 790 1163 843 qui
1183 789 1388 829 adversus
1406 787 1661 840 Allobroges
1681 792 1727 827 et
1748 786 1973 826 Betultum

1091 853 1385 893 Arvernorum
1413 863 1574 902 regem,
1595 849 1829 890 secundum
1849 860 1977 901 quos-

1093 917 1205 963 dam,
1241 915 1359 957 felici
1395 928 1538 968 pugna
1573 908 1811 955 dimicavit.
1862 913 1977 952 Nam

1094 981 1248 1033 viginti
1276 981 1394 1021 milia
1428 980 1617 1020 hostium
1643 990 1668 1018 e
1689 989 1835 1030 pugna
1865 987 1978 1016 caesa

1095 1039 1313 1095 dicuntur,
1346 1049 1394 1084 et
1430 1055 1528 1084 cum
1564 1041 1766 1082 Betultus
1799 1039 1977 1079 Romam

1095 1107 1298 1158 venisset,
1315 1113 1364 1147 ut
1381 1106 1559 1147 Senatui
1591 1103 1881 1152 satisfaceret,
1898 1103 1981 1142 hoc

1097 1175 1182 1220 est,
1198 1175 1247 1209 ut
1267 1181 1313 1210 se
1333 1174 1560 1210 excusaret
1579 1167 1694 1222 quod
1711 1181 1737 1207 a
1757 1180 1802 1207 se
1824 1166 1980 1206 bellum

1096 1233 1204 1273 illud
1232 1245 1316 1273 non
1337 1239 1450 1274 esset
1485 1239 1642 1284 ortum,
1668 1237 1715 1271 et
1748 1234 1983 1282 propterea

1099 1297 1181 1336 sibi
1213 1297 1380 1348 ignosci
1410 1302 1456 1337 et
1490 1308 1642 1348 pacem
1670 1294 1764 1334 dari
1798 1298 1986 1345 peteret,

1103 1359 1255 1398 Albam
1275 1360 1441 1411 missus,
1471 1359 1660 1399 traditus
1681 1363 1749 1398 est
1779 1358 1821 1397 in
1842 1362 1984 1397 custo-

1102 1423 1231 1474 diam,
1250 1428 1295 1462 et
1327 1435 1424 1462 cum
1458 1422 1691 1463 secundum
1726 1432 1878 1472 pacem
1897 1432 1984 1459 non

1104 1486 1328 1526 videretur
1347 1485 1479 1526 filium
1500 1485 1591 1537 ejus
1615 1483 1984 1535 Congoneciarum
2050 1502 2053 1507 ·

1105 1550 1148 1589 in
1170 1550 1349 1600 imperio
1382 1561 1493 1601 esse,
1528 1561 1582 1589 ne
1605 1558 1766 1590 motum
1799 1548 1985 1600 aliquem

1105 1613 1148 1651 in
1170 1611 1389 1663 provincia
1421 1612 1676 1661 concitaret,
1708 1611 1801 1662 ipse
1820 1622 1989 1662 quoque

1107 1677 1284 1715 Romam
1305 1675 1470 1715 accitus
1490 1680 1570 1715 est.
1626 1674 1824 1714 Valerius
1846 1680 1990 1713 tamen

1105 1738 1184 1778 lib.
1203 1750 1271 1778 ix.
1290 1750 1388 1789 cap.
1407 1742 1447 1778 6.
1463 1738 1519 1778 de
1535 1737 1742 1786 Perfidia,
1759 1737 1865 1777 dicit
1881 1737 1992 1777 hunc

1107 1813 1254 1852 regem
1268 1802 1492 1842 Betultum
1511 1813 1598 1841 non
1618 1813 1643 1840 a
1662 1800 1797 1841 Fabio
1818 1800 1994 1851 victum,

1108 1877 1248 1918 neque
1275 1873 1428 1918 sponte
1460 1867 1641 1906 Romam
1670 1865 1854 1916 venisse,
1870 1865 1946 1904 sed
1968 1878 1994 1905 a

1110 1930 1188 1970 Cu.
1209 1930 1404 1970 Domitio
1423 1929 1607 1982 perfidia
1641 1934 1830 1980 captum,
1848 1935 1893 1968 et
1913 1929 1996 1968 Ro·

1110 2004 1220 2032 mam
1252 1993 1428 2033 missum
1462 1992 1607 2033 fuisse.
1675 1992 1803 2034 Quod
1833 1990 1995 2032 factum

1109 2056 1292 2095 Senatus
1312 2068 1392 2096 nec
1409 2056 1611 2108 probare,
1636 2068 1718 2096 nec
1750 2055 1996 2095 rescindere

1111 2119 1266 2170 voluit,
1298 2118 1375 2158 sed
1409 2131 1555 2170 regem
1592 2117 1746 2158 Albam
1787 2117 1996 2158 custodiae

1111 2194 1239 2221 causa
1253 2182 1478 2232 relegavit,
1491 2181 1602 2234 qnod
1617 2182 1649 2220 si
1664 2182 1725 2221 sic
1739 2186 1822 2231 est,
1839 2181 1997 2221 Fabius

1113 2257 1201 2284 rem
1225 2253 1390 2286 tautum
1405 2258 1501 2286 cum
1516 2244 1819 2297 Allobrogibus
1834 2244 1999 2285 habuit.

1118 2309 1269 2348 Oliver.

1168 2372 1358 2411 Paternis
1376 2371 1504 2422 bonis]
1551 2371 1764 2423 Prodigus
1793 2370 1916 2411 bonis
1935 2371 2001 2410 in-

1115 2436 1430 2477 terdicebatur.
1487 2436 1690 2475 Formula
1722 2439 1846 2474 extat
1883 2434 1999 2485 apud

1116 2499 1300 2538 Paulum
1320 2499 1392 2539 lib.
1418 2511 1490 2540 111.
1516 2499 1635 2538 Sent.
1652 2499 1739 2537 Tit.
1758 2501 1797 2537 4.
1854 2507 2002 2539 QVAN-

1118 2574 1181 2602 Do
1217 2573 1314 2602 ’ΝΑ
1350 2574 1477 2602 ΒοΝΑ
1514 2573 1727 2601 PATERNA
1761 2571 2002 2602 Avi'rAQvss

1118 2637 1350 2669 NEQVITIA
1365 2636 1463 2665 'rvA
1478 2636 1734 2676 mwmuus,
1749 2634 2003 2665 LrBERost

1118 2700 1231 2729 'rvos
1265 2701 1328 2729 An
1366 2700 1634 2730 EGEs'rA'rEM
1670 2699 1905 2738 PERDv01S,
1942 2698 2003 2726 013

1118 2764 1216 2793 EAM
1235 2765 1335 2794 REM
1353 2765 1453 2794 'rim
1470 2763 1529 2793 ΕΑ
1547 2764 1608 2793 RE
1631 2760 2003 2795 οοΜΜΕΒοιοανΕ

1118 2827 1387 2857 1NTERn1co.

1172 2879 1342 2930 Disjici]
1371 2879 1424 2919 Id
1443 2886 1524 2931 est,
1539 2879 1786 2933 dilapidari.

1174 2943 1315 2982 Nimia
1327 2945 1460 2995 patris
1476 2945 1742 2996 indulgentia]
1785 2944 1871 2987 Qui
1898 2949 2005 2985 tam-

1121 3007 1204 3046 etsi
1232 3006 1365 3046 filium
1393 3007 1619 3060 prodigum
1652 3009 1839 3058 videret,
1860 3013 2002 3048 tamen

1120 3081 1218 3110 eum
1237 3070 1415 3123 reliquit
1434 3071 1666 3111 haeredem.
1698 3072 1849 3111 Oliver.

1175 3134 1198 3184 ᾗ
1218 3136 1242 3171 3
1272 3133 1456 3173 Possedit
1476 3133 1659 3182 favorem
1683 3135 1806 3185 plebis
1826 3132 2005 3183 Clodius]

1120 3195 1308 3236 Tametsi
1324 3193 1499 3238 Clodius
1527 3199 1717 3238 Pulcher
1736 3196 2007 3237 seditiosissi-

1122 3269 1216 3297 mus
1232 3257 1382 3310 fuerit,
1402 3265 1545 3300 tamen
1564 3261 1787 3312 plurimum
1811 3258 1942 3297 valuit
1961 3258 2004 3297 in

1124 3321 1295 3372 republ.
1316 3334 1416 3362 nam
1432 3324 1534 3363 trib.
1554 3322 1670 3374 pleb.
1689 3321 1785 3368 suit,
1807 3321 1911 3359 etin
1930 3320 2005 3359 tri·

1122 3381 1288 3423 bunatu
1310 3397 1384 3423 suo
1414 3385 1664 3425 Ciceronem
1699 3382 1878 3433 dejecit,
1909 3394 2005 3421 cum

1125 3457 1172 3484 se
1195 3451 1333 3486 totum
1354 3447 1470 3497 plebi
1497 3447 1768 3485 insinuasset.
1824 3445 2006 3484 Constat

1125 3514 1271 3549 autem
1303 3521 1450 3549 omnes
1480 3508 1650 3549 Clodios
1671 3518 1838 3559 semper
1857 3513 2007 3559 potcn-
