2288 3990
546 271 806 311 VALERu
851 270 1092 310 MAXIMI
1133 270 1253 309 Lm.
1285 272 1323 310 1.
1364 269 1496 307 cAP.
1521 256 1572 308 6.

161 398 338 436 vocatur
350 392 512 446 optimo
525 392 640 445 jure,
653 391 752 445 quia
769 390 943 431 flamma
955 390 1031 430 lux

157 458 270 508 ignis
307 461 390 506 est,
416 467 442 495 a
467 468 551 508 quo
588 455 660 494 illa
691 454 842 495 oritur.
872 455 1033 493 Lucem

157 533 308 572 puram
331 520 462 561 fuisse
493 520 594 560 inde
626 520 882 572 colligimus,
918 517 1032 571 quod

154 583 266 635 pilos
315 583 621 636 collustrando,
657 582 767 623 haud
819 593 1031 635 quaquam

154 646 451 699 combusserit,
470 647 606 700 qualis
623 647 696 686 illa
711 645 856 686 forsan
873 645 915 684 in
938 645 1032 684 Me-

154 710 395 760 sopotamia
423 710 536 750 Mosi
569 709 673 749 visa.
718 709 874 748 Parem
895 708 1032 747 aleam

153 776 357 823 expertus
386 778 455 812 est
479 772 595 824 apud
615 770 843 822 Virgilium
862 769 1031 810 AEneid.

156 843 210 874 n.
239 832 474 876 Ascanius:
513 835 654 875 ‘Ecce
673 834 780 874 levis
800 845 962 873 summo
977 832 1032 872 de

155 897 319 938 vertice
330 898 440 938 visus
450 898 532 938 Iuli
546 898 742 938 Fundere
754 898 896 937 lumen
907 908 1033 948 apert,

157 963 363 1011 tactuque
418 960 592 1001 innoxia
649 959 767 999 molli
822 959 1032 1000 Lambere

156 1018 325 1060 flamma
353 1033 513 1071 comas,
550 1026 595 1061 et
635 1021 795 1061 circum
837 1026 1035 1073 tempora

130 1084 291 1135 pasci.
346 1085 438 1125 Nos
478 1084 624 1136 pavidi
650 1084 866 1135 trepidare
898 1089 1035 1135 metu,

156 1145 404 1200 crinemque
432 1145 684 1199 flagrantem
716 1148 953 1198 Excutere,
989 1153 1035 1188 et

158 1214 329 1249 sanctos
364 1210 634 1262 restinguere
660 1209 850 1250 fontibus
882 1207 1035 1261 ignes?

156 1270 375 1311 Diversus
413 1272 602 1312 Laviniae
648 1274 690 1314 N
694 1284 862 1313 overcae
893 1273 1035 1324 splen-

158 1332 254 1382 dor,
271 1333 374 1385 quia
404 1334 542 1374 lucem
571 1332 742 1374 flamma
759 1346 888 1374 urens
907 1335 1037 1374 comi-

160 1394 353 1446 tabatur,
371 1403 418 1436 ut
435 1396 596 1436 cecinit
613 1397 742 1436 Maro
762 1396 930 1437 AEneid.
951 1408 1036 1438 vu.

158 1461 407 1501 ‘Praeterea
430 1461 561 1501 castis
587 1460 732 1501 adolet
761 1461 863 1500 dum
882 1461 1038 1501 altaria

161 1523 308 1575 taedis,
326 1524 385 1564 Et
403 1524 534 1576 juxta
553 1524 788 1575 genitorem
822 1529 938 1564 astat
957 1525 1036 1564 La-

159 1586 275 1625 vinia
293 1586 430 1638 virgo,
440 1587 546 1626 Visa
565 1586 707 1639 (nefas
720 1584 755 1638 !)
775 1587 907 1626 comis
923 1599 1036 1627 com·

159 1648 375 1699 prendere
394 1648 579 1688 crinibus
601 1648 760 1700 ignem,
779 1648 927 1701 Atque
949 1661 1037 1689 om-

161 1721 275 1760 nem,
326 1715 522 1750 ornatum
571 1709 741 1750 flamma
790 1712 1038 1763 crepitante

161 1772 373 1814 cremari?
425 1775 495 1814 De
515 1774 649 1815 Lucio
678 1775 841 1815 Martio
861 1780 1037 1816 narrant

160 1835 306 1876 Livius
330 1836 405 1877 lib.
433 1848 546 1878 xxv.
570 1837 772 1878 Valerius
790 1838 868 1878 lib.
886 1851 917 1879 1.
937 1851 1036 1890 cap.

162 1902 205 1939 6.
247 1899 406 1939 Poenos
437 1912 692 1953 aggressum
711 1906 755 1941 et
783 1901 937 1941 ducem
958 1901 1038 1942 As-

161 1959 402 2013 drubalem,
418 1961 631 2003 flammam
666 1965 939 2004 concionanti
970 1963 1038 2004 fu·

159 2034 247 2063 sam
267 2034 292 2064 e
310 2025 455 2076 capite
475 2025 567 2065 sine
596 2026 728 2078 ipsius
763 2039 908 2079 sensu,
941 2040 1039 2068 cum

162 2097 317 2137 magno
343 2098 500 2138 pavore
535 2089 903 2131 circumstantium
931 2091 1041 2131 mili-

163 2155 270 2190 tum.
288 2151 565 2192 Bar-motinus.

214 2211 327 2252 Vide
340 2218 383 2254 et
398 2215 638 2255 Cardanum
654 2216 708 2256 de
726 2217 883 2257 Rerum
896 2217 1044 2258 Varie·

161 2279 240 2316 tat.
258 2275 335 2316 lib.
354 2287 462 2317 vm.
481 2289 578 2329 cap.
597 2281 666 2318 43.
696 2284 740 2319 et
769 2279 1032 2332 Scaligerum

163 2338 406 2379 Exercitat.
421 2343 518 2380 274.

220 2400 352 2440 Prisci
365 2401 568 2453 Tarquinii
580 2402 690 2453 regis
710 2403 832 2455 uxor]
851 2404 979 2455 Quae,
996 2409 1046 2444 ut

171 2463 459 2514 prodigiorum
515 2466 792 2516 peritissima,
843 2467 1047 2518 cognovit

164 2528 258 2569 Ser.
291 2529 473 2570 Tullium
516 2542 698 2582 puerum
745 2532 1045 2584 dormientem,

165 2590 287 2642 cujus
305 2598 436 2644 caput
452 2591 622 2632 flamma
641 2593 939 2646 corripuisset,
958 2595 1045 2635 cla-

166 2665 258 2695 rum
294 2655 524 2708 aliqnando
550 2668 794 2709 evasurum,
816 2659 887 2710 qui
913 2659 1044 2699 etiam

166 2717 299 2770 regiae
313 2719 530 2771 majestati
552 2719 594 2758 in
610 2719 739 2760 rebus
757 2719 929 2762 afflictis
948 2735 1044 2762 suc-

167 2785 379 2821 curreret.
408 2782 563 2834 Itaque
583 2793 680 2822 cum
700 2783 872 2835 quidam
891 2783 1045 2825 famili-

167 2843 302 2884 arium
319 2851 470 2896 aquam
481 2844 539 2884 ad
552 2845 889 2897 extinguendum
902 2847 1047 2889 incen-

168 2905 284 2947 dium
305 2905 499 2958 afferret,
519 2913 567 2948 ut
594 2908 742 2948 Livius
776 2914 901 2949 autor
924 2917 1005 2962 est,
1023 2923 1049 2951 a

166 2969 318 3021 regina
345 2970 603 3022 prohibitum
631 2971 793 3021 ferunt,
812 2963 1049 3026 sedatoque

166 3033 370 3082 tumultu,
384 3033 546 3073 moveri
564 3044 741 3085 puerum
753 3035 959 3087 vetuisse,
976 3036 1049 3076 do·

165 3104 247 3134 nec
254 3106 331 3134 sna
338 3100 492 3147 sponte
503 3101 788 3147 experrectus
799 3103 926 3137 esset:
942 3103 1050 3150 tum,

168 3156 356 3197 adducto
369 3157 412 3197 in
426 3163 639 3199 secretum
654 3159 744 3199 viro
755 3160 1052 3213 Tanaquil,Vi·

167 3217 299 3259 desne
325 3225 373 3260 tu
401 3233 580 3272 puerum
609 3222 737 3274 hunc,
756 3222 910 3275 inquit,
923 3236 1050 3277 quem

167 3285 255 3321 tam
267 3282 413 3322 humili
421 3285 539 3324 cultu
551 3284 804 3325 educamus?
817 3286 935 3327 Scire
947 3288 1050 3329 licet

168 3343 311 3384 lumen
331 3345 540 3397 quondam
561 3346 690 3386 rebus
715 3348 873 3388 nostris
907 3349 1047 3391 dubiis

170 3402 376 3458 futurum,
393 3408 724 3461 praesidiumque
751 3411 880 3461 regiae
917 3412 1047 3453 afflic-

179 3470 260 3507 tae:
285 3470 466 3520 proinde
483 3472 704 3512 materiam
724 3472 912 3525 ingentis
940 3475 1047 3526 pub·

1865 255 1972 307 949

1093 389 1174 429 lice
1196 387 1483 441 privatimque
1515 386 1681 427 decoris
1701 385 1813 426 omni
1833 386 1972 427 indul-

1095 453 1240 503 gentia
1271 457 1419 492 nostra
1450 450 1710 499 nutriamus3
1739 449 1839 489 inde
1873 462 1975 501 pue·

1095 527 1189 554 rum
1222 514 1454 554 liberorum
1488 515 1581 553 loco
1617 517 1804 564 coeptum
1828 512 1977 553 haberi

1095 575 1341 629 erudirique
1389 575 1570 627 artibus,
1609 575 1766 627 quibus
1802 574 1977 626 ingenia

1095 641 1149 681 ad
1177 653 1344 692 magnae
1376 640 1561 681 fortunae
1599 641 1760 680 cultum
1783 640 1978 679 excitan-

1095 709 1181 744 tur.
1237 705 1395 745 Evenit
1426 703 1557 745 facile
1585 703 1698 757 quod
1730 703 1829 744 Diis
1855 702 1978 743 cordi

1095 772 1225 817 esset,
1238 767 1411 819 juvenis
1430 767 1567 807 evasit
1590 779 1706 806 verae
1739 766 1891 806 indolis
1910 777 1977 810 re-

1095 831 1191 882 giae,
1208 842 1289 870 nec
1317 842 1415 870 cum
1435 835 1705 882 quaereretur
1725 841 1858 881 gener
1871 829 1979 868 Tar-

1095 892 1256 946 quinio,
1276 892 1498 944 quisquam
1515 893 1721 932 Romanae
1732 891 1978 943 juventutis

1096 957 1180 997 ulla
1199 960 1295 995 arte
1315 955 1499 995 conferri
1520 956 1677 1006 potuit,
1692 953 1912 1008 filiamque
1932 955 1975 994 ei

1095 1031 1173 1059 rex
1203 1017 1450 1070 despondit,
1472 1030 1556 1071 quo
1572 1017 1727 1057 deinde
1749 1030 1881 1069 creso,
1899 1019 1978 1058 Ta·

1096 1083 1280 1135 naquilis
1310 1087 1403 1122 arte
1434 1088 1480 1123 et
1513 1083 1692 1123 consilio
1726 1083 1769 1122 in
1799 1094 1979 1134 regnum

1098 1146 1358 1187 substitutus
1376 1146 1477 1187 fuit.
1535 1146 1702 1186 Plinius
1720 1147 1776 1186 de
1807 1147 1901 1186 Vir.
1921 1146 1983 1185 Il-

1097 1210 1198 1249 lust.
1252 1209 1264 1231 ‘
1283 1209 1505 1260 Servius‚'
1544 1209 1699 1262 iuquit,
1753 1210 1765 1231 ‘
1788 1210 1978 1260 Tullius,

1098 1272 1152 1312 P.
1186 1272 1464 1313 Corniculani
1510 1277 1555 1311 et
1593 1272 1748 1313 Crisiae
1792 1273 1979 1323 captivae

1098 1332 1226 1384 filius,
1245 1346 1343 1374 cum
1377 1334 1420 1373 in
1454 1334 1581 1375 domo
1599 1335 1821 1387 Tarquinii
1839 1337 1983 1377 Prisci

1098 1394 1380 1447 educaretur,
1420 1393 1602 1437 flammae
1640 1399 1812 1449 species
1850 1405 1984 1451 caput

1099 1457 1193 1508 ejus
1223 1459 1423 1509 amplexa
1455 1459 1552 1499 est?
1608 1460 1720 1500 Sunt
1743 1462 1814 1513 qui
1847 1462 1984 1502 velint

1098 1520 1284 1560 Vulcani
1314 1520 1445 1561 filium
1481 1520 1631 1562 fuisse.
1687 1524 1813 1564 Unde
1842 1525 1982 1565 illud:

1101 1583 1327 1635 ‘Namque
1354 1589 1479 1635 pater
1510 1586 1622 1625 Tulli
1638 1587 1871 1634 Vulcanus,
1892 1588 1984 1628 Cri-

1101 1646 1163 1685 sia
1195 1652 1347 1698 mater,
1377 1647 1612 1699 Praesignis
1646 1648 1760 1689 facie
1781 1651 1984 1691 Cornicu-

1099 1708 1197 1748 lana
1234 1708 1334 1750 fuit.
1406 1710 1532 1750 Hanc
1579 1723 1725 1752 secum
1760 1714 1989 1767 Tanaquil,

1099 1773 1233 1812 sacris
1253 1773 1309 1813 de
1335 1785 1455 1814 more
1475 1777 1679 1828 peractiS,
1697 1777 1835 1818 Jussit
1855 1779 1897 1818 in
1918 1790 1984 1819 or-

1099 1841 1250 1875 natum
1283 1835 1468 1877 fundere
1488 1838 1587 1878 vina
1605 1838 1764 1880 focum.
1811 1841 1902 1882 Hic
1921 1842 1984 1881 in·

1102 1904 1170 1939 ter
1190 1899 1358 1940 cineres
1379 1900 1568 1941 obscoeni
1590 1902 1728 1944 forma
1746 1905 1880 1945 virilis
1895 1907 1986 1947 Aut

1099 1961 1199 2013 fuit,
1217 1969 1291 2003 aut
1313 1963 1403 2003 visa
1422 1971 1488 2004 est
1506 1979 1516 2004 ε
1547 1966 1622 2005 sed
1640 1965 1724 2007 fuit
1743 1958 1817 2007 illa
1837 1970 1987 2021 magis.

1102 2025 1236 2067 Jussa
1257 2026 1356 2067 foco
1384 2028 1558 2079 captiva
1590 2029 1732 2081 sedet,
1752 2038 1986 2084 conceptus

1106 2088 1159 2128 ab
1178 2089 1252 2129 illa
1269 2089 1444 2130 Servius
1463 2102 1486 2130 a
1517 2092 1627 2132 coelo
1647 2094 1822 2134 nomina
1841 2096 1985 2147 gentis

1104 2152 1250 2193 habet.
1280 2154 1422 2205 Signa
1436 2154 1557 2195 dedit
1579 2157 1749 2207 genitor
1771 2165 1872 2198 tunc
1891 2172 1988 2200 cum

1104 2220 1235 2266 caput
1268 2215 1369 2266 igne
1406 2228 1584 2258 corusco
1622 2220 1832 2273 Contigit,
1857 2221 1987 2275 inque

1105 2276 1238 2316 comis
1266 2275 1486 2318 flammeus
1507 2280 1613 2320 arsit
1632 2282 1774 2333 apex!
1803 2285 1955 2325 Oliver.

1160 2339 1344 2381 Servium
1374 2353 1488 2381 serva
1505 2344 1659 2395 natum]
1692 2339 1988 2400 Plerique'co-

1109 2402 1228 2442 dices
1255 2403 1431 2454 habent,
1471 2405 1654 2447 Servium
1688 2420 1801 2449 serva
1836 2416 1990 2463 natum,

1108 2466 1262 2506 omisso
1296 2467 1427 2507 Tullii
1465 2469 1580 2520 regis
1611 2473 1900 2522 praenomine:
1935 2476 1988 2515 ad

1107 2529 1219 2581 quod
1254 2529 1394 2582 ipsum
1430 2533 1581 2573 allusio
1621 2540 1767 2575 tamen
1800 2549 1885 2577 non
1925 2544 1992 2579 est

1108 2590 1271 2642 inepta,
1313 2594 1350 2633 si
1387 2594 1591 2636 retineas.
1665 2597 1839 2640 Idcirco
1876 2601 1990 2642 enim

1107 2654 1291 2695 Servium
1322 2657 1588 2709 appellatum
1607 2670 1704 2700 esse
1725 2663 1862 2704 tradit
1886 2664 1991 2705 Dio·

1107 2718 1270 2770 nysius,
1302 2720 1416 2771 quod
1451 2732 1476 2761 e
1528 2734 1652 2764 serva
1687 2731 1828 2766 matre
1863 2736 1991 2770 natus

1109 2787 1217 2823 erat.
1248 2783 1437 2834 Pighius.

1164 2845 1293 2886 Serva
1344 2849 1498 2900 natum]
1547 2849 1692 2890 Livius
1742 2854 1876 2893 sentit
1905 2866 1991 2895 non

1111 2919 1208 2948 esse
1228 2921 1354 2950 serva
1372 2917 1536 2963 natum,
1565 2914 1641 2952 sed
1666 2915 1854 2966 captiva.
1912 2919 1993 2957 Di-

1111 2971 1175 3011 cit
1193 2973 1328 3014 enim:
1358 2974 1471 3014 ‘Hic
1504 2987 1758 3028 quacunque
1787 2978 1841 3017 de
1861 2992 1993 3019 causa

1113 3039 1258 3075 tantus
1276 3035 1481 3075 illihonos
1496 3037 1683 3089 habitus,
1700 3040 1877 3080 credere
1895 3054 1993 3092 pro-‘-

1111 3096 1251 3148 hibet,
1269 3109 1392 3139 serva
1419 3104 1563 3139 natum
1594 3112 1706 3151 eum,
1726 3113 1991 3155 parvumque

1113 3159 1254 3211 ipsum
1285 3161 1484 3201 servisse.
1537 3163 1696 3202 Eorum
1725 3165 1861 3215 magis
1892 3179 1990 3206 sen.

1114 3220 1263 3260 tentiae
1284 3233 1390 3272 sum,
1407 3222 1480 3274 qui
1502 3223 1730 3263 Corniculo
1750 3231 1880 3276 capto
1894 3227 1992 3269 Ser.

1111 3283 1171 3322 vii
1201 3284 1347 3336 Tullii,
1366 3285 1437 3336 qui
1471 3286 1670 3336 princeps
1703 3286 1744 3324 in
1782 3288 1856 3327 illa
1882 3291 1990 3333 urbe

1112 3344 1271 3398 fuerat,
1291 3348 1509 3397 gravidam
1527 3348 1618 3387 viro
1633 3349 1776 3389 occiso
1797 3363 1990 3404 uxorem,

1112 3421 1210 3449 cum
1237 3411 1351 3450 inter
1370 3410 1552 3461 reliquas
1588 3410 1783 3459 captivas
1814 3417 1990 3468 cognita

1112 3470 1301 3523 esset,ob
1311 3472 1478 3512 unicam
1494 3470 1762 3513 nobilitatem
1772 3474 1826 3515 ab
1837 3479 1983 3529 regina
