2320 4004
562 295 824 337 VALERH
869 293 1115 332 MAX1M1
1159 293 1283 333 LlB.
1323 293 1405 331 lv.
1446 294 1582 333 CAP.
1610 277 1664 332 S.

186 419 339 460 Macer
357 417 382 458 ?'
409 416 496 457 Sed
515 415 585 456 hic
606 415 677 454 vix
698 413 827 455 etiam
847 413 927 453 sub
941 412 1070 453 Tibe-

186 484 252 524 rio
273 481 474 534 viguerit.
528 478 600 520 An
632 479 766 531 igitur
796 478 940 530 potius
959 475 1071 516 filius

189 548 282 600 ejus
318 545 555 597 Pompeius
588 545 692 585 item
727 545 894 595 Macer,
914 543 968 583 de
986 555 1071 596 quo

188 612 364 652 Tacitus
394 610 471 650 lib.
501 622 534 650 1.
565 610 662 650 Hoc
698 608 894 661 profecto
926 607 1074 648 luben·

189 676 277 716 tius
306 673 593 724 crediderim3
632 673 747 726 quod
780 673 898 725 qnasi
926 684 1074 712 casum

187 738 412 779 adversum
432 744 506 777 aut
537 737 677 789 potius
708 736 926 776 interitum
946 734 1074 774 Pom-

190 803 279 854 peii
299 802 497 842 videatur
527 802 599 841 hic
628 800 828 841 dolenter
847 799 960 840 ferre
980 811 1076 839 nos·

190 871 260 906 ter
278 865 494 905 Valerius.
552 866 717 905 Multos
747 869 889 905 autem
911 863 990 904 sub
1008 863 1077 903 'ri-

192 928 315 970 berio
336 928 523 969 illustres
551 930 665 968 viros
695 940 779 968 non
806 932 962 980 sponte
990 939 1080 978 sua,

192 997 283 1034 tum
304 997 481 1033 coactos
514 991 730 1032 interiisse
750 1002 1009 1042 cognoscere
1029 990 1078 1030 li-

194 1062 267 1099 cet
295 1069 350 1097 ex
378 1055 552 1106 Tacito,
581 1055 697 1095 inter
728 1066 835 1107 quos
868 1059 913 1094 et
942 1052 1080 1094 frater

194 1120 418 1172 Pompeiae
435 1120 686 1160 Praetorius.
717 1118 845 1159 Coler.

254 1183 374 1224 Ultro
419 1181 568 1234 oblata]
618 1181 732 1224 Quia
768 1193 852 1222 non
890 1186 1084 1234 rogatus,

195 1245 272 1286 sed
303 1251 459 1299 sponte
478 1245 692 1286 beneficia
710 1244 981 1295 conferebat,
998 1257 1080 1286 nec

196 1321 382 1362 unquam
403 1310 608 1361 petitioni
634 1309 774 1349 locum
795 1310 1080 1362 relinquebat.

257 1373 419 1426 Infulis]
471 1374 718 1425 Insignibus
760 1374 1081 1415 misericordiae.

204 1437 286 1478 Est
300 1438 522 1477 translatio
538 1443 711 1488 sumpta
728 1449 754 1476 a
771 1436 1085 1486 sacerdotibus,

201 1501 276 1553 qui
295 1507 504 1542 ornantur
523 1501 686 1553 infulis,
717 1514 801 1554 quo
829 1502 1083 1542 venerabili-

202 1577 300 1606 ores
320 1564 440 1606 fiant.

256 1629 366 1669 CAP.
387 1640 488 1668 vlu.
519 1631 541 1682 ξ
563 1633 578 1668 1
618 1630 803 1682 Captivos
821 1630 870 1670 ab
888 1629 1086 1670 Annibale

199 1691 447 1743 atter-posita,
482 1692 568 1744 risa]
616 1693 678 1733 Ut
715 1706 792 1745 pro
828 1706 1085 1746 unoquoque

201 1755 426 1795 drachmas
442 1757 756 1810 quinquaginta
784 1770 912 1809 supra
928 1758 1084 1798 ducen-

202 1823 270 1859 tos
302 1820 590 1871 rependerem
632 1821 713 1862 hac
746 1835 825 1874 spe
856 1821 1011 1874 fretus,
1040 1829 1088 1863 ut

203 1882 389 1924 Senatus
429 1886 695 1939 populusque
734 1888 949 1927 Romanus
996 1900 1087 1928 rem

201 1946 327 1987 istam
347 1947 597 2000 probarent,
617 1955 663 1989 et
682 1949 736 1989 de
766 1950 939 2002 publico
959 1963 1091 2003 pecu·-

203 2010 319 2051 niam
338 2018 583 2064 erogarent.
640 2014 724 2053 Sed
755 2027 853 2054 cum
881 2014 1089 2055 ducentos

203 2079 250 2116 et
268 2074 555 2134 quadraginta
579 2077 720 2128 plures
740 2078 994 2130 recepisset,
1014 2080 1091 2119 Fa·

203 2138 387 2192 biusque
417 2141 693 2190 reddidisset,
713 2143 898 2183 Senatus
920 2148 1090 2195 pactam

207 2205 434 2255 pecuniam
467 2205 668 2246 exolvere
699 2207 929 2257 recusavit,
961 2213 1092 2260 atque

206 2266 383 2318 insuper
411 2267 590 2308 Fabium
610 2270 844 2320 accusavit,
864 2269 981 2322 quod
1002 2271 1093 2310 inu-

209 2330 346 2371 tiliter
374 2337 419 2370 et
439 2331 679 2373 inconsulto
698 2333 859 2374 Senatu
887 2334 1092 2386 homines,

211 2395 286 2447 qui
311 2394 501 2435 hostium
532 2396 691 2447 praedae
713 2410 766 2436 ex
799 2399 971 2449 ignavia
990 2398 1095 2440 facti

211 2464 371 2509 essent,
390 2459 602 2500 redimere
623 2462 844 2502 voluisset.
876 2463 1028 2503 Oliver.

266 2524 334 2563 Aa
374 2525 558 2577 calculos]
611 2523 682 2565 Ad
728 2528 1096 2579 supputationem,

211 2597 309 2638 qnae
330 2598 408 2639 per
421 2588 628 2638 calculos,
645 2589 688 2628 id
706 2597 788 2640 est,
803 2592 974 2643 lapillos
993 2593 1096 2633 olim

210 2647 360 2701 fiebat,
389 2655 439 2690 ut
462 2663 576 2692 nunc
608 2664 686 2705 per
705 2654 956 2706 projectiles
977 2667 1097 2696 num-

213 2724 320 2754 mos.

267 2776 462 2829 Pupinia]
489 2779 603 2820 Loco
622 2779 698 2820 illo
719 2780 853 2822 arido.

266 2841 385 2882 Alter
402 2843 521 2893 enim,
532 2845 632 2895 quod
644 2849 826 2895 praestat,
838 2848 984 2900 potest]
1004 2847 1096 2886 Fal-

212 2903 279 2944 lm·
298 2916 352 2945 an
373 2905 565 2957 argutior
592 2906 733 2957 prisca
751 2908 895 2958 lectio,
913 2911 1013 2961 quod
1030 2923 1098 2962 po-

213 2972 306 3015 test,
323 2968 524 3019 praestat?
551 2970 669 3022 Lips.

270 3033 294 3084 ᾧ
326 3035 352 3072 2
380 3033 536 3085 Itaque,
574 3034 664 3085 ξω]
721 3036 915 3089 Contigit
950 3037 1006 3080 A.
1040 3040 1097 3080 U.

217 3108 444 3139 nxxxvn.

270 3161 404 3213 Busa]
447 3162 591 3203 Livius
622 3163 733 3205 dicit
761 3165 941 3207 Paulam
969 3167 1101 3209 fuisse

215 3225 496 3278 nominatam,
532 3227 607 3267 sed
646 3240 806 3280 genere
844 3231 1021 3284 Busam,
1056 3233 1101 3272 id

220 3294 304 3339 est,
321 3289 739 3342 Carthaginiensem.
770 3293 920 3335 Oliver.

274 3352 298 3403 ξ
316 3354 342 3390 6
359 3353 527 3405 Propter
544 3355 776 3408 tumultum]
811 3356 976 3398 Omnes
990 3358 1103 3401 enim

222 3425 274 3454 eo
320 3417 522 3467 temporis
555 3417 685 3459 Pacis
721 3426 836 3460 artes
873 3420 1104 3474 frigebant,

224 3476 363 3517 omnia
381 3479 685 3530 miscebantur,
705 3482 760 3523 de
778 3496 861 3536 qua
880 3496 927 3525 re
952 3484 1105 3526 diffuse

223 3539 473 3584 Sallustius:
517 3544 530 3567 ‘
552 3544 719 3587 Quibus
750 3547 878 3588 rebus
909 3555 1107 3601 permota

1879 280 2023 334 1159

1133 412 1288 453 civitas
1316 419 1446 466 atque
1478 413 1702 454 immutata
1735 410 1870 452 facies
1904 412 2023 452 urbis

1135 482 1252 517 erat:
1269 490 1322 517 ex
1338 490 1501 518 summa
1515 477 1672 518 laetitia
1684 481 1816 530 atque
1835 476 2029 526 lascivia,

1135 552 1233 592 quae
1272 540 1476 582 diuturna
1514 541 1637 594 quies
1673 544 1921 593 pepererat,
1956 551 2024 579 re-

1137 609 1271 656 pente
1299 617 1447 644 omnes
1481 605 1656 645 tristitia
1690 603 1864 646 invasit.
1921 604 2026 644 Fes-

1137 669 1293 720 tinare‚
1315 669 1559 721 trepidare:
1589 681 1730 723 neque
1749 670 1863 721 loco,
1882 680 2025 722 neque

1136 733 1294 772 homini
1314 733 1512 785 cuiquam
1528 735 1628 776 satis
1645 733 1824 775 credere
1844 746 1856 774 t
1886 744 2028 786 neque

1138 796 1299 837 bellum
1321 809 1490 849 gerere,
1509 810 1651 851 neque
1672 809 1823 850 pacem
1851 798 2029 847 habere,

1140 873 1216 900 suo
1255 861 1438 913 quisque
1472 866 1591 901 metu
1628 861 1821 914 pericula
1857 859 2028 911 metiri,'

1140 927 1221 964 &c-
1253 924 1428 966 Colerus.

1196 988 1264 1028 De
1281 989 1403 1040 sorte]
1445 988 1516 1028 De
1536 999 1589 1027 ea
1609 1000 1769 1028 summa
1789 1000 1915 1041 quam
1935 987 2030 1040 ipse

1142 1052 1429 1104 praestiterat,
1458 1051 1502 1092 in
1540 1050 1678 1092 foenus
1716 1052 1912 1102 dederat,
1948 1051 2031 1091 hoc

1143 1122 1227 1166 est,
1247 1116 1302 1156 de
1321 1116 1518 1168 capitali,
1533 1121 1584 1156 ut
1604 1116 1731 1166 vulgo
1753 1114 1916 1155 dicunt.

1199 1182 1294 1220 Non
1311 1181 1442 1220 civilis
1458 1179 1682 1231 sanguinis]
1712 1179 1943 1230 Egregium
1966 1177 2029 1218 fa-

1144 1244 1281 1294 cinus,
1298 1250 1345 1284 et
1364 1250 1578 1296 perpetua
1599 1243 1803 1284 memoria
1832 1242 2034 1295 dignissi-

1144 1320 1274 1348 mum.
1332 1308 1513 1348 Civilem
1529 1314 1674 1348 autem
1691 1307 1945 1359 sanguinem
1962 1318 2036 1358 ap·

1147 1372 1281 1423 pellat
1300 1377 1434 1411 totam
1460 1370 1746 1411 substantiam
1778 1370 1936 1410 civium
1956 1370 2031 1410 ob-

1146 1442 1390 1476 aeratorum.
1445 1435 1517 1475 Ita
1546 1434 1735 1491 loquitur
1768 1433 1925 1492 Cicero
1956 1445 2033 1485 pro

1146 1499 1355 1542 Quintio:
1371 1500 1383 1522 ‘
1401 1499 1610 1539 Fateatur
1625 1510 1671 1538 se
1685 1510 1770 1538 non
1791 1497 2033 1550 pecuniam,

1147 1564 1223 1604 sed
1272 1564 1405 1604 vitam
1453 1568 1499 1603 et
1550 1561 1801 1614 sanguinem
1850 1559 2033 1613 petere!

1148 1627 1293 1666 Graeci
1331 1628 1375 1667 in
1412 1625 1563 1665 eadem
1601 1637 1649 1664 re
1687 1622 1782 1674 αἷμα
1811 1622 1875 1664 καὶ
1903 1623 2035 1676 ψυχὴν

1148 1694 1371 1741 usurpant.
1426 1688 1659 1737 TimocleS,
1699 1694 1822 1727 vetus
1859 1687 2030 1728 Poeta:

1147 1753 1190 1793 T’
1220 1751 1398 1805 ἀργύριόν
1417 1752 1522 1791 ἐστιν
1540 1749 1635 1800 αἷμα
1652 1749 1716 1791 καὶ
1739 1750 1849 1802 ψυχὴ
1864 1753 2037 1803 βροτοῖς.

1140 1814 1283 1857 Ὅστις
1307 1814 1350 1855 δὲ
1376 1815 1430 1866 μὴ
1450 1813 1534 1866 ἔχει
1548 1815 1682 1864 τοῦτο,
1713 1813 1800 1865 μήδ’
1827 1813 2038 1867 ἐκτήσατο,

1151 1878 1276 1920 Οὗτος
1301 1880 1401 1930 μετὰ
1428 1878 1580 1930 ζώντων
1603 1879 1794 1928 τεθνηκὼς
1822 1882 2038 1933 περιπατεῖ.

1152 1947 1203 1987 Id
1243 1954 1339 1986 est:
1373 1947 1552 1987 Pecunia
1588 1945 1751 1997 sanguis
1786 1950 1825 1986 et
1862 1947 1949 1986 vita
1981 1951 2042 1986 est

1152 2011 1397 2052 mortalibus.
1454 2011 1627 2062 Eampse
1655 2011 1722 2062 qui
1749 2011 1811 2050 vel
1837 2010 1941 2050 haud
1971 2011 2040 2051 ha-

1154 2074 1234 2125 bet,
1259 2079 1328 2115 aut
1346 2087 1424 2115 non
1437 2075 1628 2126 possidet,
1648 2074 1692 2114 Is
1709 2078 1885 2115 mortuus
1909 2075 2040 2115 viven-

1154 2143 1213 2178 tes
1241 2139 1346 2178 inter
1374 2138 1563 2179 ambulat.
1619 2139 1688 2178 Ex
1715 2138 1780 2178 his
1799 2137 1931 2179 facile
1950 2140 2043 2192 qui-

1155 2203 1218 2241 vis
1253 2202 1487 2254 intelliget,
1517 2214 1595 2242 cur
1627 2209 1672 2242 et
1700 2203 1928 2254 pecuniam
1949 2216 2044 2244 cru·

1156 2271 1299 2306 entam
1315 2265 1476 2306 dixerit
1494 2266 1697 2307 Valerius
1716 2265 2039 2309 foeneratorum.

1160 2330 1334 2371 Colerus.

1210 2395 1425 2434 Pecuniam
1441 2394 1661 2446 cruentam]
1691 2395 1759 2434 Ex
1777 2392 1928 2434 mediis
1945 2406 2043 2447 pro-

1158 2470 1213 2510 pe
1234 2458 1469 2498 visceribus
1486 2458 1705 2500 hominum
1725 2463 1979 2499 extractam.

1213 2525 1235 2575 ᾧ
1264 2527 1292 2563 4
1322 2523 1462 2575 Queri,
1508 2524 1597 2576 ξω]
1659 2523 1832 2576 Contig.
1879 2523 1934 2564 A.
1985 2524 2044 2565 U.

1158 2600 1324 2630 Danr.

1212 2655 1352 2694 Asiam
1370 2654 1465 2694 bello
1483 2654 1659 2706 captam]
1688 2655 1866 2696 Mortuo
1888 2656 2045 2695 Eume-

1158 2731 1231 2769 ne,
1249 2718 1395 2758 Asiam
1417 2719 1532 2759 bello
1548 2724 1720 2771 captam
1739 2732 1839 2772 pop.
1862 2721 2044 2760 Roman.

1160 2784 1414 2836 occupavit:
1459 2796 1554 2823 cum
1585 2784 1689 2834 jure
1727 2784 1830 2825 belli
1859 2785 2050 2825 retinere

1161 2853 1326 2899 posset,
1345 2859 1437 2887 eam
1472 2853 1617 2888 tamen
1639 2854 1772 2890 totam
1790 2847 1940 2890 Attalo
1960 2850 2047 2889 Eu-

1160 2912 1296 2951 menis
1323 2911 1414 2952 filio
1441 2911 1578 2953 dedit.
1637 2912 1820 2954 Putavit
1838 2914 1952 2953 enim
1970 2913 2047 2953 im-

1161 2976 1326 3028 perium
1340 2976 1498 3016 clarius
1511 2975 1605 3016 fore
1618 2977 2050 3029 atquepraestantiuS,

1163 3040 1198 3079 si
1219 3039 1483 3092 provinciam
1503 3041 1883 3092 locupletissimam
1905 3042 2049 3093 potius

1163 3105 1290 3144 alteri
1312 3104 1425 3144 dono
1452 3104 1597 3157 daret,
1620 3118 1745 3158 quam
1766 3105 1808 3144 in
1830 3117 1928 3145 suos
1948 3118 2048 3145 usus

1165 3174 1457 3210 converteret.
1520 3169 1717 3211 ,Iustinus
1749 3170 1876 3209 aliter
1903 3169 2049 3220 sentit,

1166 3231 1312 3272 dicens
1346 3233 1460 3272 libro
1491 3244 1659 3273 xxxvl.
1686 3244 1831 3284 regem
1851 3231 2050 3271 Attalum

1168 3295 1221 3336 ab
1243 3296 1435 3335 Eumene
1454 3308 1537 3336 non
1553 3301 1690 3348 patre,
1707 3295 1782 3335 sed
1799 3301 1954 3346 patruo
1975 3308 2051 3335 suo

1166 3358 1513 3400 florentissimum
1547 3371 1720 3410 regnum
1743 3357 1978 3408 accepisse,
2006 3363 2053 3398 et

1167 3429 1400 3474 acceptum
1429 3422 1574 3462 multis
1607 3421 1840 3461 amicorum
1865 3420 2053 3461 caedibus

1169 3494 1216 3527 et
1263 3491 1543 3538 cognatorum
1583 3484 1803 3536 suppliciis
1844 3482 2049 3535 foedasse,

1170 3564 1284 3593 nunc
1309 3557 1489 3592 matrem
1511 3561 1653 3603 anum,
1675 3561 1788 3590 nunc
1808 3548 2051 3591 Beronicen
