2320 4004
545 264 807 304 vALEnn
852 262 1094 301 ΜΑΧιΜι
1137 263 1254 302 Lm.
1295 263 1379 302 v1.
1420 251 1630 305 cAP.2.

175 387 260 429 tuis
272 384 502 427 concidere
520 380 779 433 vulneribuS,
792 387 867 421 aut
883 380 1056 420 vinculo

175 464 200 492 e
238 449 426 492 crinibus
462 446 547 488 suis
582 446 717 496 facto,
750 444 803 485 ab
832 443 1057 484 arboribus

166 515 374 567 jugisque
410 511 700 564 plaustrorum
738 507 1057 561 pependerunt.

173 578 351 619 Virilem
370 574 567 625 dixerim,
580 585 662 613 non
678 572 927 612 muliebrem
944 571 1056 611 hunc

173 641 357 684 animum
377 639 530 689 fuisse,
548 638 716 690 qualem
739 636 773 677 si
798 648 944 677 earum
974 634 1056 675 viri

172 705 228 746 de
246 717 292 746 se
313 702 638 756 praestitissent,
655 711 870 754 nunquam
890 699 1055 740 Marius

171 769 227 810 de
245 769 328 810 illis
347 767 611 820 triumphare
631 765 856 818 potuisset.
917 765 1054 805 Teuto-

171 832 329 884 norum]
346 832 498 873 Florus
512 830 620 871 dicit
634 829 904 871 Cimbrorum
920 827 1053 868 fuisse

171 910 344 950 uxores,
361 903 408 939 et
427 907 513 937 non
537 897 839 936 Teutonorum.
880 894 1053 934 Plutar-

172 962 275 1001 chus
290 972 459 1014 quoque
475 961 518 1000 in
531 959 621 1000 vita
633 958 766 999 Marii
779 957 932 998 itidem
944 958 1054 999 dicit

173 1025 442 1065 Cimbrorum
457 1023 588 1064 fuisse
602 1036 773 1075 uxores,
791 1028 837 1064 et
851 1036 933 1064 non
947 1024 1054 1064 Teu-

171 1095 382 1129 tonorum.
442 1088 528 1130 Sed
549 1088 678 1129 aliter
698 1088 831 1129 tradit
856 1088 1053 1129 historia.

170 1153 285 1193 Nam
300 1154 518 1206 mulieres,
535 1154 691 1207 inquit,
711 1166 806 1207 quae
826 1153 881 1194 ad
899 1166 1052 1194 currus

169 1227 322 1269 magno
342 1218 503 1259 amictu
521 1218 736 1268 astabant,
754 1217 967 1271 fugientes
980 1231 1053 1259 ne-

168 1279 208 1319 ci
228 1279 471 1331 tradebant,
490 1282 687 1334 quaedam
707 1282 837 1332 viros,
855 1282 1052 1335 quaedam

167 1342 340 1395 fratres,
355 1346 551 1397 quaedam
571 1351 774 1398 parentes
789 1350 834 1386 et
848 1345 975 1399 filios,
990 1348 1053 1387 in-

169 1407 312 1448 fantes
327 1410 523 1450 manibus
538 1408 811 1462 suffocantes,
824 1410 904 1451 sub
920 1412 1053 1452 curri-

170 1470 251 1511 bus
265 1471 547 1524 dejiciebant,
562 1485 607 1512 se
622 1473 737 1525 ipsas
751 1478 893 1514 autem
908 1475 1052 1527 gladio

159 1535 437 1588 jugulabant.
493 1538 624 1577 Fama
643 1543 726 1586 est,
745 1550 871 1577 unam
892 1551 918 1579 e
937 1551 1050 1579 sum⁴

168 1600 322 1640 mirate
337 1601 647 1653 propugnaculi
676 1613 923 1654 suspensam
942 1602 1051 1655 liga·

169 1663 226 1703 tis
255 1663 411 1716 laqueo
441 1663 623 1716 pedibus
655 1665 854 1718 utrinque
887 1677 1051 1719 pepen-

167 1726 296 1769 disse.
331 1729 483 1769 Oliver.

231 1791 416 1832 Victor-ica
434 1781 627 1844 trophaea]
673 1791 805 1832 Liber
826 1793 1048 1835 Danielis:

166 1859 330 1907 tropoea.
386 1857 524 1896 Varro
545 1857 768 1897 Bimarco:
789 1858 800 1880 ‘
813 1857 921 1898 Ideo
935 1857 1048 1910 fugae

166 1921 350 1961 bostium
367 1926 546 1962 vocatur
565 1921 721 1962 Graece
739 1921 895 1975 τροπή]
934 1923 1049 1965 Hinc

164 1984 302 2036 spolia
330 1989 477 2037 capta,
508 1984 596 2025 fixa
626 1985 670 2024 in
708 1986 946 2038 stipitibus,
975 1999 1048 2040 ap-

167 2048 388 2099 pellantur
414 2053 594 2102 tropaea.
625 2049 792 2090 Glossae
809 2063 819 2090 :
839 2050 1047 2103 Tropeum,

166 2110 343 2164 τρόπεον,
361 2110 558 2165 τρόπαιον.
592 2115 723 2154 Coler.

169 2201 177 2206 -
221 2177 332 2217 CAP.
351 2188 404 2216 11.
460 2177 635 2228 Propria
662 2177 939 2230 aestimatione]
970 2181 1047 2231 Ut,

167 2238 277 2281 sicut
292 2245 375 2290 est,
394 2240 456 2280 ita
475 2240 751 2280 aestimemus.

168 2325 172 2328 -
219 2305 243 2354 ς
263 2306 284 2342 1
300 2303 496 2345 Priverno
507 2303 638 2356 capto]
666 2305 719 2345 C.
733 2305 930 2347 Plautius
947 2307 1047 2348 sub-

168 2373 324 2418 egerat
357 2373 495 2408 totum
527 2367 718 2419 Latium,
747 2374 797 2410 ct
826 2371 1047 2423 praecipue

167 2432 463 2484 Privernates,
474 2432 547 2485 qui
558 2432 889 2486 rebellaverant,
903 2447 1047 2488 sump-

165 2501 300 2549 toque
317 2497 371 2537 de
384 2497 630 2539 auctoribus
649 2499 876 2552 supplicio,
888 2500 942 2540 de
952 2502 1047 2542 reli-

166 2560 260 2612 quis
276 2562 604 2603 consultabatur
629 2565 672 2602 in
691 2563 870 2615 Senatu,
885 2570 932 2604 et
949 2577 1047 2605 cum

164 2623 258 2676 ipsa
284 2637 354 2666 res
382 2637 462 2678 per
493 2639 540 2667 se
571 2638 733 2679 anceps
760 2633 890 2679 esset,
919 2634 1047 2680 prout

164 2689 372 2744 cuiusque
390 2691 609 2743 ingenium
628 2698 743 2733 esset
761 2695 950 2734 atrocius
969 2695 1045 2734 mi-

163 2753 302 2794 tiusve
333 2754 628 2808 suadentibus,
674 2761 765 2796 tum
809 2757 1047 2798 incertiora

165 2816 309 2857 emnia
338 2816 447 2858 fecit
483 2831 592 2859 unus
631 2831 686 2859 ex
715 2820 1044 2862 Privernatibus

162 2878 335 2932 legatis,
376 2881 511 2932 magis
557 2883 834 2934 conditionis,
868 2884 911 2924 in
958 2899 1044 2938 qua

163 2947 294 2983 natus
310 2949 444 2995 esset,
470 2957 595 2996 quam
618 2947 840 2996 praesentis
858 2950 1044 2989 necessi-

163 3005 268 3045 tatis
288 3017 466 3057 memor,
493 3007 565 3059 qui
579 3008 878 3060 interrogatus
896 3024 921 3050 a
941 3025 1042 3065 quo-

165 3067 262 3107 dam
322 3069 524 3110 tristioris
578 3072 803 3112 sententias
849 3079 1042 3123 auctore,

164 3135 287 3184 quam
328 3145 496 3184 poenam
538 3135 716 3176 meritos
763 3136 1041 3179 Privernates

163 3203 376 3248 censeret,
404 3209 514 3249 eam,
544 3198 697 3251 inquit,
725 3212 851 3252 quam
877 3214 1042 3243 meren·

165 3263 249 3310 tur,
269 3260 406 3311 qui-se
431 3261 638 3303 libertate
659 3263 809 3316 dignos
829 3276 924 3305 esse
944 3278 1042 3306 cen-

166 3327 288 3372 sent;
309 3324 429 3376 cujus
456 3337 552 3366 curn
579 3325 717 3368 feroci
741 3340 948 3380 responso
978 3330 1042 3370 in-

167 3384 366 3427 festiores
404 3388 540 3430 factos
569 3392 739 3432 videret
767 3395 916 3434 consul
950 3407 1041 3446 eos,

167 3448 247 3498 qui
273 3449 600 3494 Privernatium
616 3467 786 3495 causam
820 3456 1040 3509 impugna-

1863 252 2005 306 1217

1119 381 1263 421 mitius
1303 394 1551 434 responsum
1584 382 1776 434 eliceret,
1807 383 1922 424 Quid
1962 385 1997 423 si

1118 456 1304 499 poenam,
1348 446 1504 498 inquit,
1559 446 1817 486 remittimus
1865 447 2003 498 vobis,

1118 507 1288 558 qualem
1309 520 1384 549 nos
1406 521 1557 560 pacem
1584 510 1807 550 vobiscum
1836 510 2006 551 babitu-

1117 581 1185 609 ros
1224 574 1482 622 speremus?
1539 574 1587 614 Si
1632 573 1805 624 bonam,
1841 574 2005 628 linquit,

1117 633 1345 682 dederitis,
1361 635 1551 689 fidelem,
1579 642 1625 678 et
1657 642 1940 690 perpetuam3
1967 639 2004 678 si

1115 697 1289 750 malam,
1321 699 1434 739 haud
1466 701 1723 742 diuturnam.
1777 703 1885 742 Tum
1902 715 2004 743 vero

1115 761 1284 809 minari,
1309 775 1390 803 nec
1408 764 1451 804 id
1473 765 1687 819 ambigue,
1702 766 2005 808 Privernatem

1115 825 1290 877 quidam
1324 827 1544 880 dicebant,
1576 835 1621 870 et
1649 831 1731 871 illis
1751 832 1930 873 vocibus
1949 833 2004 873 ad

1114 889 1409 931 rebellandum
1446 892 1621 933 incitari
1659 895 1840 947 populos
1878 909 2006 948 paca·

1116 959 1201 996 tos.
1258 956 1368 996 Pars
1388 957 1537 997 melior
1553 959 1738 999 Senatus
1758 960 1811 999 ad
1826 961 2005 1001 meliora

1115 1030 1323 1070 responsa
1359 1019 1548 1071 trabere,
1579 1026 1626 1061 et
1655 1021 1803 1062 dicere
1836 1024 1929 1076 viri,
1957 1031 2005 1065 et

1115 1083 1258 1136 liberi,
1272 1098 1424 1126 vocem
1440 1087 1654 1128 auditam:
1675 1100 1728 1127 an
1743 1090 1862 1130 credi
1877 1103 2004 1143 posse

1115 1149 1246 1189 ullum
1286 1151 1492 1203 populum
1527 1157 1604 1192 aut
1637 1153 1850 1194 hominem
1882 1155 2010 1195 deni--.

1115 1226 1197 1267 quc
1224 1214 1267 1254 in
1288 1227 1339 1255 ea
1358 1215 1622 1269 conditione,
1653 1217 1778 1269 cujus
1799 1230 1894 1258 eum
1912 1232 2003 1271 poe-

1114 1279 1272 1330 niteat,
1288 1280 1451 1321 diutius
1471 1293 1596 1333 quam
1617 1294 1792 1323 necesse
1814 1283 1871 1323 sit
1886 1296 2003 1324 man-

1115 1344 1290 1383 surum?
1349 1343 1434 1384 Ibi—
1452 1357 1603 1396 pacem
1633 1357 1728 1386 esse
1753 1345 1897 1396 fidam,
1926 1346 2002 1387 ubi

1114 1406 1504 1459 voluntariipacati
1518 1413 1642 1448 sunt:
1661 1420 1801 1462 neque
1817 1421 1868 1449 eo
1887 1411 2000 1461 loco,

1114 1471 1207 1511 ubi-
1236 1472 1487 1512 servitutem
1530 1484 1626 1512 esse
1673 1472 1820 1523 velint,
1864 1472 1995 1513 fidem

1113 1537 1370 1588 sperandam
1390 1550 1503 1578 esse.
1536 1537 1588 1578 In
1609 1537 1718 1579 hanc
1737 1539 1996 1579 sententiam

1112 1600 1296 1640 maxime
1336 1602 1482 1641 consul
1517 1602 1610 1654 ipse
1644 1603 1868 1643 inclinavit
1908 1604 1998 1643 ani-

1112 1677 1220 1716 mos,
1239 1665 1478 1706 identidem
1505 1667 1559 1706 ad
1590 1667 1809 1720 principes
1822 1674 1998 1708 senten-

1112 1730 1268 1770 tiarum
1282 1731 1546 1782 consulares,
1562 1733 1626 1773 uti
1641 1733 2002 1786 exaudiriposset

1111 1806 1137 1835 a
1158 1794 1372 1847 pluribus,
1393 1795 1596 1845 dicendo,
1616 1810 1689 1838 eos
1719 1798 1904 1849 demum,
1927 1798 2002 1850 qui

1111 1859 1215 1899 nihil
1245 1866 1540 1914 praeterquam
1574 1861 1630 1902 de
1663 1861 1863 1902 libertate
1885 1862 2001 1914 cogi-

1111 1929 1223 1976 tant,
1245 1924 1395 1978 dignos
1430 1921 1527 1967 esse
1562 1927 1636 1979 qui
1667 1928 1846 1967 Romani
1878 1927 1999 1968 fiant.

1111 1988 1269 2043 Itaque
1298 1996 1343 2030 et
1369 1992 1412 2031 in
1432 1991 1593 2032 Senatu
1623 2005 1796 2032 causam
1827 1992 2000 2033 obtinu-

1112 2064 1202 2104 ere,
1219 2059 1265 2094 et
1298 2066 1352 2094 ex
1372 2055 1634 2097 auctoritate
1667 2056 1837 2108 patrum
1864 2058 1999 2097 latum

1112 2121 1180 2155 est
1201 2117 1254 2156 ad
1273 2119 1500 2170 populum,
1520 2123 1568 2159 ut
1590 2120 1918 2162 Privernatibus
1938 2122 1996 2162 ci-

1112 2179 1223 2219 vitas
1240 2181 1433 2223 daretur.
1467 2183 1681 2223 Oliverius.

1163 2243 1345 2296 Ancipiti
1373 2246 1483 2298 casu]
1511 2247 1660 2286 Dubia
1689 2246 1878 2300 fortuna,
1897 2250 1998 2302 quia

1110 2308 1183 2347 alii
1204 2310 1464 2362 perdendos,
1490 2311 1562 2351 alii
1581 2313 1997 2365 servandosjudica·

1108 2370 1230 2421 bant,
1269 2378 1315 2412 et
1345 2374 1446 2425 quia
1479 2374 1664 2414 Romani
1697 2375 1885 2416 victores
1911 2378 1995 2417 illis

1111 2442 1233 2473 erant
1256 2434 1423 2476 infensi.
1454 2436 1580 2476 Idem.

1163 2498 1300 2538 Italici
1313 2499 1538 2551 sanguinis]
1567 2500 1690 2540 Inter
1704 2501 1820 2541 cives
1839 2503 1995 2542 Roma-

1109 2574 1201 2613 nos,
1239 2564 1435 2614 Latinos,
1468 2570 1512 2604 et
1543 2565 1722 2605 Italicos
1752 2572 1847 2609 erat
1873 2565 1997 2606 diffe-

1111 2626 1267 2666 rentia.
1325 2627 1499 2678 Quippe
1530 2628 1704 2668 Latinos
1731 2629 1846 2670 Latii
1877 2629 1996 2670 inco-

1107 2689 1186 2741 las,
1222 2691 1372 2742 populi
1407 2691 1592 2732 Romani
1619 2691 1868 2743 foederatos,
1894 2694 1995 2746 jure

1108 2755 1228 2796 Latii
1255 2755 1438 2796 donatos
1468 2768 1522 2796 ex
1553 2757 1811 2809 antiquitate
1832 2757 1992 2810 liquet:

1107 2819 1170 2860 sic
1207 2820 1384 2860 Italicos
1421 2821 1596 2872 reliquae
1636 2819 1691 2859 ad
1728 2821 1993 2861 Rubiconem

1106 2883 1248 2923 Italiae
1268 2884 1550 2936 habitatores,
1582 2877 1731 2936 populi
1753 2885 1878 2926 Rom.
1898 2887 1995 2925 Foe-

1106 2946 1300 2998 deratos,
1324 2947 1426 2998 jure
1458 2948 1615 2988 Italico
1641 2948 1849 2999 praeditos
1877 2961 1993 2988 com-

1106 3011 1233 3052 mode
1266 3011 1436 3054 definiri
1465 3025 1589 3064 posse
1614 3025 1848 3054 censemus,
1904 3013 1993 3053 Ita-

1106 3077 1174 3116 liae
1212 3076 1324 3116 enim
1370 3077 1600 3117 dominium
1634 3090 1707 3117 eos
1746 3077 1934 3117 secrevit
1966 3089 1991 3115 a

1107 3141 1250 3181 Gallis.
1293 3147 1338 3180 et
1387 3142 1722 3193 provincialibus
1753 3155 1764 3181 :
1812 3140 1989 3181 foederis

1106 3207 1345 3246 communio
1365 3206 1419 3246 ab
1450 3206 1518 3257 iis,
1549 3208 1616 3246 vel
1645 3206 1811 3245 civibus
1834 3206 1992 3244 Roma-

1106 3269 1186 3319 nis,
1207 3270 1275 3309 vel
1296 3269 1531 3322 peregrinis
1551 3274 1597 3308 et
1613 3267 1870 3319 exteris,qui
1886 3280 1988 3319 qua-

1106 3345 1276 3385 cunque
1314 3333 1369 3373 de
1409 3345 1536 3373 causa
1570 3333 1612 3370 in
1641 3332 1778 3372 Italiae
1814 3332 1986 3383 oppidis

1105 3402 1404 3445 versarentur3
1433 3397 1506 3447 jus
1533 3396 1730 3435 Italicum
1752 3395 1806 3435 ab
1825 3395 1876 3436 iis
1898 3396 1986 3436 Ita-

1104 3458 1174 3509 lis,
1211 3459 1284 3511 qui
1322 3466 1409 3498 tum
1444 3458 1616 3498 Italiam
1651 3464 1863 3510 tenerent,
1899 3471 1984 3499 non

167 3511 287 3561 bant,
318 3518 367 3552 ut
390 3514 485 3566 ipsc
502 3516 688 3570 benigna
706 3520 1041 3573 interrogatione
1097 3525 1199 3575 j-ure
1218 3530 1361 3565 tamen
1392 3524 1550 3564 Italico
1570 3522 1840 3565 fruebantur.
1895 3524 1984 3565 Ita·

278 3579 417 3631 Delph.
432 3586 472 3622 et
495 3583 588 3625 Var.
605 3585 710 3626 clas.

949 3588 1036 3629 Val.
1055 3591 1171 3631 Max.

1772 3590 1874 3631 4H
