2346 3996
610 339 870 377 VALERu
914 338 1154 377 MAXIMI
1202 341 1324 381 Lm.
1355 343 1460 381 νη.
1502 345 1633 383 CAP.
1662 333 1713 384 5.

373 419 383 443 l

249 458 335 498 dux
372 457 604 497 Poenorum
640 454 780 498 factus
818 462 938 498 esset
967 457 1136 509 obvius,

248 521 388 572 primo
418 521 572 572 proelio
603 519 789 561 vincitur
816 527 862 562 et
889 521 1133 562 occiditur:

248 595 345 622 nam
366 582 451 623 duo
470 582 606 622 millia
623 582 678 623 de
698 582 867 634 Siculis,
898 585 983 624 tria
999 585 1135 625 millia

249 648 303 687 de
333 647 478 688 Poenis
510 659 605 688 cum
641 648 738 700 ipso
769 649 882 690 duce
918 651 1135 692 cecidere.

249 712 343 757 Hac
360 711 538 752 victoria
557 712 699 752 elatus
714 711 993 767 Agathocles,
1009 716 1135 756 urbes

246 776 515 830 castellaque
536 784 777 830 expugnat,
795 780 967 832 praedas
987 781 1137 833 ingen-

245 845 314 881 tes
328 840 432 892 agit,
444 841 628 882 hostium
635 843 770 883 multa
782 843 918 884 millia
927 844 1135 895 trucidat,

247 910 392 945 cast-ra
407 904 565 945 deinde
584 906 734 958 quinto
746 906 891 960 lapide
909 920 935 948 a
955 908 1134 948 Cartha-

248 967 348 1020 gine
363 969 501 1022 ponit,
535 977 586 1010 ut
612 969 768 1010 damna
798 971 1134 1012 clarissimarum

248 1043 411 1083 rerum,
446 1034 785 1087 vastitatemque
833 1048 1049 1089 agrorum,
1089 1042 1136 1077 et

248 1097 449 1138 incendia
485 1098 680 1140 villarum
723 1100 778 1141 de
820 1102 951 1142 muris
998 1102 1134 1155 ipsius

247 1161 368 1202 urbis
389 1163 728 1214 specularentur.
785 1166 984 1220 Denique
1015 1167 1136 1208 brevi

247 1224 410 1278 effecit,
450 1232 502 1267 nt
547 1233 641 1270 tota
686 1241 812 1283 poene
849 1232 1073 1284 provincia
1110 1245 1136 1272 a

246 1289 396 1330 Poenis
428 1290 651 1333 deficeret.
704 1293 875 1335 Iterato
905 1307 1001 1335 cum
1032 1297 1135 1337 Car-

247 1354 589 1404 thaginiensibus
610 1355 724 1397 bello
745 1357 856 1398 duce
875 1359 1137 1411 Bomilcare,

249 1418 370 1469 gravi
404 1418 558 1470 proelio
591 1421 827 1473 superavit,
856 1433 951 1461 cum
982 1434 1137 1474 magno

248 1483 472 1535 utriusque
503 1485 723 1525 exercitus
753 1487 972 1538 sanguine.
1026 1487 1137 1528 Post

247 1546 357 1585 hanc
386 1546 612 1587 victoriam
645 1547 886 1602 profligatis
912 1551 955 1590 in
983 1549 1137 1592 Africa

249 1610 393 1659 rebus,
432 1611 539 1650 nihil
577 1618 719 1653 actum
758 1625 854 1654 esse
892 1619 1063 1666 putans,
1100 1616 1136 1655 si

249 1674 432 1726 amplius
453 1675 677 1727 Syracusae
709 1675 1028 1730 obsiderentur,
1050 1684 1135 1718 tra-

249 1737 340 1778 dito
360 1739 555 1780 exercitu
574 1739 662 1781 filio
683 1748 776 1790 suo,
805 1742 991 1782 recurrit
1010 1742 1051 1782 in
1070 1743 1137 1782 Si-

247 1802 414 1854 ciliam3
438 1804 558 1856 cujus
591 1804 781 1846 adventu
801 1817 948 1846 omnes
975 1806 1134 1847 Siciliae

248 1866 388 1918 nrbes,
415 1867 570 1907 auditis
604 1867 734 1908 rebus
765 1881 870 1921 quas
903 1869 947 1908 in
981 1869 1136 1910 Africa

244 1938 460 1982 gesserat,
479 1932 682 1972 certatim
711 1933 751 1972 ei
783 1945 829 1974 se
854 1933 1049 1986 tradunt,
1071 1941 1134 1976 at-

247 2006 331 2047 que
354 1994 416 2035 ita
434 1995 569 2047 pulsis
589 2008 612 2035 e
631 1995 782 2037 Sicilia
810 1998 970 2050 Poenis,
999 1999 1134 2040 totius

245 2057 635 2114 insulaeimperium
666 2062 914 2114 occupavit.
973 2064 1136 2104 Rever-

248 2134 319 2162 sus
349 2122 508 2163 deinde
538 2124 581 2163 ln
604 2122 812 2176 Africam,
843 2138 940 2166 cum
970 2132 1137 2168 mutata

247 2185 422 2227 fortuna
454 2193 611 2227 cuncta
643 2188 827 2230 adversa
856 2190 937 2230 sibi
966 2193 1136 2233 evenis·

249 2256 363 2302 sent,
381 2250 537 2303 victus,
555 2257 601 2292 et
618 2252 661 2291 in
689 2252 881 2293 Siciliam
902 2254 1044 2295 redire
1064 2269 1136 2297 co-

250 2319 391 2364 actus,
411 2325 508 2354 cnm
528 2314 673 2354 Poenis
702 2327 856 2367 pacem
886 2318 1020 2370 aequis
1039 2331 1136 2360 con-

249 2378 483 2418 ditionibus
501 2377 622 2419 fecit.
655 2379 764 2420 Oliv.

303 2443 372 2494 §2
403 2442 510 2488 Quid
545 2442 731 2495 Annibal,
770 2443 859 2495 ξω]
905 2445 1135 2488 Frontinus

249 2506 326 2547 lib.
363 2517 415 2547 11.
451 2518 548 2559 cap.
596 2510 636 2548 2.
689 2506 939 2560 ‘Annibal,'
975 2510 1136 2563 inquit,

246 2574 259 2594 ⁴
277 2573 392 2624 apud
413 2573 581 2613 Cannas
601 2584 698 2612 cum
722 2574 1008 2626 comperisset
1027 2576 1135 2617 Vul-

250 2641 423 2675 turnum
439 2648 604 2676 amnem
617 2636 729 2676 ultra
738 2637 999 2690 reliquorum
1013 2645 1134 2680 natu-

250 2712 340 2740 ram
371 2698 593 2740 fluminum
623 2699 823 2752 ingentes
854 2713 980 2742 auras
1007 2715 1133 2744 mane

247 2762 453 2816 proflare,
471 2776 564 2817 quae
591 2777 835 2818 arenarum,
855 2767 1134 2822 pulverisque

249 2829 437 2879 vortices
457 2833 654 2881 agerent,
685 2827 747 2870 sic
769 2829 894 2870 duxit
915 2830 1066 2884 aciem,
1086 2838 1136 2874 ut

250 2895 344 2931 tota
364 2891 424 2930 vis
442 2903 468 2932 a
485 2899 608 2943 tergo
627 2892 730 2946 suis,
761 2894 963 2935 Romanis
989 2896 1033 2936 in
1061 2909 1136 2937 ora

251 2961 298 2995 et
315 2956 462 2995 oculos
493 2955 720 2997 incideret.
777 2957 944 2999 Quibus
973 2959 1134 3001 incom-

248 3018 385 3059 modis
404 3019 509 3059 mire
528 3020 642 3060 hosti
655 3020 1002 3074 adversantibus,
1020 3023 1133 3065 illam

249 3084 570 3125 memorabilem
591 3084 773 3137 adeptus
790 3091 858 3126 est
876 3087 1135 3129 victoriam.'

250 3149 396 3189 Livius
422 3161 506 3189 non
534 3150 614 3189 hoc
647 3151 784 3190 solum
812 3155 1136 3205 stratagemate,

250 3211 326 3251 sed
357 3213 450 3252 aliis
498 3226 668 3266 quoque
719 3225 839 3253 usum
877 3213 1133 3256 Annibalem

250 3275 383 3319 fuisse
409 3277 517 3317 dicit
546 3277 589 3316 iu
611 3276 828 3317 Cannensi
862 3289 1022 3329 pugna,
1043 3279 1134 3331 qui-

252 3340 334 3380 bus
354 3342 564 3380 Romanos
591 3340 812 3392 oppressit
842 3341 989 3391 magis,
1009 3354 1135 3394 quam

253 3403 372 3443 vicit.
417 3404 528 3444 Nam
549 3409 595 3444 et
612 3404 699 3444 suis
728 3403 982 3457 quibusdam
1003 3404 1134 3457 impe-

254 3466 383 3518 ravit,
409 3472 459 3506 ut
476 3478 572 3507 cum
592 3480 775 3508 accensa
806 3480 948 3519 pugna
969 3468 1134 3508 videre-

252 3535 340 3582 tur,
373 3529 571 3570 simulata
598 3530 703 3582 fuga
741 3533 972 3571 Romanam
1002 3533 1134 3585 legio-

256 3605 352 3635 nem
384 3593 426 3632 in
458 3591 632 3633 insidias
663 3593 946 3646 deducerent,
966 3607 1062 3647 quae
1083 3596 1150 3636 ad,<

352 3656 362 3676 l

1943 337 1963 386 l
1976 336 2083 390 269

1197 460 1534 504 internecionem
1555 477 1686 517 usque
1702 464 1846 505 deleta
1865 465 1964 509 fuit.
2029 471 2087 510 Et

1196 524 1242 563 in
1263 524 1437 566 sinistro
1468 540 1599 568 cornu
1622 529 1833 581 Romano,
1852 530 1927 571 ubi
1950 535 2089 575 socio·

1198 599 1291 627 rum
1307 590 1476 641 equites
1498 591 1701 632 adversus
1722 594 1934 635 Numidas
1955 602 2088 638 stete-

1199 658 1314 703 rant,
1341 659 1586 695 consertum
1618 657 1812 708 proelium
1839 671 1970 712 segne
1998 663 2089 714 pri-

1199 729 1282 766 mo,
1323 723 1368 757 et
1406 731 1430 757 a
1468 719 1635 760 Punica
1685 729 1874 773 creptum
1913 723 2088 767 fraude.

1199 779 1435 831 Quingenti
1479 780 1614 822 ferme
1661 785 1829 836 equites
1868 787 2092 839 Numidae,

1199 848 1359 895 praeter
1387 851 1594 886 consueta
1624 860 1757 899 arma,
1786 846 1977 904 telaque,
1999 855 2088 905 gla-

1199 907 1291 947 dios
1303 909 1496 948 occultos
1517 910 1594 950 sub
1614 911 1760 952 loricis
1780 913 2008 967 habentes,
2021 917 2089 958 usi

1196 972 1345 1023 specie
1390 972 1734 1027 transfugarum,
1769 977 1822 1016 ad
1862 978 2085 1021 Romanos

1198 1036 1436 1087 transiere3
1484 1038 1556 1090 qui
1595 1049 1690 1078 cum
1731 1051 1756 1078 a
1794 1040 1882 1080 suis
1917 1054 2090 1093 parmas

1198 1103 1302 1150 post
1337 1104 1462 1152 terga
1498 1100 1710 1142 habentes
1746 1103 2093 1159 adequitassent,

1199 1168 1382 1215 repente
1402 1176 1456 1204 ex
1470 1164 1590 1217 equis
1612 1165 1827 1217 resiliunt,
1845 1170 2088 1222 parmisque

1199 1231 1246 1266 et
1261 1226 1417 1279 jaculis
1438 1234 1539 1268 ante
1558 1228 1694 1281 pedes
1712 1230 1898 1272 hostium
1921 1234 2091 1285 projec-

1200 1290 1257 1329 tis
1288 1290 1334 1330 in
1367 1291 1550 1331 mediam
1573 1293 1710 1333 aciem
1731 1295 1922 1347 accepti,
1950 1296 2092 1337 ducti-

1200 1368 1283 1408 que
1321 1356 1375 1396 ad
1413 1356 1602 1407 ultimos,
1638 1359 1865 1400 considere
1904 1373 1930 1401 a
1967 1367 2090 1413 tergo

1192 1420 1432 1473 jubentur-3
1461 1433 1511 1461 ac
1544 1421 1644 1461 dum
1670 1424 1866 1474 proelium
1889 1424 1942 1465 ab
1973 1425 2089 1465 omni

1200 1490 1326 1535 parte
1373 1485 1629 1535 conseritur,
1691 1486 1826 1538 quieti
1871 1498 2088 1529 mansere.

1198 1547 1435 1600 Postquam
1468 1559 1567 1588 vero
1595 1549 1783 1589 omnium
1817 1551 1965 1591 oculos
1998 1553 2088 1592 ani-

1201 1622 1376 1664 mosque
1410 1618 1702 1664 occupaverat
1731 1619 1967 1667 certamen,
1998 1621 2090 1656 tum

1198 1676 1383 1728 arreptis
1432 1677 1582 1728 scutis,
1626 1689 1722 1729 quae
1766 1679 1926 1730 passim
1973 1680 2091 1720 inter

1199 1751 1377 1779 acervos
1425 1752 1637 1780 caesorum
1685 1752 1914 1794 corporum
1957 1749 2094 1785 strata

1200 1809 1340 1854 erant,
1372 1815 1542 1843 versam
1575 1804 1831 1846 adoriuntur
1851 1807 2089 1848 Romanam

1200 1868 1354 1918 aciem,
1371 1873 1580 1920 tergaque
1599 1867 1806 1910 ferientes
1826 1882 1876 1911 ac
1899 1871 2089 1923 poplites

1199 1931 1434 1983 caedentes,
1469 1937 1658 1981 stragem
1697 1932 1919 1985 ingentem
1955 1934 2087 1974 dede-

1201 2000 1318 2046 runt,
1340 2007 1390 2035 ac
1411 1996 1615 2048 majorem
1637 1996 1866 2050 aliquando
1885 2011 2088 2051 pavorem

1199 2070 1251 2100 ac
1274 2060 1504 2101 tumultum
1524 2059 1739 2102 fecerunt.
1779 2063 1887 2103 Oliv.

1253 2123 1470 2164 Adversum
1486 2125 1664 2177 haberet]
1684 2127 1794 2168 Quia
1809 2126 1969 2179 Apulia
1987 2140 2087 2168 ven-

1201 2187 1256 2227 tis
1278 2187 1487 2239 abundat,
1507 2193 1554 2228 et
1572 2190 1816 2240 praesertim
1837 2190 2020 2243 Iapyge.

1255 2252 1365 2291 CAP.
1397 2263 1441 2292 v.
1474 2253 1615 2304 Campi
1647 2253 1815 2306 quoque]
1852 2254 1903 2294 In
1933 2266 2086 2307 campo

1199 2315 1363 2355 Martio
1381 2315 1530 2367 populi
1550 2317 1735 2357 Romani
1763 2318 1936 2358 comitia
1956 2318 2087 2359 habe-

1201 2379 1375 2430 bantur,
1410 2379 1756 2432 creabanturque
1791 2381 2090 2434 magistratus,

1200 2443 1241 2482 in
1263 2454 1390 2495 quem
1406 2443 1624 2484 candidati
1640 2443 1978 2487 descendebant.
1999 2447 2088 2486 Oli·

1198 2506 1344 2547 verius.

1254 2571 1520 2623 Instruxerit]
1557 2572 1703 2612 Possit
1720 2571 1950 2614 instruere.

1254 2638 1320 2688 §1
1353 2635 1603 2688 Triclinium]
1631 2637 1743 2677 Vide
1780 2638 1831 2678 F.
1865 2638 2085 2692 Ursinum,

1200 2702 1244 2739 et
1263 2700 1524 2741 Ciacconum
1545 2701 1600 2741 de
1618 2700 1838 2743 Triclinio.

1255 2765 1434 2804 Lectulos
1453 2764 1643 2816 Punicos]
1671 2765 1856 2817 Ligneos
1874 2765 2086 2820 intellige.

1199 2829 1369 2870 Seneca
1387 2829 1449 2870 ita
1466 2830 1785 2882 interpretatur
1802 2831 1946 2883 Epist.
1962 2843 2089 2874 xcw.

1199 2893 1445 2933 Tuberonis
1483 2894 1650 2946 ligneos
1678 2895 1881 2946 lectulos,
1916 2908 2013 2936 cum
2042 2897 2088 2936 in

1201 2956 1422 3008 publicum
1443 2962 1758 2999 sternerentur.
1820 2960 1977 3000 Poenos
1996 2961 2088 3012 opi-

1199 3020 1304 3063 fices
1342 3035 1476 3075 opere
1514 3021 1702 3076 lignario
1739 3023 1841 3064 olim
1880 3025 2086 3065 claruisse

1199 3086 1366 3137 Romae,
1387 3092 1640 3138 argumento
1655 3091 1753 3126 suut
1773 3087 1934 3139 aliquot
1955 3087 2084 3127 Cato-

1199 3150 1264 3189 nis
1283 3156 1331 3190 et
1359 3151 1509 3191 Plauti
1528 3151 1634 3190 loca.
1692 3151 1802 3190 Cato
1822 3156 1942 3191 certe
1963 3150 2083 3190 libris

1199 3215 1254 3254 de
1273 3215 1338 3254 Re
1362 3213 1542 3254 Rustica
1581 3214 1837 3253 ‘Fenestras
1870 3212 2087 3264 Punicas‚'

1198 3280 1212 3302 ⁴
1237 3279 1448 3318 Torcular
1487 3276 1742 3328 Poenicum,'
1785 3278 1797 3299 ‘
1821 3278 2086 3326 coagmenta

1199 3342 1392 3382 Punica'
1421 3345 1742 3382 commemorat.
1784 3339 1951 3378 Plinius
1971 3339 2083 3380 libro

1201 3417 1316 3446 xxx.
1335 3404 1477 3457 capite
1498 3402 1744 3452 undecimo,
1770 3402 1932 3441 ‘lectos
1950 3402 2084 3442 Puni·

1201 3467 1304 3508 cos.’
1341 3468 1525 3507 Plautus
1550 3463 1782 3512 Aulularia,
1816 3463 1829 3486 ⁴
1848 3464 2082 3503 Laternam

1202 3529 1441 3571 Punicam!
1497 3528 1691 3578 Oportet
1726 3524 1860 3565 fuisse
1898 3527 2082 3566 lectulos

1200 3595 1446 3635 humiliores
1475 3591 1658 3631 caeteris.
1704 3589 1862 3629 Isidor.
1891 3590 1965 3630 lib.
1999 3602 2083 3638 xx.
