2346 3996
308 338 455 394 1278

368 468 635 519 Carrinatem]
677 467 743 507 An
778 468 849 507 ille
887 473 972 517 cst,
1009 467 1063 511 de
1101 477 1184 519 quo

313 532 535 585 Appianas
571 532 645 572 lib.
678 543 742 572 ιν.
776 537 882 572 etv.
911 532 1000 571 Dio
1019 530 1094 571 lib.
1113 541 1184 570 XV.

311 598 323 620 ‘
347 598 518 637 Praetor
554 595 708 634 Iberiae
744 593 828 634 fuit
864 594 941 634 sub
982 591 1184 634 Caesare.'

313 660 441 699 Coler.

363 724 385 773 ξ
405 725 430 761 4
447 721 656 772 Pompeius
673 719 892 771 Rhegium]
921 720 1019 760 Non
1035 718 1185 758 dubito

311 795 406 823 eum
429 794 539 832 esse,
559 782 612 821 de
647 795 730 834 quo
747 783 884 822 Varro
905 781 957 821 de
977 782 1040 822 Re
1063 783 1186 821 Rust.

309 846 384 886 lib.
406 856 474 885 ¹11.
518 847 530 868 ‘
553 845 604 885 In
625 845 767 885 Gallia
786 856 886 884 vero
903 843 1187 895 Transalpina

310 909 361 948 T.
390 907 810 959 Pompeius.tantum
841 913 1007 959 septum
1030 906 1186 945 venati-

307 971 433 1011 onis.’
503 970 767 1010 Arelatensis
813 971 944 1010 etiam
990 969 1187 1021 Pompeii

308 1033 502 1074 meminit
521 1034 686 1073 Plinius
699 1034 806 1075 libro
821 1035 994 1074 xxxin.
1010 1045 1107 1085 cap.
1123 1036 1187 1072 11.

313 1100 443 1138 cole-r.

369 1161 580 1213 Utriusque
597 1161 767 1212 ordinis]
796 1160 978 1202 Patricii
1009 1165 1054 1201 et
1086 1160 1186 1200 Ple-

307 1225 407 1266 beii.

360 1287 428 1328 Ad
455 1287 580 1327 hastae
603 1286 817 1337 judicium]
847 1286 916 1326 Ad
951 1286 1184 1326 centumvi-

308 1352 396 1391 rale
409 1350 632 1402 judicium,
652 1349 760 1389 sicut
781 1361 910 1400 supra
931 1349 1128 1389 diximus-

362 1415 523 1453 Cineres
544 1411 696 1460 fratris
727 1412 876 1463 quietos
905 1412 1002 1463 esse]
1034 1411 1186 1451 Noluit

308 1487 557 1528 oppugnare
619 1475 881 1514 voluntatem
942 1486 1182 1526 supremam

298 1540 389 1591 jam
410 1536 619 1578 defuncti.
674 1538 783 1576 ΒαιΙ.

362 1603 384 1653 ξ)
404 1605 426 1640 5
450 1600 624 1651 Populus
646 1598 832 1650 Romam]
861 1599 986 1638 Illum
1009 1599 1190 1651 populus

310 1667 526 1707 Romanus
544 1677 632 1718 qua
659 1664 799 1716 potuit
820 1676 946 1716 poena
965 1664 1190 1715 ingratitu-

309 1729 420 1769 dinis
469 1726 649 1767 affiixit:
708 1739 806 1766 nam
851 1727 945 1778 ejus
988 1726 1190 1775 cadaver,

309 1806 418 1834 unco
461 1791 627 1845 gutturi
671 1790 818 1842 infixo,
857 1790 910 1829 ad
957 1790 1186 1830 Gemonias

310 1858 446 1897 scalas
481 1867 557 1907 per
587 1866 661 1895 ora
680 1854 797 1906 vulgi
825 1853 1018 1906 protrahi
1041 1854 1186 1905 jussit,

308 1925 373 1970 ut,
399 1920 546 1973 quales
575 1925 808 1969 meruerat,
828 1918 1030 1970 exequias
1059 1918 1187 1957 habe-

312 1989 397 2024 ret.
448 1984 598 2023 Oliver.

365 2048 425 2099 §6
447 2047 493 2086 Τ.
510 2042 683 2094 Marius]
700 2044 804 2086 Quis
822 2043 906 2084 iste
916 2043 1038 2084 Titus
1051 2042 1184 2083 Mari-

309 2112 381 2151 us?
397 2110 759 2163 Conjecturalego
771 2114 814 2148 et
827 2108 967 2148 doctis
978 2108 1187 2148 aestiman·

311 2175 412 2215 dum
437 2173 636 2226 praebeo:
669 2173 715 2212 Τ.
738 2172 894 2212 Tarius,
954 2171 1115 2211 Nescio
1135 2182 1188 2209 an

308 2237 437 2277 etiam
472 2236 638 2275 Plinius
676 2234 958 2285 corrigendus
994 2235 1020 2273 1.
1052 2245 1187 2274 xvnr.

309 2311 405 2351 cap.
423 2303 466 2340 6.
501 2300 514 2322 ‘
537 2299 587 2338 L.
603 2297 754 2337 Tarius
786 2296 919 2336 Rufus
949 2296 1094 2336 infima
1113 2309 1188 2335 na-

308 2363 456 2403 talium
476 2360 716 2400 humilitate
732 2361 999 2400 consulatum
1016 2359 1189 2399 militaui

310 2426 521 2467 industria
539 2425 731 2475 meritus,
751 2425 940 2477 antiquae
969 2425 1074 2464 alias
1097 2436 1191 2475 par-

311 2490 502 2530 simoniae
533 2488 709 2528 circiter
744 2487 898 2527 millies
918 2497 966 2528 H.
986 2487 1189 2527 s.libera-

312 2553 435 2592 litate
461 2551 548 2590 divi
584 2549 800 2601 Augusti‚’
825 2553 905 2590 &c.
963 2551 1072 2590 Nam
1095 2561 1193 2589 reor

315 2615 503 2654 Plinium
521 2613 575 2653 de
594 2614 674 2652 hoc
690 2615 780 2664 ipso
797 2614 926 2666 loqui.
986 2614 1113 2653 Coler.

370 2678 435 2729 §7
461 2675 670 2727 Togatam]
702 2675 764 2716 Ac
794 2677 829 2716 si
860 2676 1026 2717 diceret
1055 2675 1194 2716 foren-

885 350 1062 390 NOTAE
1108 349 1436 388 VARIORUM
1476 349 1542 387 IN

1252 478 1354 507 sem.

1306 527 1447 568 Sordes
1481 527 1591 580 suas]
1616 526 1859 580 Infamiam,
1907 525 2127 580 ignomini-

1255 604 1336 641 am,
1354 600 1398 631 et
1418 592 1595 631 crimina
1613 603 1702 632 sua.

1308 653 1628 704 Damnationem]
1676 653 1801 693 Visus
1844 658 1911 694 est
1929 644 1942 653 ’
1956 661 2127 706 optasse
2154 646 2156 648 ’

1256 716 1587 766 damnationem,
1619 728 1745 768 quam
1778 707 1876 768 opi*
1895 713 2129 757 amicorum

1254 779 1590 832 subterfugerat.
1631 780 1778 820 Oliver.
1810 780 2128 831 Damnationem]

1255 845 1365 885 Haec
1397 848 1540 883 autem
1571 842 1623 882 ad
1658 842 1990 894 increpationem
2021 842 2130 883 dicit

1257 907 1424 959 author,
1443 918 1525 946 non
1545 905 1655 958 quod
1676 906 1738 945 ita
1764 917 1861 946 esse
1881 903 2128 956 significare

1257 971 1372 1011 velit.
1429 969 1540 1009 Nam
1561 969 1594 1008 si
1614 970 1675 1009 ita
1693 967 1861 1019 fuisset,
1879 967 2041 1008 frustra
2055 967 2130 1008 ad-

1258 1039 1430 1073 vocatos
1450 1039 1494 1073 et
1515 1038 1715 1085 patronos
1736 1032 1816 1072 sibi
1835 1031 2099 1084 quaesivisset
2118 1045 2129 1071 ε

1257 1092 1331 1138 sed
1353 1100 1462 1150 quod
1479 1098 1703 1137 verisimile
1721 1097 1776 1138 sit
1793 1109 1846 1137 ex
1862 1095 2019 1137 effectu
2038 1097 2129 1149 ejus

1257 1174 1352 1200 eum
1410 1161 1671 1212 expetivisse
1714 1160 2128 1201 condemnationem.

1251 1224 1418 1264 Badius.

1306 1289 1327 1339 ᾗ
1341 1289 1367 1325 9
1382 1286 1446 1326 Ne
1458 1286 1551 1338 quid
1563 1298 1613 1325 ex
1627 1298 1671 1325 eu
1685 1285 1932 1337 hoeredz'tate]
1948 1286 2129 1328 Jocatus

1251 1349 1470 1397 Valerius,
1488 1361 1582 1388 cum
1613 1349 1735 1397 dicit,
1756 1354 1803 1388 ut
1822 1349 1962 1388 omnia
1984 1360 2132 1388 conse-

1253 1417 1456 1463 queretur
1476 1422 1527 1450 ex
1548 1424 1599 1450 ea
1619 1411 1885 1462 haereditate,
1900 1423 2026 1464 quam
2048 1422 2131 1451 non

1254 1480 1347 1514 erat
1367 1474 1602 1514 habiturus.
1635 1475 1781 1515 Oli-ser.

1309 1538 1419 1583 Quid-
1455 1537 1525 1576 hoc
1553 1539 1633 1575 loco
1662 1535 1919 1587 inhonestius]
1965 1535 2131 1587 Scribe,

1245 1601 1361 1651 ιἰοεος
1390 1613 1489 1652 non,
1509 1603 1602 1642 loco.
1638 1601 1756 1652 Lips.

1311 1664 1479 1704 Senator
1507 1676 1599 1715 pop.
1632 1664 1746 1703 Rom.
1783 1663 1908 1704 Curia
1942 1674 2136 1714 egressus,

1257 1727 1368 1766 homo
1396 1727 1490 1766 vitae
1507 1727 1711 1776 fructibus
1741 1727 1920 1767 continuo
1937 1718 2134 1766 cariturus

1253 1789 1496 1830 sanctissima
1504 1790 1601 1839 jura
1606 1789 1925 1841 familiaritatis]
1952 1789 2023 1830 Ita
2044 1791 2132 1830 vul-'

1256 1866 1322 1906 go.
1369 1854 1510 1905 Magis
1540 1855 1683 1905 placet
1710 1855 1831 1894 unius
1865 1852 1963 1895 cod.
1987 1848 2137 1903 lectio,

1256 1929 1351 1969 quae
1387 1923 1518 1957 totam
1554 1918 1774 1970 periodum
1806 1917 1951 1958 reddit
1985 1917 2133 1957 diluci-

1256 1980 1368 2020 dam.
1404 1981 1514 2021 Nam
1530 1981 1591 2020 sic
1610 1980 1740 2021 habet
1760 1981 1803 2020 in
1826 1986 1979 2033 quarto
2001 1992 2102 2019 casu
2120 1993 2131 2019 ε

1256 2042 1483 2083 Senatorem
1512 2043 1647 2096 populi
1671 2045 1841 2084 Romani
1863 2044 1984 2084 Curia
2004 2056 2134 2094 egres-

1254 2119 1336 2146 sum
1353 2107 1462 2146 homo
1482 2107 1574 2145 ritae
1589 2108 1629 2156 f.
1650 2121 1685 2148 c.
1710 2108 1921 2159 cariturus,
1935 2107 2137 2147 sanctissi-

1255 2183 1389 2222 nmque
1397 2173 1492 2221 jura
1495 2170 1808 2220 familiaritatis,
1819 2172 1884 2222 250.
1924 2169 2002 2210 Ait
2021 2170 2135 2209 enim

1256 2235 1472 2286 Valerius,
1491 2234 1548 2273 nil
1568 2235 1831 2275 inhonestius
1843 2233 1993 2284 fnisse,
2009 2244 2136 2286 qnam

1257 2304 1500 2338 senatorem
1517 2310 1539 2338 e
1557 2298 1674 2338 curia
1691 2298 1932 2338 venientem
1953 2303 1998 2337 et
2016 2309 2137 2337 sanc-

1259 2361 1417 2401 tissima
1437 2360 1742 2402 familiaritatis
1768 2362 1869 2413 jura
1899 2359 2138 2412 sugillanda

1259 2424 1340 2464 sibi
1361 2424 1582 2464 desumere
1601 2438 1612 2474 ;
1645 2431 1689 2464 et
1704 2425 1763 2464 nil
1779 2423 2137 2476 intempestivius,

1259 2501 1385 2541 quam
1417 2489 1629 2528 hominem
1659 2501 1758 2529 mox
1785 2487 2036 2528 moriturum
2057 2485 2139 2526 fal·

1262 2551 1348 2590 lere
1369 2555 1413 2591 et
1431 2551 1628 2603 illudere,
1650 2558 1697 2592 ut
1729 2551 1838 2606 tum}
1852 2549 1956 2591 fecit
1990 2550 2137 2602 Popil-

1261 2613 1339 2654 lius
1358 2613 1447 2655 ille.
1479 2614 1663 2664 Pighius.

967 2959 1243 3020 LIBER
1302 2959 1487 3020 VIII.

371 3088 483 3130 CAP.
504 3100 537 3130 1.
576 3089 599 3143 ς
618 3092 641 3128 1
675 3089 837 3130 Marcus
857 3089 1066 3143 Horatius]
1086 3089 1196 3129 Haec

321 3150 499 3192 historia
526 3152 571 3195 in
605 3165 701 3204 cap.
730 3154 781 3191 de
814 3152 1058 3192 Severitate
1079 3153 1197 3192 dicta

318 3220 397 3258 cst.
452 3216 633 3258 Constat
663 3222 804 3256 autem
826 3217 1056 3256 Horatium
1078 3230 1102 3257 a
1122 3217 1197 3255 du-

318 3276 491 3321 umviris
505 3280 604 3332 lege
622 3279 925 3331 perduellionis
940 3279 1199 3330 damnatum,

323 3348 368 3384 et
387 3349 565 3384 auctore
583 3344 710 3384 Tullo
729 3343 912 3394 benigno
946 3342 1050 3392 legis
1071 3343 1200 3382 inter-

320 3406 586 3460 prete,facta
599 3406 901 3459 provocatione
917 3406 968 3445 ad
986 3406 1203 3458 populum,

322 3470 377 3509 ab
397 3481 447 3510 eo
467 3469 599 3510 fuisse
618 3470 874 3512 absolutum.
932 3470 1016 3510 Sed
1038 3476 1103 3511 est
1122 3471 1204 3510 his·

323 3531 436 3574 torIa
454 3537 544 3575 tota
563 3534 802 3587 repetenda
821 3546 874 3575 ex
889 3534 1027 3577 Livio.
1051 3535 1201 3577 Oliver.

1265 3091 1458 3144 Contigit
1477 3092 1532 3134 A.
1554 3092 1609 3133 U.
1633 3104 1846 3134 Lxxxvn.

1318 3155 1532 3196 provocato
1566 3156 1737 3209 judicio]
1795 3155 1906 3198 Quia
1943 3156 2012 3195 lex
2046 3159 2141 3195 erat

1266 3219 1467 3259 horrendi
1486 3219 1699 3260 criminis:
1747 3221 2001 3275 vaMvuu
2033 3229 2141 3258 PER-

1268 3293 1564 3323 nvELmoNEM
1584 3293 1833 3322 woicam-2
1865 3293 1904 3321 ει
1923 3292 1952 3321 Λ
1974 3283 2142 3322 ΒννΜ-

1270 3355 1390 3384 vnus
1436 3355 1742 3394 Pnovocmu'r,
1787 3354 2142 3384 PROVOCATIONE

1268 3418 1495 3447 curenno:
1545 3419 1582 3447 st
1628 3418 1844 3454 vmcmwr,
1881 3417 2026 3447 cAPwr
2061 3418 2146 3446 on-

1270 3480 1460 3520 nvm'ro,
1486 3481 1687 3511 mmmm
1710 3481 1881 3511 annom
1897 3481 2034 3511 mrsu:
2052 3479 2143 3509 svs-

1269 3544 1492 3586 ΡΕΝυιτο,
1539 3545 1825 3587 VERBERATO,
1874 3543 2141 3588 VEL-mrum
