2346 3996
586 265 846 308 vALERu
891 264 1129 304 quximi
1179 266 1291 304 [AB.
1325 267 1412 307 ix.
1452 267 1584 306 CAP.
1611 255 1663 307 2.

215 391 351 443 primo
368 388 534 430 Punico
548 387 661 429 bello
678 386 914 427 maritimas
943 385 1094 426 crude-

215 455 338 495 litate
356 456 651 504 corruperant.
684 450 792 490 otiu.

268 518 380 558 Idem
422 515 606 568 captivos,
649 513 738 566 ξω]
781 512 882 553 Alia
926 512 1094 552 saevitia

218 580 416 630 barbara,
459 578 573 632 quod
619 577 814 630 captivos
865 576 1094 627 Romanos,

214 646 368 698 quibus
388 657 467 698 pro
483 644 616 685 servis
635 648 845 693 uteretur,
857 653 952 682 cum
968 641 1092 693 longo

210 711 366 751 itinere
394 709 513 761 fessi,
539 709 742 762 imposita
777 707 858 748 sibi
894 706 1091 758 gravissi-

209 786 281 814 ma
299 773 697 826 impedimentorum
716 783 849 812 onera
867 769 983 811 ferre
1006 782 1091 811 uon

213 844 406 891 possent,
433 839 612 879 succisis
631 837 778 890 primis
808 836 963 890 pedum
995 848 1092 888 par-

211 900 344 953 tibus,
361 901 629 955 relinquebat
646 901 845 951 inutiles;
867 912 971 953 quos
989 911 1092 940 vero

211 964 254 1004 in
269 971 414 1006 castra
428 965 690 1018 perduxerat
699 965 812 1005 inter
827 976 874 1004 se
889 964 1093 1016 sauguine

211 1029 484 1082 conjunctos,
509 1035 709 1082 tauquam
731 1026 992 1081 gladiatores
1011 1027 1095 1068 fer·

214 1104 263 1132 ro
298 1092 534 1134 decernere
573 1092 729 1143 coelgit.
785 1091 884 1134 Quo
921 1091 1095 1144 quidem

211 1159 462 1211 spectaculo
496 1159 590 1212 ipse
626 1172 708 1199 non
743 1159 863 1212 prius
900 1158 1097 1211 satiatus,

211 1234 340 1275 quam
359 1223 551 1264 omnibus
570 1225 836 1277 consumptis
857 1235 909 1264 eo
937 1235 1095 1276 genere

210 1287 378 1339 mortis,
395 1294 615 1340 superstes
632 1288 772 1328 nullus
789 1292 919 1328 esset.
977 1286 1094 1330 Quid

206 1349 330 1402 illud,
358 1352 471 1405 qnod
507 1352 623 1393 inter
663 1352 920 1394 cadaverum
954 1359 1093 1393 strues

207 1415 255 1455 in
291 1415 506 1456 Cannensi
542 1417 664 1458 clade
705 1429 874 1457 mensas
918 1420 1092 1470 parasse

208 1477 385 1531 dicitur,
411 1485 461 1519 ut
481 1491 563 1519 non
593 1481 730 1521 minus
762 1493 969 1522 caesorum
998 1493 1090 1522 san·

211 1542 359 1594 guine,
409 1556 532 1598 quam
585 1546 807 1598 epularum
867 1547 1089 1599 voluptate

207 1608 467 1650 satiaretur?
526 1610 770 1652 Discedens
820 1623 989 1665 quoque
1034 1625 1089 1653 ex

207 1670 351 1723 Italia,
377 1684 475 1714 cum
508 1673 561 1713 ad
599 1673 822 1715 ferendam
856 1687 982 1727 opem
1015 1688 1089 1729 pa·

208 1735 304 1775 triae
325 1741 616 1790 revocaretur,
637 1750 785 1780 omnes
796 1739 941 1781 Italici
960 1753 1087 1794 gene-

206 1798 280 1851 ris,
305 1799 437 1851 quiin
456 1799 648 1841 Africam
665 1802 782 1843 illum
808 1804 929 1857 sequi
956 1805 1088 1846 abnu-

206 1867 331 1902 entes
349 1872 658 1907 concesserant
685 1866 730 1907 iu
747 1868 935 1908 Laciniae
954 1870 983 1911 J
988 1882 1090 1910 uno-

206 1925 272 1966 nis
284 1926 525 1982 delubrum,
536 1929 783 1971 inviolatum
793 1933 846 1972 ad
858 1945 949 1973 eam
961 1933 1092 1987 diem,

206 1989 251 2029 in
287 1992 451 2044 templo
485 1993 579 2045 ipso
611 1992 727 2035 foede
770 1996 1090 2051 crudeliterque

207 2053 442 2096 interemit.
470 2056 596 2103 Idem.

259 2117 406 2170 Infima
427 2122 570 2170 pedum
594 2120 731 2173 parte]
757 2123 823 2162 De
843 2135 895 2164 ea
914 2137 960 2165 re
980 2126 1090 2171 Eun.

206 2180 220 2202 ‘
240 2179 321 2221 His
342 2194 498 2234 pernas
512 2185 697 2226 succidit
722 2186 868 2240 iniqua
893 2190 1091 2240 potentia

207 2243 366 2286 Poeui.'
393 2245 609 2299 Intelligit
622 2247 894 2292 Annibalem.
913 2253 1088 2296 Celer-us.

261 2308 386 2350 Ferro
403 2311 626 2370 decernere]
655 2312 861 2366 Captivos
879 2315 942 2356 ita
975 2322 1088 2358 trac-

204 2374 300 2412 tare
327 2372 562 2414 Poenorum
592 2374 720 2416 modo
749 2388 834 2417 non
866 2379 1086 2431 proprium

205 2433 305 2486 fuit,
329 2435 460 2478 docet
476 2438 785 2481 eruditissimus
804 2442 1086 2486 Casaubonus

205 2498 260 2540 ad
279 2500 544 2543 Suetonium.
575 2503 700 2546 Idem.

257 2565 377 2605 Justo
392 2578 487 2618 ergo
504 2566 631 2619 illum,
656 2567 745 2620 qm]
772 2569 937 2611 Merito
967 2571 1086 2613 illum

204 2628 337 2670 odere
352 2628 553 2682 Romani,
580 2643 706 2684 quem
722 2632 775 2673 ad
803 2634 1085 2677 voluntariam

205 2691 390 2746 denique
417 2700 601 2735 mortem
632 2697 960 2749 compulerunt3
987 2711 1085 2741 nam

202 2755 394 2798 subactis
435 2758 611 2799 tandem
644 2760 1087 2817 Carthaginiensibus,

202 2832 301 2861 cum
318 2820 435 2862 inter
453 2823 571 2874 pacis
587 2824 875 2878 conditiones,
895 2827 948 2868 ad
968 2832 1086 2882 rupti

200 2882 376 2925 foederis
395 2885 602 2927 ultionem
622 2887 932 2941 deposceretur
951 2890 1084 2933 Anni·

202 2947 291 2999 bal,
318 2948 361 2988 in
400 2961 528 3002 quem
564 2951 702 2992 omnis
747 2953 864 3005 rupti
910 2954 1085 2997 foederis

201 3012 331 3064 culpa
363 3012 725 3066 transferebatur,
753 3016 807 3056 ad
825 3015 1087 3062 Antiochum

203 3086 350 3127 regem
370 3076 508 3128 Syriae
541 3077 748 3130 confugit,
775 3080 864 3132 qui,
880 3093 989 3133 ,cum
1011 3085 1085 3124 ad-

199 3150 349 3180 versus
386 3140 604 3182 Romanos
648 3141 765 3183 bella
809 3151 998 3199 pararet,
1039 3154 1086 3189 et

202 3202 425 3245 Annibalis
439 3206 615 3246 consilia
633 3214 874 3260 sperneret,
899 3211 1039 3251 victus
1059 3224 1085 3252 a

202 3267 422 3316 Romanis,
449 3274 496 3310 et
526 3282 679 3322 pacem
709 3270 858 3311 facere
890 3279 1082 3328 coactus,

202 3329 406 3372 Annibali
441 3333 718 3387 significavit,
762 3336 880 3377 illum
928 3340 1019 3390 peti
1057 3352 1082 3381 a

202 3392 419 3444 Romanis,
445 3407 529 3448 quo
560 3397 752 3450 cognito,
792 3400 847 3440 ad
883 3401 1081 3445 Prusiam

202 3456 419 3508 Bithyniae
450 3471 596 3511 regem
631 3473 678 3502 se
713 3464 923 3515 coutulit3
953 3478 1080 3519 quem

200 3530 298 3562 cum
312 3521 516 3567 adversus
531 3525 764 3568 Eumenem
782 3528 914 3571 Ponti
931 3539 1079 3584 regem

1894 256 2034 311 1337

1156 388 1400 438 excitasset,
1445 390 1767 440 Eumenemque
1811 387 2036 429 Annibalis

1156 452 1331 491 consilio
1349 453 1523 493 Prusias
1551 456 1811 504 superasset,
1839 459 2035 491 metuens

1155 514 1337 555 Senatus
1356 517 1586 569 Romanus,
1598 528 1654 556 ne
1673 515 1751 556 sibi
1771 527 1929 555 novum
1943 514 2034 555 bel-

1154 577 1242 617 lum
1286 580 1567 620 suscitaretur
1615 579 1668 620 ab
1711 579 1942 630 Annibale,
1978 578 2033 619 T.

1155 641 1375 684 Quintium
1395 644 1645 684 Flaminium
1675 644 1728 684 ad
1757 655 1903 695 regem
1923 642 2035 682 Pru-

1153 705 1258 745 siam
1276 707 1501 758 miserunt,
1530 708 1601 760 qui
1629 714 1854 760 utrumque
1886 718 2034 758 regem

1153 778 1447 824 componeret,
1476 772 1731 813 Annibalem
1766 771 2035 824 deposceret.

1154 835 1252 875 Non
1271 835 1334 874 illi
1352 835 1547 875 similiter
1572 836 1854 875 Romanorum
1888 841 2035 886 postu·

1151 899 1356 940 lationem
1385 911 1462 939 rex
1490 898 1678 951 perfidus
1707 897 1929 948 indIcavit‚
1958 898 2035 938 sed

1154 963 1313 1004 eumin
1339 965 1625 1004 Romanorum
1655 976 1816 1013 manus,
1843 964 1924 1004 hoc
1952 970 2037 1015 est,

1155 1027 1211 1068 T.
1229 1027 1414 1078 Quintii,
1436 1027 1508 1080 qui
1527 1027 1581 1067 ob
1602 1039 1694 1067 eam
1715 1039 1884 1067 causam
1906 1038 2033 1068 vene-

1157 1097 1240 1140 rat,
1268 1098 1315 1133 ut
1335 1090 1589 1132 Annibalem
1613 1091 1793 1130 Romam
1816 1091 2036 1142 captivum

1157 1156 1353 1208 duceret,
1379 1156 1440 1197 ita
1461 1154 1657 1206 tradidit,
1686 1160 1734 1195 ut
1754 1155 1824 1194 vix
1841 1153 2036 1195 sumendi

1157 1220 1323 1268 veneni,
1353 1220 1467 1273 quod
1498 1220 1541 1259 in
1574 1219 1731 1258 annulo
1765 1219 1882 1270 regio
1917 1231 2036 1259 more

1157 1285 1353 1337 gerebat,
1381 1289 1553 1337 tempus
1586 1284 1628 1324 ei
1661 1288 1934 1336 superesset:
1964 1283 2037 1336 qui

1157 1348 1329 1402 quidem
1355 1350 1551 1400 annulus,
1579 1354 1628 1388 ut
1657 1348 1769 1388 dixit
1795 1348 2037 1398 Juvenalis,

1153 1412 1234 1454 fuit
1253 1414 1265 1436 ‘
1281 1413 1523 1454 Cannarum
1540 1412 1697 1455 vindex
1715 1425 1766 1452 ac
1799 1413 1908 1453 tanti
1941 1423 2036 1452 san-

1153 1477 1292 1530 guinis
1325 1477 1469 1519 ultor.’
1522 1477 1716 1518 Justinus
1754 1482 1897 1517 tamen
1928 1477 2036 1518 dicit

1152 1540 1425 1593 Annibalem,
1453 1541 1599 1581 audito
1618 1541 1856 1592 legatorum
1876 1540 2035 1581 adven-

1152 1611 1217 1657 tu,
1233 1611 1402 1658 sumpto
1420 1618 1598 1651 veneno,
1616 1606 1875 1656 legationem
1894 1611 2035 1646 morte

1153 1670 1437 1722 praevenisse.
1492 1669 1750 1709 Plutarchus
1771 1681 1871 1709 vero
1891 1670 2035 1722 plures

1152 1733 1453 1786 opiniones'de
1477 1739 1618 1773 morte
1631 1732 1857 1773 Annibalis
1883 1725 2034 1775 refer‘t.

1153 1799 1266 1838 Nam
1286 1798 1390 1838 alios
1410 1798 1518 1838 dicit
1537 1809 1646 1848 esse,
1673 1798 1747 1850 qui
1773 1798 1907 1838 velint
1935 1809 2034 1838 eum

1152 1875 1177 1903 a
1194 1875 1320 1903 servo
1337 1862 1470 1903 fuisse
1488 1862 1781 1913 interfectum,
1810 1863 1931 1914 alios,
1961 1863 2036 1916 qui

1154 1928 1268 1968 tauri
1299 1927 1550 1979 sanguinem
1587 1926 1705 1966 illum
1743 1927 1936 1968 hausisse
1973 1927 2036 1967 di-

1153 1998 1271 2044 cant,
1297 1992 1402 2033 alios
1434 1992 1507 2045 qui
1542 2002 1754 2031 venenum
1790 1991 1844 2031 ad
1873 1990 2034 2031 similes

1153 2068 1278 2097 casus
1292 2061 1582 2109 praeparatum
1599 2054 1758 2097 bibisse
1771 2067 1867 2095 cum
1881 2066 2037 2107 magna

1154 2120 1429 2161 execratione
1455 2118 1621 2160 Prusiae
1659 2118 1774 2170 regis
1805 2118 2038 2171 Bithyniae.

1157 2186 1264 2226 Oliv.

1206 2250 1279 2302 §3
1313 2250 1411 2290 Tam
1446 2247 1588 2299 hercle,
1620 2245 1708 2299 ξω]
1754 2244 2034 2286 Mithridates

1150 2313 1318 2354 saevitia
1334 2325 1411 2366 pro
1431 2312 1591 2353 virtute
1614 2310 1905 2352 abutebatur:
1934 2321 2036 2350 nam

1150 2377 1309 2418 bellum
1342 2383 1621 2429 suscepturus
1649 2375 1851 2416 adversus
1882 2376 2035 2415 Roma-

1149 2454 1244 2494 nos,
1270 2442 1461 2483 edictum
1480 2453 1559 2494 per
1588 2452 1734 2481 omnes
1761 2439 1878 2479 Asiae
1911 2438 2037 2480 urbes

1149 2509 1281 2559 misit,
1310 2514 1357 2549 nt
1393 2519 1540 2549 omnes
1574 2506 1648 2560 qui
1680 2507 1724 2548 in
1747 2505 1854 2547 Asia
1888 2504 2033 2546 forent

1150 2573 1352 2613 Romanae
1372 2571 1563 2612 civitatis
1594 2570 1787 2611 homines
1817 2568 2032 2611 interfice-

1148 2642 1314 2676 rentur.
1367 2636 1561 2677 Fuerunt
1577 2640 1719 2675 autem
1753 2647 1883 2687 supra
1914 2641 2033 2676 octo-

1150 2698 1271 2751 ginta
1300 2699 1434 2740 millia
1462 2699 1766 2750 Romanorum,
1793 2699 1865 2753 qui
1901 2711 2031 2752 nego·

1149 2763 1286 2804 tiandi
1306 2765 1376 2805 vel
1394 2765 1568 2805 alterius
1587 2764 1649 2804 rei
1680 2765 1819 2816 gratia
1849 2764 2034 2817 dispersi

1149 2832 1273 2867 erant
1318 2828 1362 2868 in
1408 2827 1524 2868 Asia.
1591 2827 1818 2867 Praeterea
1862 2828 2029 2879 domus,

1148 2892 1330 2943 templa,
1352 2897 1398 2931 et
1416 2903 1517 2940 arae,
1534 2891 1721 2934 humana
1739 2891 1880 2932 omnia
1899 2898 2031 2944 atque

1148 2954 1295 2995 divina
1302 2955 1404 3007 jura
1431 2955 1590 2995 violata
1616 2959 1745 3004 sunt;
1773 2954 1897 3007 cujus
1927 2955 2030 2995 licet

1148 3031 1284 3070 seras,
1310 3018 1486 3059 meritas
1517 3023 1664 3058 tamen
1694 3030 1842 3070 poenas
1879 3018 2027 3059 dedit:

1149 3095 1247 3125 nam
1268 3082 1403 3123 tribus
1424 3082 1595 3137 demum
1614 3082 1857 3134 ingentibus
1889 3081 2028 3134 bellis,

1145 3146 1356 3188 felicitate
1392 3147 1539 3200 Synae,
1567 3151 1614 3186 et
1647 3146 1806 3186 virtute
1844 3146 2029 3197 Luculli,

1147 3216 1193 3251 et
1209 3210 1412 3263 Pompeii
1429 3209 1781 3263 magnanimitate
1799 3209 1952 3260 victus,
1979 3215 2026 3249 et

1145 3274 1391 3317 defectione
1407 3275 1581 3327 civium,
1605 3273 1922 3326 Pharnacisque
1948 3272 2026 3313 filii

1143 3339 1307 3380 scelere
1345 3344 1608 3391 praeventns,
1635 3336 1864 3387 malignum
1898 3335 2024 3387 spiri-

1143 3408 1234 3444 tum
1261 3403 1446 3456 expulit.
1499 3402 1612 3442 Nam
1649 3400 1899 3439 Pharnaces
1928 3399 2020 3451 ejm

1139 3465 1254 3507 filius
1273 3466 1318 3507 in
1336 3463 1533 3517 Pompeii
1560 3462 1739 3515 gratiam
1770 3463 1907 3514 ipsum
1926 3463 2019 3515 jam

1140 3524 1294 3571 amisso
1324 3539 1456 3581 regno
1491 3526 1710 3569 obsessum
1748 3526 1801 3566 ad
1836 3533 2017 3567 mortem
