2288 3990
338 300 476 354 1018

335 429 516 468 nominis
562 428 764 467 rationem
814 431 858 464 et
905 421 1202 474 etymologiam

337 493 515 531 Curetes
565 491 721 530 babere
765 487 891 527 facile
939 486 1203 536 copioseque

337 553 575 593 videantur.
598 550 808 592 Credibile
822 554 887 588 est
902 554 946 586 et
962 545 1205 586 armiferam

334 617 449 655 illam
469 615 737 655 saltationem
758 612 809 651 ab
841 612 902 650 eis
927 609 1040 661 prius
1071 609 1204 647 intro—

335 679 523 729 ductam,
544 677 613 729 qui
643 677 758 715 circa
776 685 938 713 comam
962 676 1090 723 atque
1119 675 1205 710 sto-

335 741 419 780 lam
447 739 669 780 exercitati
691 736 823 787 fuere,
853 743 900 775 ut
931 736 1113 774 Curetes
1135 745 1205 774 vo-

337 810 562 843 carenturz
608 800 722 854 quod
767 799 938 852 quidem
987 797 1206 848 negotium

339 866 601 906 occasionem
635 864 715 902 illis
745 862 980 914 praebuisse
1012 859 1207 899 credide-

336 929 428 976 rim,
448 935 494 967 ut
517 927 713 966 fortiores
733 927 775 966 in
792 938 835 964 re
852 924 1023 964 militari
1039 923 1208 963 caeteris

337 990 584 1041 evaderent,
618 995 664 1029 et
701 994 913 1028 versatam
948 987 1048 1026 inde
1084 986 1208 1026 armis

339 1054 468 1092 vitam
520 1052 754 1093 liaberent.'
814 1052 951 1091 Paulo
1005 1049 1211 1089 inferius:

335 1116 347 1137 ‘
366 1115 618 1167 Armisona‚'
637 1115 792 1168 inquit,
809 1117 820 1138 ‘
840 1114 1010 1155 saltatio
1038 1112 1212 1153 militari

340 1179 394 1224 de
425 1190 557 1229 more,
592 1182 636 1218 et
674 1178 911 1230 Pyrr-biche
959 1176 1131 1228 dicitur,
1166 1181 1213 1216 et

340 1243 610 1294 Pyrrhicliius
631 1243 725 1293 ipse
751 1241 908 1280 indicio
928 1245 1010 1290 est,
1045 1239 1115 1292 qui
1146 1251 1214 1279 re·

340 1313 488 1358 pertor
526 1306 718 1345 exercitii
757 1317 836 1357 pro
880 1303 1125 1356 juvenibus,
1160 1303 1214 1343 ad

341 1370 564 1409 militarem
583 1369 781 1420 peritiam
796 1367 927 1408 fuisse
939 1366 1217 1419 perhibetur!

341 1432 538 1484 Apparet
554 1444 656 1483 ergo
676 1444 730 1471 ex
752 1432 813 1471 his
836 1431 990 1481 verbis,
1022 1429 1075 1470 ad
1094 1441 1214 1468 usum

343 1496 502 1536 militiae
534 1496 613 1536 hoc
650 1496 888 1535 saltationis
919 1504 1053 1546 genus
1085 1492 1219 1533 fuisse

343 1564 556 1613 repertum
575 1573 587 1609 ;
618 1559 691 1599 sed
712 1558 794 1599 alio
814 1559 907 1598 loco
933 1557 1121 1609 dixerat,
1140 1557 1219 1597 hac

344 1635 553 1663 armorum
573 1622 808 1675 agitatione
823 1622 866 1661 in
885 1621 1073 1661 Deorum
1090 1621 1220 1661 sacris

344 1700 440 1728 usos
459 1686 604 1734 fuisse,
630 1686 701 1726 ubi
728 1687 740 1708 ‘
760 1686 949 1726 Deorum
981 1684 1222 1724 ministros'

345 1752 438 1791 illos
463 1750 667 1790 nominat.
703 1748 715 1770 ‘
731 1748 890 1800 Tales,’
930 1747 1081 1800 inquit,
1109 1747 1122 1769 ‘
1138 1747 1224 1787 dae-

347 1827 494 1855 mones
509 1814 727 1867 quosdam,
750 1814 995 1853 Deorumve
1010 1813 1222 1853 ministros

351 1881 528 1920 Curetas
554 1875 746 1918 faciunt.'
790 1875 961 1916 Deinde
977 1875 1221 1927 subjimgit:

349 1947 362 1967 ‘
380 1942 562 1986 Quidam
577 1953 675 1982 vero
694 1952 759 1980 res
776 1940 1006 1980 Cretenses
1022 1952 1070 1980 ac
1090 1940 1226 1992 Phry-

351 2008 440 2060 gias
459 2007 632 2047 edidere
663 2004 881 2047 sacrificiis
907 2004 1119 2044 nonnullis
1150 2003 1226 2043 im-

353 2072 551 2125 plicatas,
571 2071 726 2123 partim
746 2068 952 2119 mysticis,
978 2068 1132 2120 partim
1153 2067 1228 2107 ali-

354 2149 438 2189 quo
469 2140 596 2187 pacto
626 2138 852 2174 contentas
891 2131 1122 2183 tradidere,
1163 2130 1230 2172 uti

354 2199 474 2242 Jovis
514 2197 732 2238 infantiam
772 2197 816 2236 in
863 2196 996 2237 Creta
1041 2195 1230 2248 educati,

355 2263 589 2315 matrisque
636 2263 825 2301 Deorum
867 2260 1140 2300 caeremonias
1186 2260 1231 2300 in

357 2327 564 2379 Phrygia,
597 2331 642 2366 et
678 2324 722 2364 in
761 2323 851 2364 Idae
893 2325 1090 2376 Trojauae
1127 2325 1231 2365 locis

357 2392 664 2434 celebrandas:
694 2390 845 2444 quibus
874 2402 977 2431 sane
1008 2391 1052 2430 in
1075 2403 1232 2432 sermo-

359 2458 481 2498 nibus
510 2468 663 2508 magna
695 2454 880 2495 varietas
912 2460 994 2507 est,
1031 2467 1126 2495 cum
1162 2454 1234 2495 alii

361 2520 534 2561 eosdem
554 2531 648 2559 esse
669 2519 868 2569 Curetas,
887 2524 932 2558 et
951 2518 1237 2572 Corybantes,

364 2591 411 2625 et
447 2583 650 2634 Caberos,
685 2588 730 2622 et
763 2582 905 2621 Idaeos
938 2583 1161 2636 Dactylos‚
1191 2588 1238 2624 et

364 2647 588 2688 Telchinas
621 2643 878 2685 ostendant:
922 2645 996 2685 alii
1030 2652 1237 2699 cognatos

366 2714 481 2751 inter
500 2722 560 2761 se,
579 2714 623 2749 et
639 2708 816 2761 pusillas
835 2709 1035 2761 quasdam
1051 2711 1240 2762 ipsorum

369 2773 630 2815 differentias
662 2772 774 2812 inter
809 2785 880 2813 eos
912 2785 1006 2814 esse
1033 2774 1242 2827 distingu-

370 2846 459 2881 ant.
514 2839 567 2879 In
586 2838 666 2878 hoc
686 2843 827 2878 autem
846 2838 1034 2879 universi
1052 2841 1246 2894 tradunt,

373 2919 465 2948 esse
499 2905 701 2958 quosdam
732 2903 953 2956 spiritibus
989 2903 1174 2958 afflatos,
1198 2912 1246 2946 et

373 2971 624 3020 Bacchicos‚
638 2969 766 3021 inque
783 2981 995 3009 armorum
1014 2971 1246 3022 agitatione

374 3036 666 3084 tumultuosae,
693 3038 740 3072 et
767 3044 862 3072 cum
889 3034 1075 3085 strepitu
1102 3040 1148 3074 et
1163 3033 1247 3074 fra-

378 3111 498 3153 gore,
530 3097 839 3148 cymbalisque,
865 3101 911 3136 et
941 3098 1171 3149 tympaniS‚
1206 3103 1253 3139 et

379 3163 523 3214 armis,
539 3162 646 3201 item
679 3159 808 3200 etiam
839 3159 969 3212 tibiis,
985 3159 1254 3202 vociferatio-

378 3227 591 3279 nibusque
621 3224 737 3264 inter
767 3222 1089 3263 sacrificandum
1113 3231 1256 3278 stupe-

380 3289 606 3339 facientes,
642 3288 770 3340 inque
789 3285 1076 3327 ministrorum
1106 3288 1257 3329 habitu

383 3355 555 3407 publica
573 3353 697 3393 modo
714 3352 895 3405 quodam
919 3364 1040 3392 sacra
1057 3351 1258 3394 factitan-

387 3418 477 3458 tes.'
523 3418 684 3457 Rursus
718 3415 771 3455 ad
799 3413 984 3455 fabulam
1019 3414 1142 3456 Jovis
1176 3416 1259 3456 alio

388 3483 483 3521 loco
515 3478 723 3531 referens,
753 3478 842 3519 ait:
889 3478 901 3500 ‘
922 3478 1093 3519 Baccho
1116 3483 1260 3518 autem

390 3545 546 3586 adsunt
572 3543 732 3595 Satyri,
757 3553 831 3582 nos
862 3542 1044 3583 Curetas
1065 3542 1262 3597 'nomina-

902 306 1074 347 NO'I'AE
1114 303 1446 343 VARIORUM
1490 301 1554 341 IN

1266 432 1374 470 mus,
1405 419 1700 459 adolescentes
1723 417 1939 470 quosdam,
1965 417 2140 459 armiso-

1267 496 1365 522 nam
1394 482 1606 534 quandam
1636 493 1734 520 cuin
1764 481 1942 522 saltibus
1975 482 2144 534 agilita-

1269 551 1354 585 tem
1381 546 1576 596 edentes,
1611 542 1896 596 praeferentes
1931 545 2143 598 quandam

1269 609 1323 648 de
1351 609 1470 650 Jovis
1499 608 1665 659 origine
1691 606 1912 658 fabulam,'
1940 611 2020 650 &c.
2048 621 2143 648 nam
2194 623 2196 625 ·

1268 671 1401 723 ipsam
1416 670 1603 711 fabulam
1634 670 1789 711 deinde
1808 676 1967 712 narrat.
2013 672 2147 712 Cure-

1270 741 1336 775 tes
1352 741 1493 775 autem
1523 733 1653 774 fuisse
1670 746 1755 774 non
1775 735 1911 774 solum
1938 735 1982 774 in
1999 735 2147 786 Creta,

1268 797 1343 837 sed
1373 797 1416 837 iu
1432 798 1611 848 Euboea,
1629 797 1803 848 AEtolia,
1823 803 1870 838 et
1887 797 2150 849 Acarnania,

1269 863 1383 903 idem
1403 869 1554 904 auctor
1574 875 1670 904 cum
1691 864 1835 903 multis
1853 864 1896 903 in
1917 864 2039 916 locis,
2058 870 2149 904 tum

1270 927 1330 967 ibi
1381 927 1649 979 potissimum,
1693 926 1899 977 ostendit,
1943 927 2019 968 ubi
2064 928 2150 968 ait:

1271 993 1284 1013 ‘
1304 990 1457 1043 Itaque
1476 989 1625 1029 eodem
1639 989 1866 1041 insignitos
1881 990 2051 1030 nomine
2069 990 2153 1031 Cu·

1273 1058 1387 1093 retas
1407 1054 1523 1105 ipsos
1552 1053 1774 1106 appellari,
1801 1054 1873 1106 qui
1911 1054 1955 1093 in
1981 1053 2153 1094 -Euboea

1275 1124 1390 1168 sunt,
1408 1118 1564 1170 quique
1583 1117 1628 1157 in
1649 1116 1809 1157 AEtolia
1829 1122 1876 1157 et
1895 1116 1939 1156 in
1958 1115 2152 1156 Acarna-

1273 1179 1376 1221 nia!
1429 1181 1545 1221 Hinc
1573 1185 1642 1220 est
1673 1179 1788 1232 quod
1821 1180 2016 1219 Lucanus
2047 1179 2156 1220 dicit

1277 1243 1350 1283 lib.
1366 1254 1435 1284 1v.
1481 1244 1664 1283 Curetas
1694 1242 1860 1282 feroces
1896 1243 2077 1295 populos
2109 1243 2156 1282 in

1276 1306 1524 1347 Dalmatia:
1553 1307 1565 1329 ‘
1584 1307 1703 1348 Quos
1725 1307 1802 1346 alit
1823 1305 2011 1346 Adriaco
2028 1306 2156 1346 tellus

1277 1369 1527 1411 circumflua
1547 1369 1709 1423 ponto!
1763 1369 1895 1422 Apud
1920 1382 2025 1423 quos
2042 1370 2162 1416 Mar-

1277 1446 1353 1475 cus
1375 1433 1590 1474 Antonius
1608 1433 1694 1474 fuit
1707 1446 1732 1474 a
1751 1433 2028 1486 Pompeianis
2048 1433 2162 1474 clau·

1279 1512 1348 1539 sus
1378 1511 1476 1539 cum
1501 1499 1688 1539 maximo
1714 1498 1973 1539 discrimine.
2013 1497 2164 1538 Oliver.

1332 1562 1625 1616 Lydorumque]
1655 1562 1693 1603 A
1720 1561 1873 1615 quibus
1889 1562 2046 1602 Thusci
2079 1562 2164 1601 ori·

1281 1627 1424 1680 ginem
1444 1631 1686 1668 traxerunt.
1739 1627 1855 1668 Nam
1881 1625 2038 1666 Thusci
2057 1624 2165 1666 dicti

1281 1697 1384 1732 sunt
1402 1691 1532 1744 Lydi,
1553 1703 1680 1744 quum
1699 1702 1754 1731 ex
1771 1690 1909 1743 Lydia
1930 1689 2075 1730 coloni
2094 1693 2164 1729 ve-

1282 1760 1440 1796 nerunt
1457 1756 1502 1796 in
1529 1754 1770 1805 Thusciam,
1798 1755 1908 1794 duce
1926 1753 2166 1806 Tyrrheno,

1284 1819 1422 1874 Atyos
1450 1819 1553 1861 filio.
1584 1818 1738 1859 Strabo
1763 1818 1840 1858 lib.
1861 1829 1910 1858 v.
1949 1817 1962 1839 ‘
1979 1816 2166 1870 Tyrrhe·

1285 1885 1391 1936 nos,’
1409 1885 1564 1938 inquit,
1592 1885 1606 1907 ‘
1623 1881 1808 1924 Romani
1829 1881 2073 1936 Hetruscos
2094 1890 2168 1931 ap—

1287 1950 1455 2002 pellant
1474 1953 1606 2000 atque
1635 1947 1847 1986 Thuscos,
1893 1943 2040 1984 Graeci
2068 1953 2170 1983 vero

1287 2015 1368 2055 hoc
1395 2026 1469 2054 eos
1501 2012 1672 2053 nomine
1702 2010 1990 2060 nominarunt,
2016 2021 2043 2048 a
2067 2007 2171 2059 Tyr-

1290 2078 1425 2118 rheno
1449 2077 1592 2131 Atyos
1618 2076 1724 2127 filio,
1754 2075 1828 2128 qui
1850 2085 1906 2114 ex
1933 2071 2070 2125 Lydia
2098 2083 2172 2112 co-

1289 2143 1411 2183 lonos
1429 2142 1538 2182 lianc
1558 2141 1601 2181 in
1630 2140 1866 2192 regionem,
1886 2137 2015 2178 sicuti
2040 2135 2176 2176 tradi-

1294 2211 1380 2258 tur,
1397 2205 1584 2246 dimisit:
1614 2202 1728 2256 Atys
1745 2203 1858 2243 enim
1877 2213 1934 2242 ex
1954 2200 2174 2254 prognatis

1293 2265 1498 2312 Herculis
1516 2274 1563 2310 et
1582 2267 1819 2320 Omphales
1836 2278 1959 2316 nnus,
1977 2276 2073 2305 cum
2092 2269 2176 2304 ste·

1295 2335 1459 2375 rilitate
1477 2340 1523 2375 et
1538 2331 1651 2373 fame
1671 2331 1878 2384 populum
1892 2330 2093 2370 emittere
2111 2339 2182 2369 co-

1296 2404 1488 2450 geretur,
1506 2409 1531 2438 e
1560 2396 1726 2436 duobus
1756 2393 1874 2446 filiis,
1905 2397 2020 2434 sorte
2041 2392 2178 2445 jacta,

1298 2462 1465 2514 Lydum
1483 2459 1657 2514 quidem
1686 2469 1981 2499 successorem
2010 2455 2180 2496 tenuit:

1297 2525 1526 2578 Tyrrheno
1555 2529 1699 2564 autem
1726 2521 1931 2573 majorem
1953 2519 2182 2574 applicans

1299 2589 1521 2642 populum,
1549 2585 1665 2626 foras
1701 2585 1824 2626 abire
1853 2583 2000 2636 jussit.
2055 2581 2184 2623 Hane

1301 2654 1376 2695 ille
1394 2651 1568 2694 taudem
1597 2651 1812 2702 ingressus
1840 2652 2017 2699 terram,
2033 2646 2089 2687 de
2108 2657 2184 2687 suo

1303 2716 1476 2757 nomine
1494 2713 1666 2755 vocavit
1689 2710 1996 2765 Tyrrheniam!
2040 2709 2186 2762 Lydos

1304 2784 1448 2820 autem
1487 2778 1570 2818 hoc
1605 2783 1765 2830 genere
1799 2774 2040 2816 saltationis
2073 2786 2189 2827 usos,

1307 2843 1422 2884 idem
1441 2845 1589 2883 auctor
1616 2840 1762 2881 multis
1787 2838 1831 2879 in
1858 2837 1963 2880 locis
1981 2834 2191 2879 ostendit.

1311 2908 1419 2949 Oliv.

1370 2969 1548 3021 Histrio]
1578 2966 1648 3008 An
1666 2967 1809 3007 verius
1837 2966 1995 3018 legam,
2021 2960 2195 3005 Hister?

1309 3045 1418 3075 voce
1437 3033 1670 3074 Hetrusca.
1709 3031 1783 3071 Ita
1797 3029 1969 3070 Livius:
1998 3028 2074 3069 sed
2088 3027 2192 3068 Plu-

1311 3099 1485 3138 tarchus
1503 3109 1528 3137 a
1546 3095 1731 3149 quodam
1750 3093 1915 3134 Histrio
1929 3102 2076 3133 omnes
2096 3089 2196 3131 His·

1315 3161 1475 3202 triones
1513 3160 1653 3200 dictos
1695 3161 1906 3198 autumat.
1958 3155 2115 3197 Festus
2150 3158 2198 3194 et

1314 3226 1505 3267 Isidorus
1524 3221 1758 3265 Histrionis
1777 3208 1931 3260 noinen
1953 3229 2007 3257 ex
2029 3215 2198 3257 Histria

1317 3289 1556 3330 deducunt.
1587 3283 1876 3327 Glossarium:
1906 3279 2084 3332 Histrio,
2099 3293 2196 3320 παν-

1318 3353 1490 3404 τόμιμος.
1523 3348 1820 3392 Pantomimus
1839 3345 1892 3396 is,
1915 3344 1987 3396 qui
2007 3354 2091 3384 non
2105 3347 2197 3383 tan-

1321 3423 1413 3459 tum
1432 3414 1643 3464 manibus,
1661 3411 1736 3452 sed
1761 3414 1855 3450 toto
1874 3418 2055 3460 corpore
2073 3405 2201 3458 gesti-

1322 3483 1509 3522 culatur.
1562 3476 1691 3518 Unde
1720 3471 2010 3513 Tertullianus
2041 3469 2115 3510 lib.
2144 3467 2200 3508 de

1324 3543 1527 3586 Idololat.
1558 3538 1787 3582 histriones
1813 3535 1874 3576 ait
1905 3546 1990 3575 non
2008 3530 2203 3577 manibus
