2320 4004
577 296 834 359 vAcERu
876 313 1120 354 MAxnul
1166 314 1286 354 [AB.
1324 314 1384 354 v.
1422 313 1555 353 cAP.
1582 298 1668 353 10.

209 441 516 498 sumptuariam
541 441 682 491 legem
713 437 830 478 ferre
849 434 1090 476 volentibus

210 505 600 554 miradal-sarius,
637 507 687 542 ut
706 500 858 541 scribit
875 498 963 540 Dio
984 498 1091 538 libro

1893 297 1918 350 1
1928 297 2035 351 207

1155 446 1251 485 cap.
1268 438 1307 475 3.
1328 433 1551 475 Maleficos
1572 429 1874 486 conquisivisse
1886 441 1941 470 ex
1957 430 2036 472 hoc

1155 499 1323 551 quidem
1353 499 1515 539 Valerii
1545 499 1643 538 loco
1673 495 1833 544 didici3
1876 494 1946 535 cui
1964 494 2038 534 ad-

210 583 381 614 xxxrx.
415 568 539 610 Obiit
559 569 605 607 L.
626 565 791 608 AEmilio
807 564 962 614 Paulo,
978 569 1025 602 et
1040 561 1091 602 C.
1147 563 1283 615 jungo
1299 564 1539 602 Varronem
1559 561 1613 602 de
1635 560 1759 612 Ling.
1788 560 1882 599 Lat.
1910 557 1985 597 lib.
2005 570 2039 599 1.

213 635 392 678 Claudio
415 632 622 673 Marcello
642 631 789 680 Coss.;
829 640 926 668 cum
946 639 970 667 e
990 625 1093 666 Cili-

214 699 282 740 cia
301 697 456 739 Cicero
488 696 670 736 Romam
704 698 1012 742 reverteretur,
1046 695 1095 730 ut

212 763 256 804 iu
277 761 427 803 Ovidii
444 761 582 801 Bruto
602 760 797 811 legimus.

267 825 364 866 Suis
401 821 657 876 temporibus]
705 821 916 862 Omnibus
957 818 1094 860 ferme

218 890 477 932 Oratoribus
498 889 640 929 aetatis
663 900 767 937 suar,
798 887 878 926 nisi
908 886 974 926 Μ.
993 885 1096 924 Tul-

213 955 292 1006 lio,
311 954 482 995 clarior.
536 951 726 1003 Agellius
758 950 865 991 libro
881 960 912 989 1.
943 961 1040 1000 cap.
1059 952 1098 987 5.

219 1021 397 1061 Ceteras.

270 1082 456 1134 Ambitus
490 1078 617 1130 reum]
663 1079 782 1129 Lege
825 1075 1006 1127 Licinia,
1045 1073 1099 1114 de

216 1159 302 1200 qua
321 1146 475 1185 Cicero
496 1156 572 1196 pro
593 1144 770 1183 Planco.
792 1142 912 1181 Idem.

272 1209 458 1249 Osculum
482 1210 677 1259 nepotum,
708 1206 752 1245 in
775 1205 911 1256 quibus
927 1202 1100 1254 acquies-

217 1271 343 1324 ceree]
369 1271 538 1314 Quibus
557 1270 699 1310 verbis
728 1269 932 1309 innuebat
949 1280 994 1308 se
1014 1279 1099 1306 non

217 1335 354 1376 filium
407 1333 568 1374 habere
625 1339 787 1385 praeter
843 1331 1102 1382 Messallam,

220 1411 348 1453 quem
366 1397 584 1439 haeredem
599 1409 721 1437 suum
740 1395 832 1436 fore
846 1395 938 1447 Jam
959 1395 1100 1434 animo

220 1464 520 1505 constituerat.

275 1528 298 1579 ᾗ
318 1529 342 1566 3
365 1526 475 1567 Idem
484 1524 703 1576 fecit,&c.]
729 1523 903 1565 Fulvius
921 1524 1101 1564 Flaccus

221 1590 384 1643 primus
401 1591 588 1630 omnium
602 1588 908 1639 Transalpinos
925 1588 1102 1638 Ligures

220 1656 405 1696 domuit:
422 1655 574 1694 missus
588 1653 632 1693 in
646 1652 848 1692 auxilium
864 1651 1104 1691 Massilien-

221 1718 338 1759 sibus
357 1718 562 1758 adversus
581 1717 744 1757 vicinos
759 1716 924 1767 Gallos,
941 1716 1013 1768 qui
1028 1728 1103 1767 po-

221 1780 605 1835 pulabanturfines
627 1780 976 1831 Massiliensium,
1007 1793 1103 1820 cum

221 1847 295 1888 diu
313 1848 581 1900 multumque
597 1846 852 1887 clauderent
869 1847 1002 1886 saltus
1019 1847 1105 1886 De·

221 1912 375 1963 ciates,
389 1923 487 1952 mox
506 1911 636 1951 etiam
657 1910 936 1959 Euburiates,
956 1908 1102 1963 incog-

220 1977 332 2018 nitas
353 1977 527 2017 taudem
547 1975 737 2016 latebras
757 1987 903 2016 eorum
934 1974 1104 2027 ignibus

222 2041 358 2093 sepsit
377 2040 570 2091 Fulvius,
601 2039 643 2078 in
670 2039 799 2091 plana
826 2038 1001 2079 Baebius
1031 2037 1104 2078 de-

223 2103 363 2154 duxit,
379 2102 655 2144 Posthumius
684 2103 746 2143 ita
773 2101 1030 2153 exarmavit,
1056 2106 1107 2142 ut

221 2169 294 2208 vix
315 2167 538 2221 reliquerit
557 2166 719 2207 ferrum
741 2178 826 2218 quo
852 2170 971 2205 terra
990 2166 1105 2206 cole-

225 2237 359 2272 retur.
415 2231 502 2271 Hic
518 2230 651 2283 igitur
665 2229 858 2280 Fulvius,
885 2229 957 2281 qui
978 2229 1106 2280 Ligu-

226 2306 292 2336 res
312 2293 493 2345 domuit,
512 2292 786 2333 Ambraciam
815 2292 993 2343 devicit,
1027 2293 1107 2332 Ce-

224 2359 482 2413 phaleniam,
522 2365 569 2400 et
610 2359 879 2412 Zacynthum
918 2358 1108 2410 subegit,

224 2423 360 2465 filium
392 2424 542 2465 habuit
570 2428 701 2465 tantae
722 2423 955 2475 impietatis
975 2430 1108 2475 atque

226 2488 451 2542 nequitiae,
483 2494 532 2529 ut
565 2487 731 2529 caedem
762 2487 845 2540 ipsi
875 2487 1110 2527 machinari

226 2563 314 2592 non
340 2551 623 2592 dubitaverit.
658 2551 809 2591 Oliver.

285 2615 568 2667 Triumvirum]
610 2616 744 2667 Cujus
778 2620 888 2663 erat,
923 2615 1110 2656 criminis

227 2681 448 2722 convictos
488 2680 531 2720 in
570 2692 784 2721 carcerem
830 2681 1018 2730 trahere,
1066 2688 1111 2721 et

228 2745 485 2798 supplicium
505 2743 560 2784 de
580 2745 641 2784 eis
673 2756 855 2785 sumere.
911 2745 996 2785 Per
1020 2745 1109 2784 Tri-

225 2808 438 2862 umvirum]
463 2808 712 2848 Triumviris
732 2821 836 2849 cura
855 2814 899 2848 et
914 2809 1111 2849 custodia

226 2878 322 2912 erat
341 2872 540 2925 carceris,
558 2884 639 2913 nec
658 2884 712 2913 ea
731 2878 914 2924 tantum,
938 2873 1043 2926 quin
1065 2880 1110 2914 et

225 2936 270 2977 in
303 2948 400 2977 reos
437 2937 590 2988 capitis
623 2936 1028 2977 animadvertebant
1062 2939 1107 2977 in

228 3012 419 3041 carcere.
454 3000 581 3040 Unde
591 3002 815 3052 Capitales
833 3001 937 3042 dicti
956 3004 1110 3043 Plauto

228 3070 276 3106 et
293 3065 402 3105 aliis.
457 3065 689 3116 Sanguinei
712 3065 832 3117 item,
852 3073 898 3106 ut
917 3067 1111 3108 Pruden-

227 3128 304 3169 tio.
379 3128 506 3171 Quod
536 3129 577 3168 in
610 3141 783 3169 carcere
808 3141 902 3169 reos
937 3131 1110 3182 punive-

227 3192 331 3244 rint,
350 3192 521 3244 planum
542 3205 596 3232 ex
613 3193 789 3233 Valerio
821 3191 872 3233 fit
898 3194 977 3234 hoc
997 3194 1108 3236 libro

229 3266 326 3308 cap.
344 3259 386 3296 4.
407 3261 453 3296 et
485 3255 559 3296 lib.
575 3267 638 3296 vr.
659 3268 756 3308 cap.
776 3260 813 3295 1.
869 3257 955 3296 Sed
973 3265 1019 3298 et
1035 3270 1109 3297 ex-

230 3323 300 3358 tra
334 3330 551 3359 carcerem
583 3319 996 3372 animadvertebant,
1027 3323 1109 3364 hoc

231 3387 312 3429 est,
330 3382 444 3434 apud
463 3384 704 3423 columnam
738 3385 960 3437 Maeniam,
993 3392 1109 3428 teste

231 3442 430 3485 Asconio.
502 3446 736 3488 Ducebant
767 3460 914 3500 porro,
952 3455 998 3490 et
1036 3452 1111 3492 ali·

231 3506 399 3559 quando
418 3508 545 3548 etiam
577 3508 676 3551 duci
706 3511 940 3566 jubebant,
971 3514 1020 3555 ut
1055 3516 1108 3558 P.

1157 627 1170 649 ‘
1185 626 1431 668 Quaestores
1450 639 1474 666 a
1493 624 1745 679 quaerendo,
1769 622 1844 675 qui
1863 620 2040 674 conqui-

1157 696 1304 730 rerent
1324 689 1518 742 publicas
1533 688 1737 741 pecunias
1757 691 1803 726 et
1816 683 2043 740 maleficia,

1160 769 1254 809 quae
1285 756 1512 795 Triumviri
1542 755 1747 807 capitales
1785 764 1898 792 nunc
1943 763 2046 792 con·

1159 819 1363 873 quirunt!
1419 819 1486 858 De
1505 819 1570 858 bis
1597 819 1729 858 etiam
1761 817 1894 857 libros
1923 815 2042 858 Juris

1159 885 1348 925 consule.
1404 883 1696 924 Glossarium:
1727 881 1940 928 Triumvir,
1974 896 2047 922 πα-

1159 947 1350 1002 ραφύλαξ,
1370 945 1620 1000 τριανδρικόν.
1652 948 1827 987 Colerus.

1219 1014 1344 1059 Quem
1364 1011 1504 1061 fuerat
1523 1011 1727 1064 expertus]
1769 1011 1869 1050 Non
1889 1008 2049 1050 haben-

1163 1079 1217 1119 do
1248 1085 1511 1131 respectum,
1553 1077 1669 1130 quod
1704 1089 1801 1117 eum
1842 1080 2047 1128 expertus

1161 1142 1318 1192 fuerat,
1344 1142 1387 1182 in
1409 1155 1454 1182 se
1474 1140 1752 1194 parricidium
1774 1150 1965 1191 parasse.

1217 1208 1240 1259 ξ
1257 1210 1281 1246 4
1312 1204 1566 1257 Subjecisset]
1595 1205 1643 1245 Si
1659 1203 1771 1244 filius
1791 1202 1885 1256 ejus
1902 1201 2046 1243 subdi-

1164 1271 1285 1310 titius
1304 1275 1436 1311 esset.

1220 1335 1347 1374 Recta
1376 1332 1584 1385 cogitatio]
1626 1332 1754 1375 Justa
1786 1330 2049 1372 existimatio

1164 1398 1219 1438 de
1241 1399 1404 1449 pietate
1424 1398 1541 1450 patri
1567 1397 1726 1437 debita.

1224 1463 1321 1502 Tam
1340 1460 1547 1514 obsequens
1576 1459 1635 1511 es]
1670 1460 1864 1513 Sequens
1899 1463 2048 1499 votum

1164 1525 1257 1566 filii.

1222 1589 1430 1642 Exupera]
1475 1589 1527 1630 In
1567 1589 1672 1630 vita.
1739 1587 1793 1629 Id
1831 1592 1913 1640 est,
1953 1587 2051 1629 vive

1166 1653 1326 1694 diutius
1348 1667 1473 1707 quam
1494 1665 1575 1705 ego
1593 1654 1782 1694 victurus
1802 1665 1908 1694 sum.

1223 1719 1336 1759 CAP.
1356 1731 1400 1759 x.
1430 1721 1487 1772 §1
1512 1719 1710 1759 Horatius
1730 1717 1945 1768 Pulvillus]
1962 1715 2053 1757 Ho-

1168 1785 1278 1824 ratio
1312 1785 1501 1824 Pulvillo
1534 1790 1580 1824 et
1610 1784 1786 1824 Valerio
1823 1783 2055 1823 Publicola

1168 1847 1285 1888 Coss.
1303 1847 1506 1887 dedicata
1521 1853 1614 1887 erat
1634 1848 1676 1887 in
1695 1847 1913 1900 Capitolio
1928 1846 2052 1887 Jovis

1167 1912 1299 1953 aedes.
1355 1913 1504 1952 Sortiti
1534 1917 1634 1952 sunt
1653 1912 1766 1952 inter
1789 1923 1835 1951 se
1857 1911 2053 1950 consules

1169 1983 1265 2017 uter
1297 1977 1536 2018 dedicaret.
1594 1976 1779 2017 Horatio
1810 1974 1925 2016 forte
1954 1987 2053 2016 eve-

1169 2042 1246 2082 nit.
1300 2042 1499 2081 Valerius
1521 2041 1572 2081 ad
1591 2041 1751 2081 Veiens
1778 2039 1939 2080 bellum
1960 2051 2055 2092 pro-

1170 2105 1327 2147 fectus.
1384 2106 1571 2158 AEgrius,
1590 2118 1718 2159 quam
1738 2105 1914 2158 dignum
1941 2110 2052 2156 erat,

1171 2171 1364 2211 tulerunt
1400 2170 1565 2210 Valerii
1606 2168 1838 2210 necessarii
1883 2167 2055 2209 dedica-

1170 2235 1330 2275 tionem
1364 2240 1451 2274 tam
1488 2234 1645 2285 inclyti
1681 2232 1832 2284 templi
1867 2231 2054 2272 Horatio

1171 2297 1277 2340 dari.
1349 2298 1402 2338 Id
1439 2298 1633 2337 omnibus
1669 2297 1810 2336 modis
1843 2293 2052 2347 impedire

1171 2361 1333 2413 conati,
1354 2366 1579 2413 postquam
1607 2360 1690 2400 alia
1707 2359 1868 2400 frustra
1887 2363 2056 2400 tentata

1173 2432 1310 2477 erant,
1348 2431 1513 2477 postem
1553 2425 1646 2476 jam
1689 2423 1858 2464 tenenti
1891 2422 2056 2463 consuli

1171 2489 1332 2530 foedum
1353 2490 1465 2530 inter
1485 2488 1776 2541 precationem
1792 2488 1933 2528 Deum
1949 2498 2055 2527 nun-

1173 2555 1279 2594 tium
1306 2554 1536 2600 incutiunt,
1567 2558 1779 2593 mortuum
1807 2551 1903 2604 ejus
1921 2550 2055 2590 filium

1174 2631 1287 2670 esse,
1304 2617 1604 2670 funestamque
1617 2616 1836 2668 familiam,
1853 2614 2056 2655 dedicare

1174 2695 1271 2723 eum
1292 2684 1500 2734 templum
1519 2694 1603 2721 non
1635 2692 1776 2733 posse.
1832 2679 1934 2720 Non
1963 2690 2056 2720 cre-

1174 2746 1334 2788 diderit
1371 2745 1554 2796 factum,
1590 2757 1645 2784 an
1683 2749 1851 2785 tantum
1890 2742 2055 2783 roboris

1173 2811 1314 2851 animo
1350 2809 1500 2862 fuerit,
1522 2821 1602 2849 nec
1642 2808 1833 2849 traditur
1870 2812 2054 2859 certum,

1173 2887 1253 2915 nec
1284 2873 1428 2914 facilis
1463 2879 1530 2913 est
1560 2871 1879 2924 interpretatio.
1937 2870 2057 2910 Nihil

1174 2942 1288 2983 aliud
1323 2941 1377 2981 ad
1411 2952 1507 2981 eum
1544 2939 1739 2979 nuntium
1774 2951 1800 2978 a
1833 2937 2056 2990 proposito

1174 3019 1336 3058 versus,
1356 3018 1481 3059 quam
1514 3011 1563 3044 ut
1594 3003 1782 3044 cadaver
1807 3000 1954 3043 efferri
1985 3001 2056 3051 ju-

1172 3071 1312 3121 beret,
1348 3076 1502 3111 tenens
1542 3073 1725 3121 postem,
1758 3066 2055 3119 precationem

1173 3134 1360 3186 peragit,
1389 3140 1434 3174 et
1453 3133 1630 3174 dedicat
1648 3132 1871 3183 templum.
1903 3129 2055 3168 Oliver.

1175 3197 1371 3237 Horatius
1391 3197 1602 3248 Pulvillus]
1631 3194 1872 3235 Meminere
1892 3196 2056 3244 praeter

1173 3261 1417 3302 Historicos
1447 3262 1611 3301 Seneca
1655 3260 1710 3299 de
1755 3255 2056 3298 Consolatione

1175 3326 1229 3365 ad
1248 3326 1458 3365 Marciam
1480 3337 1517 3365 c.
1534 3328 1598 3364 13.
1631 3324 1784 3363 Cicero
1802 3333 1879 3373 pro
1897 3320 2053 3359 Domo.

1178 3389 1306 3430 Coler.
1344 3387 1536 3438 Contigit
1555 3385 1609 3426 A.
1625 3385 1680 3426 U.
1698 3394 1873 3424 ccxnvr.

1188 3474 1191 3475 ⁷
1229 3452 1295 3492 Ne
1312 3451 1442 3503 patris
1462 3450 1606 3500 magis,
1623 3460 1738 3500 quam
1752 3444 1949 3498 pontefici-s
1959 3457 2055 3497 par-

1174 3520 1234 3556 tes
1255 3517 1380 3567 egisse
1415 3511 1632 3563 videretur]
1671 3510 1913 3551 Truncasse
1945 3510 2053 3550 scio-

231 3570 477 3614 Munatium
520 3573 633 3625 apud
680 3574 866 3617 Plinium
907 3578 987 3621 lib.
1012 3590 1110 3623 xxx.
1170 3581 1240 3622 los
1273 3579 1531 3632 exemplum,
1564 3575 1703 3617 codex
1741 3573 2052 3616 Wincbelianus
