2346 3996
376 318 517 373 1294

375 454 572 502 praestat,
599 462 724 503 quam
750 453 825 492 has
845 452 946 495 dare
967 466 1150 509 pessum,
1169 470 1251 498 cae-

372 513 503 565 dique
541 514 672 553 satius
727 520 809 564 est,
842 516 985 568 ‘quam
1025 519 1250 572 quicquam

370 577 502 628 loqui.
559 576 701 630 Atque
738 579 797 618 ita
826 579 1022 632 jugulum
1051 594 1248 634 persecu-

368 639 531 678 toribus
577 641 774 693 nudasse,
819 645 1145 698 compluresque
1191 659 1247 686 ex

369 704 592 756 discipulis
611 705 730 758 (nam
765 719 862 746 cum
895 720 946 748 eo
979 709 1032 749 ad
1065 711 1245 763 quadra·

368 768 488 819 ginta
515 767 642 808 fuisse
663 769 853 823 constat)
875 771 1169 826 interemptos,
1189 786 1243 814 ex

365 831 519 883 quibus
540 831 752 885 Archytas
771 835 1023 877 Tarentinus
1044 843 1088 877 et
1103 838 1243 890 Lysis.

365 898 645 939 Dicaearchus
678 908 781 941 vero
809 901 1099 954 Pythagoram
1135 903 1241 944 dicit

362 962 406 1000 in
426 953 648 1003 delubrum
679 965 917 1018 Musarum,
953 968 1063 1019 quod
1097 968 1238 1008 Meta-

361 1027 484 1076 ponti
522 1033 604 1078 est,
639 1028 899 1081 confugisse,
935 1030 1098 1083 ibique,
1138 1043 1236 1071 cum

361 1090 658 1144 quadraginta·
686 1092 778 1132 dies
811 1093 973 1146 absque
1006 1093 1103 1134 cibo
1137 1106 1235 1147 per-

359 1152 558 1205 stitisset,
579 1154 816 1206 defecisse3
848 1157 1101 1197 Heraclides
1133 1159 1235 1199 vero

357 1215 402 1254 in
439 1216 640 1268 Epitome
678 1219 861 1259 vitarum
899 1220 1054 1272 Satyri,
1098 1221 1234 1273 illum,

357 1286 586 1332 postquam
625 1281 667 1321 in
704 1283 819 1323 Delo
853 1283 1097 1336 Pherecydi
1114 1284 1233 1336 justa

354 1345 636 1396 persolverat,
651 1347 826 1386 rediisse
839 1347 881 1387 in
894 1348 1063 1388 Italiam
1076 1353 1122 1389 et
1135 1361 1231 1389 cum

354 1406 398 1445 in
419 1407 544 1448 domo
560 1408 734 1449 Milonis
754 1410 1018 1452 Crotoniatae
1047 1412 1230 1452 celebri-

353 1474 488 1509 tatem
508 1469 771 1524 offendisset,
799 1473 980 1513 subinde
998 1475 1230 1527 Metapon-

351 1538 441 1572 tum
475 1534 729 1588 perrexisse,
762 1535 922 1589 ibique,
955 1549 1050 1578 cum
1082 1537 1229 1578 vivere

351 1595 530 1636 ulterius
550 1598 703 1650 nollet,
734 1598 877 1640 inedia
903 1600 1035 1641 vitam
1054 1599 1227 1642 finiisse.

350 1657 630 1713 Hermippus,
655 1661 770 1702 bello
786 1663 899 1704 inter
921 1662 1228 1715 Agrigentinos

350 1728 396 1762 et
439 1723 730 1775 Syracusanos
780 1731 891 1778 orto,
936 1727 1228 1780 Pythagoram

349 1785 488 1825 exisse
516 1798 613 1827 curn
644 1788 768 1828 sociis
787 1788 1083 1842 Agrigentinis
1100 1803 1226 1842 opem

346 1847 550 1896 laturum,
568 1851 698 1891 versis
717 1858 859 1892 autem
873 1853 915 1892 in
934 1852 1093 1906 fugam,
1107 1854 1226 1894 illum

348 1911 544 1954 fabarum
563 1927 762 1967 campum
781 1917 1004 1969 circuisse,
1033 1917 1176 1971 ibique
1198 1931 1224 1958 a

345 1974 623 2027 Syracusanis
649 1976 782 2019 fuisse
811 1979 1130 2032 interemptum,
1157 1992 1222 2020 re·

343 2038 480 2091 liquos
499 2051 602 2080 vero
620 2040 674 2081 ad
696 2041 874 2094 triginta
890 2041 1070 2083 Tarenti
1090 2041 1223 2083 fuisse

345 2108 567 2146 crematos.
623 2106 820 2147 Valerius
849 2111 994 2147 autem
1025 2107 1222 2149 Heracli-

345 2165 409 2206 dis
429 2167 668 2219 opinionem
691 2169 898 2222 sequitur.
921 2171 1135 2212 oliverius.

398 2230 672 2283 Metapontus]
725 2232 945 2286 Oppidum
989 2234 1133 2275 Italiae
1178 2234 1222 2277 in

341 2292 437 2332 sinu
456 2294 703 2337 Tarentino.

396 2357 418 2408 ς
437 2359 461 2396 3
482 2357 787 2412 Praeceptorem]
815 2359 900 2400 Hic
930 2371 1083 2400 annum
1101 2360 1220 2413 vige-

341 2417 491 2460 simum
520 2421 661 2461 aetatis
694 2434 841 2474 agens,
875 2423 1038 2463 audivit
1067 2423 1220 2464 Socra-

342 2487 444 2521 tem.
498 2482 580 2523 Illo
598 2490 783 2538 mortuo,
813 2485 978 2527 audivit
996 2486 1218 2539 Cratylum

341 2553 386 2586 et
405 2547 738 2601 Hermogenem.
793 2549 1011 2592 Annorum
1042 2557 1142 2592 octo
1173 2558 1219 2593 et

340 2610 511 2662 viginti,
531 2617 646 2653 teste
676 2613 960 2666 Hermodoro,
992 2615 1216 2667 Megaram

341 2685 386 2713 se
405 2672 459 2713 ad
479 2675 703 2716 Euclidem
736 2677 932 2717 contulit.
988 2677 1105 2718 Hinc
1135 2678 1218 2729 Cy·

339 2747 485 2777 renem
506 2737 745 2791 profectus,
760 2740 1027 2780 Theodorum
1047 2741 1217 2781 Mathe-

339 2799 559 2849 maticum,
596 2806 726 2854 atque
759 2802 858 2842 inde
886 2802 930 2842 in
962 2802 1134 2844 Italiam
1162 2803 1215 2843 ad

340 2861 659 2915 Pythagoreos,
677 2864 915 2906 Philolaum
934 2871 979 2906 et
991 2867 1216 2919 Eurytum,

337 2931 501 2978 postea>
522 2926 565 2966 in
592 2927 822 2980 AEgyptum
851 2928 1090 2982 profectus,
1108 2931 1215 2971 Pro-

335 2988 491 3041 phetas
537 2989 878 3044 sacerdotesque
923 2992 1103 3044 audivit,
1141 2992 1215 3034 ubi

337 3052 537 3094 comitem
555 3053 706 3095 habuit
721 3054 972 3106 Euripidem
988 3057 1214 3108 tragicum.

337 3117 573 3169 Regressus
617 3117 826 3170 Athenas,
877 3118 922 3158 in
977 3118 1214 3160 Academia

336 3181 601 3222 morabatur.
623 3182 728 3223 Οῑίυ.

389 3245 730 3299 Sapientissimus]
771 3247 843 3288 Sic
869 3245 1082 3300 Apollinis
1118 3260 1212 3289 ora·

335 3309 435 3349 culo
453 3315 622 3350 constat
637 3309 766 3350 fuisse
775 3309 1033 3363 judicatum.

392 3372 648 3426 Geometriae]
680 3373 804 3426 Quae,
838 3377 1069 3426 propterea
1099 3373 1211 3427 quod

253 3437 261 3444 '
337 3436 546 3490 AEgyptus
567 3437 745 3490 singulis
777 3437 896 3477 annis
930 3450 956 3478 a
980 3437 1083 3478 Nilo
1102 3449 1212 3478 mer-

336 3506 525 3554 geretur,
569 3501 623 3542 ad
668 3500 978 3554 dignoscendos
1014 3514 1212 3555 agrorum

337 3561 443 3602 fines
459 3563 527 3604 hic
546 3564 811 3617 potissimum
824 3562 980 3607 floruit.

955 336 1128 378 No'rAE
1168 338 1497 381 VARIORUM
1538 341 1604 382 IN

1372 458 1463 499 Nili
1508 459 1692 512 fluminis
1733 461 2022 516 inexplicabiles
2063 467 2189 521 ripas]

1314 521 1433 562 Bene
1452 524 1795 575 inexplicabile&
1850 527 1974 579 Quia,
1992 529 2028 568 si
2048 530 2188 572 Hero·

1314 584 1414 624 doto
1445 586 1673 638 credimus,
1707 589 1796 629 Nili
1829 591 2032 643 originem
2061 590 2187 636 nemo

1310 647 1502 688 invenire
1532 651 1689 703 potuit,
1720 665 1960 706 quanquam
1989 655 2032 696 id
2061 657 2187 697 multi

1310 721 1434 762 reges
1471 711 1630 753 frustra
1667 717 1941 758 tentaverint.
1984 719 2183 762 Lucanus

1308 772 1384 814 lib.
1404 785 1468 815 ix.
1497 775 1740 819 ‘Arcanum
1770 786 1922 821 natura
1950 786 2082 834 caput
2097 794 2183 824 non

1307 836 1497 886 prodidit
1533 838 1640 880 ulli.’
1674 841 1788 881 Plin.
1827 843 1902 883 lib.
1940 855 1982 885 v.
2014 856 2110 897 cap.
2140 849 2183 887 9.

1304 898 1316 920 ‘
1337 898 1494 951 Nilus,'
1521 901 1674 955 inquit,
1697 904 1899 944 ‘incertis
1919 911 2037 946 ortus
2057 906 2184 948 fonti-

1303 958 1381 1000 bus
1417 962 1452 1001 it
1480 975 1558 1014 per
1576 964 1750 1006 deserta
1769 972 1815 1006 et
1832 968 2013 1019 arentia,
2032 974 2076 1009 et
2104 969 2182 1012 im-

1301 1035 1448 1065 menso
1476 1026 1753 1080 longitudinis
1785 1031 1924 1082 spatio
1949 1032 2181 1086 ambulans,

1300 1084 1499 1142 famaque
1518 1096 1682 1132 tantum
1701 1091 1854 1133 inermi
1876 1095 2060 1149 quaesitu
2080 1107 2179 1148 cog-

1300 1150 1413 1191 nitus
1433 1152 1526 1194 sine
1545 1153 1685 1205 bellis,
1707 1168 1802 1209 quae
1831 1161 2007 1198 caeteras
2031 1169 2178 1201 omnes

1301 1218 1437 1255 terras
1469 1217 1688 1270 invenere,
1723 1219 1930 1271 originem
1965 1221 2035 1274 (ut
2060 1222 2178 1264 Juba

1298 1287 1375 1316 rex
1396 1279 1538 1330 potuit
1555 1281 1804 1335 exquirere)
1835 1284 1879 1323 in
1908 1290 2054 1325 monte
2070 1285 2177 1327 infe·

1296 1338 1420 1379 rioris
1436 1341 1722 1396 Mauritaniae,
1736 1356 1818 1384 non
1831 1346 1982 1397 procul
1998 1346 2176 1389 Oceano

1293 1400 1441 1455 habet,
1458 1405 1554 1444 lacu
1570 1405 1766 1458 protinus
1794 1411 2034 1462 stagnante,
2051 1420 2176 1464 quem

1295 1471 1451 1507 vocant
1468 1467 1686 1509 Nilidem.'
1738 1471 1820 1511 Est
1835 1477 2050 1524 praeterea
2067 1473 2172 1515 satis

1291 1528 1442 1582 ignota
1486 1531 1576 1572 Nili
1623 1536 1794 1586 natura,
1839 1545 1971 1587 quare
2009 1534 2175 1578 scilicet

1293 1592 1471 1645 singulis
1492 1595 1627 1646 annis,
1643 1596 1742 1636 Sole
1761 1596 1977 1639 existente
1995 1598 2040 1640 in
2061 1599 2174 1641 Can·

1292 1666 1381 1708 cro,
1399 1661 1532 1697 totam
1552 1658 1732 1699 inundet
1750 1659 1994 1712 AEgyptum.
2038 1661 2171 1715 Quid,

1291 1718 1403 1770 quod
1423 1720 1589 1760 Plinius
1610 1721 1759 1762 eodem
1778 1722 1877 1763 loco
1892 1723 2169 1767 dicat'varias

1290 1782 1381 1835 ejus
1417 1784 1670 1826 incrementi
1707 1799 1858 1827 causas
1900 1800 2008 1841 esse,
2040 1791 2168 1831 modo

1287 1845 1438 1889 flatum
1468 1850 1726 1904 Etesiarum,
1752 1851 1879 1893 modo
1911 1853 2018 1895 alias
2040 1853 2168 1897 affert

1287 1922 1451 1964 causas,
1484 1910 1591 1966 'quas
1633 1915 1807 1966 longum
1845 1921 1958 1957 esset
1989 1916 2169 1972 referre,

1288 1974 1363 2014 sed
1382 1977 1556 2018 evenire
1575 1982 1624 2018 ut
1645 1979 1874 2031 plurimum
1906 1980 2002 2033 ejus
2031 1981 2168 2024 incre·

1288 2044 1475 2080 mentum
1505 2054 1529 2081 a
1561 2041 1678 2082 canis
1707 2048 1803 2083 ortu
1837 2054 1915 2096 per
1942 2044 2165 2087 introitum

1288 2103 1400 2144 Solis
1417 2104 1460 2144 in
1479 2104 1660 2158 leonem,
1686 2112 1730 2146 et
1750 2111 1799 2147 ut
1818 2107 1881 2148 ait
1898 2107 2023 2162 Virg.
2042 2109 2086 2149 in
2105 2121 2168 2153 xv.

1287 2165 1449 2218 Georg.
1488 2167 1605 2208 ‘Per
1641 2168 1808 2210 dlversa
1842 2182 1970 2211 ruens
1997 2178 2166 2225 septem

1286 2228 1492 2271 discurrit
1510 2230 1554 2270 in
1572 2243 1647 2272 ora
1674 2233 1821 2285 Usque
1852 2234 2166 2278 coloratis'am'-

1285 2296 1350 2336 nis
1371 2297 1560 2338 devexus
1580 2297 1634 2338 ab
1655 2296 1807 2338 Indis!
1859 2297 1913 2339 Id
1933 2303 2013 2351 est,
2030 2299 2165 2343 AEthi-

1285 2360 1454 2412 opibus.
1488 2362 1636 2402 Oliver.

1340 2423 1646 2476 Niliflumz’nz's]
1677 2423 1792 2464 Hinc
1823 2424 1959 2465 multa
1986 2424 2042 2467 de
2061 2425 2163 2469 Nilo

1283 2486 1491 2540 inspersit
1507 2489 1593 2529 suis
1611 2488 1815 2540 operibus
1843 2489 1936 2541 apis
1958 2489 2033 2530 illa
2050 2488 2165 2532 Atti·

1284 2561 1352 2601 ca,
1372 2555 1418 2591 et
1451 2551 1566 2604 apud
1594 2551 1849 2592 Strabonem
1879 2550 1986 2592 dicit
2011 2552 2161 2595 Nilum

1282 2612 1466 2664 τριγώνου
1482 2612 1652 2666 κορυφὴν
1669 2614 1886 2654 ἀποτελεῖν.
1942 2615 2012 2655 De
2039 2614 2161 2668 hujus

1283 2673 1471 2718 fluminis
1491 2677 1710 2717 miraculis
1744 2682 1789 2717 et
1811 2676 1977 2717 ‘Cicero
2005 2677 2161 2730 p‘oe'ma

1280 2737 1460 2792 fecerat,
1513 2741 1626 2795 quod
1672 2741 1820 2782 Nilum
1864 2741 2161 2794 inscripserat,

1282 2807 1395 2844 teste
1417 2804 1663 2856 Capitolino
1683 2805 1734 2844 in
1747 2803 1992 2846 Gordianis.
2015 2805 2142 2846 Coler-

1335 2866 1546 2907 Flexuosos
1551 2868 1752 2917 fossarum
1769 2866 1958 2919 ambitus]
1979 2867 2159 2911 Constat

1279 2929 1512 2983 AEgyptum
1540 2930 1749 2972 fossarum
1777 2932 1949 2984 plenam
1968 2930 2060 2972 Nili
2087 2941 2157 2973 su-

1280 2992 1464 3046 perfluas
1490 3006 1692 3048 aquarum
1725 2994 2027 3035 inundationes
2055 2994 2160 3037 reci·

1279 3057 1503 3109 pientIum.
1571 3058 1809 3101 Justinus:
1854 3061 1866 3082 ‘
1893 3058 2159 3112 AEgyptumg’

1277 3119 1432 3172 inquit,
1466 3121 1588 3174 ‘quae
1615 3126 1681 3162 tot
1709 3133 1874 3174 regum,
1898 3124 1964 3161 tot
1980 3121 2156 3162 saeculo-

1279 3194 1372 3223 rum
1400 3195 1501 3224 cura
1518 3184 1794 3237 impensaque
1813 3183 1978 3225 munita
2006 3183 2080 3236 sit,
2108 3188 2156 3226 et

1279 3248 1483 3289 adversus
1506 3249 1591 3289 vim
1618 3247 1924 3288 incurrentium
1950 3259 2152 3300 aquarum

1279 3307 1410 3351 tantis
1447 3312 1655 3351 instructa
1689 3309 1884 3361 molibus,
1930 3314 1996 3350 tot
2026 3307 2154 3353 fossis

1278 3374 1462 3426 concisa,
1486 3377 1546 3423 ut,
1577 3385 1673 3414 cum
1699 3373 1763 3413 his
1797 3379 2038 3426 arceantur,
2069 3372 2157 3414 inis·

1276 3435 1540 3490 recipiantur
1575 3447 1712 3489 aquae,
1747 3435 2014 3477 nihilominus
2053 3435 2154 3487 coli,=

1279 3500 1358 3542 nisi
1387 3501 1561 3542 excluso
1580 3500 1696 3553 Nilo,
1724 3512 1809 3542 non
1829 3499 2049 3554 potuerit,'
2066 3501 2150 3542 &m

1283 3563 1430 3605 Oliver‘.
