2346 3996
319 310 461 365 1290

316 453 400 481 non
422 447 562 482 tamen
593 440 721 491 filius,
741 441 814 482 sed
838 454 1064 495 pronepos.

373 504 620 556 Temporibus
659 506 871 557 superesse]
924 505 995 546 Sic
1038 505 1188 548 Cicero

317 567 433 619 apud
466 567 681 618 Agellium
706 567 782 608 lib.
801 579 834 607 1.
856 580 950 619 cap.
968 571 1036 611 22.
1092 570 1188 611 Nec

313 643 415 670 vero
433 630 611 670 scientia
637 631 748 681 juris
768 631 997 682 majoribus
1029 632 1114 673 suis
1133 635 1187 676 Q.

311 695 445 734 AElius
472 694 636 733 Tubero
669 692 822 744 defuit,
840 694 1038 736 doctrina
1056 696 1187 737 etiam

311 756 538 808 superfuit.
571 759 741 798 Colerus.

366 823 388 872 ξ
407 824 431 861 3
462 821 658 860 Humana>
676 822 768 862 υἱέα.»
787 824 974 874 exemplo,
993 827 1033 863 et
1057 823 1186 875 spacio

308 884 579 936 nominandus]
627 885 696 925 Ita
733 886 873 938 vulgo.
946 887 997 927 In
1036 888 1185 940 Camp.

309 949 486 987 humanae
503 948 595 987 vitoe
622 944 850 1002 exemplum,
879 951 1080 1003 aetatisque
1096 965 1184 1004 spa-

307 1013 421 1052 tium.
467 1013 563 1052 Vox
583 1013 837 1054 nominandus
860 1026 943 1054 non
975 1014 1182 1058 habetur:

309 1088 436 1127 quam
458 1081 598 1115 tamen
619 1074 745 1116 facile
773 1076 879 1118 fero.
934 1078 1085 1120 Tradit
1111 1092 1184 1119 au·

308 1143 395 1178 tem
414 1138 580 1178 Plinius
612 1139 724 1181 libro
755 1151 890 1182 xx1x.
923 1153 1019 1194 cap.
1049 1145 1089 1183 4.
1119 1144 1184 1185 Μ.

306 1199 546 1241 Varronem
585 1202 726 1242 aetatis
761 1215 873 1244 anno
924 1207 993 1245 88.
1044 1205 1183 1246 adhuc

307 1265 531 1315 scripsisse
551 1265 604 1306 de
626 1266 858 1318 aspidibus.
906 1268 1027 1309 Idem
1048 1269 1183 1310 Varro

307 1326 384 1378 ait,
394 1327 447 1367 de
457 1327 795 1370 hebdomadibus
809 1330 1066 1383 scribens‚se
1079 1345 1183 1385 quo-

305 1401 391 1443 que
410 1391 501 1443 jam
534 1392 829 1433 duodecimam
857 1406 1063 1436 annorum
1081 1395 1185 1436 heb·

306 1453 531 1493 demadem
551 1454 789 1506 ingressum
810 1467 917 1506 esse,
937 1461 982 1497 et
1010 1457 1063 1497 ad
1085 1470 1182 1499 eum

305 1516 417 1556 diem
448 1519 721 1570 septuaginta
751 1519 1038 1561 hebdomadas
1057 1521 1185 1563 libro-

303 1591 396 1619 rum
408 1581 727 1633 conscripsisse.
743 1583 808 1622 Ex
820 1582 971 1635 quibus
981 1583 1183 1637 aliquam-

307 1645 478 1695 muhos,
505 1658 600 1685 cum
619 1646 882 1698 proscriptus
897 1649 1183 1702 esset,direp·

306 1707 362 1746 tis
382 1707 650 1750 bibliothecis
671 1709 756 1750 suis
775 1722 859 1750 non
879 1712 1182 1765 comparuisse,

305 1777 356 1811 ut
383 1771 496 1823 apud
537 1773 727 1814 Gellium
758 1774 867 1814 libro
896 1786 968 1817 111.
996 1787 1094 1828 cap.
1115 1780 1181 1818 10.

308 1833 586 1888 Proscriptus
606 1836 778 1889 quidem
793 1835 877 1878 fuit
893 1851 918 1878 a
936 1838 1185 1892 triumviris,

309 1902 513 1950 tanquam
546 1899 716 1952 iniquus
752 1900 1003 1954 dominatui,
1037 1915 1183 1944 verum

309 1966 504 2002 servatus
523 1961 752 2003 amicorum
781 1976 927 2017 opera,
959 1970 1009 2006 ut
1025 1965 1186 2019 Appia·

307 2036 386 2064 nus
403 2030 553 2066 auctor
572 2035 636 2067 est
656 2027 851 2068 Civilium
872 2033 1042 2081 quarto.
1071 2031 1187 2071 Mor-

308 2094 408 2129 tuus
444 2095 586 2130 autem
625 2096 725 2142 post
762 2090 920 2132 bellum
954 2091 1184 2134 Actiacum

307 2151 401 2193 fere
437 2154 766 2207 nonagenarius,
808 2161 856 2196 ut
886 2156 1099 2199 Eusebius
1141 2158 1185 2198 in

307 2215 465 2257 chron.
498 2218 619 2268 Pigh.

370 2281 498 2326 Quam
514 2282 634 2334 stylo]
662 2282 729 2324 De
746 2283 828 2325 hoc
841 2283 1035 2325 Varrone
1054 2285 1189 2338 Agel-

305 2344 387 2385 lius
406 2344 567 2387 lib-111.
598 2359 697 2400 cap.
719 2351 784 2389 10.
839 2348 952 2389 Tum
970 2348 1032 2389 ibi
1050 2349 1188 2404 addit,

305 2419 352 2448 se
372 2420 540 2462 quoque
550 2410 644 2462 jam
665 2411 960 2452 duodecimam
981 2425 1187 2454 annorum

300 2472 614 2517 hebdomadam
645 2476 885 2528 ingressum
913 2489 1035 2518 esse:
1066 2483 1113 2518 et
1131 2478 1186 2518 ad

304 2549 401 2578 eum
437 2538 549 2580 diem
589 2541 866 2593 septuaginta
896 2541 1185 2583 hebdomadas

302 2601 508 2643 librorum
538 2604 862 2657 conscripsisse.
917 2605 1071 2646 Cicero
1090 2618 1186 2658 pas-

307 2666 386 2705 sim
432 2667 525 2718 ejus
579 2668 817 2710 doctrinam
853 2674 900 2710 et
931 2669 1185 2711 industriam

304 2728 587 2781 depraedicat.
643 2731 908 2784 Augustinus
941 2746 1038 2774 cum
1065 2734 1186 2786 alibi,

303 2796 396 2831 tum
410 2791 518 2833 libro
537 2805 600 2833 vr.
631 2806 727 2846 cap.
744 2798 783 2835 2.
802 2794 856 2835 de
876 2795 1066 2837 Civitate
1085 2797 1186 2839 Dei.

304 2853 435 2895 Unici
453 2854 579 2907 hujus
601 2857 732 2897 etiam
753 2857 934 2898 viventis
951 2858 1093 2910 imago
1111 2871 1186 2912 po-

304 2918 387 2959 sita
404 2923 473 2959 est
491 2918 534 2958 in
554 2918 833 2971 bibliotheca,
851 2933 948 2973 quae
984 2921 1123 2973 prima
1141 2923 1184 2962 in

304 2982 409 3022 orbe
429 2982 483 3023 ab
502 2981 650 3023 Asinio
670 2983 867 3024 Pollione
894 2996 948 3024 ex
966 2985 1180 3025 manubiis

302 3044 522 3096 publicata
556 3046 721 3086 Romae.
766 3045 935 3088 Auctor
965 3048 1078 3090 Plin.
1111 3049 1184 3091 lib.

304 3121 389 3151 vu.
409 3122 505 3162 cap.
523 3113 590 3150 30.
622 3110 797 3152 Colerus.

358 3176 381 3226 ᾧ
400 3177 426 3215 4
453 3174 591 3215 Livius
610 3173 784 3225 Drusus]
823 3173 911 3215 Hic
945 3179 1070 3227 pater
1088 3174 1182 3227 ejus

303 3236 439 3278 Drusi
477 3236 574 3289 fuit,
610 3237 683 3290 qui
719 3237 820 3279 trib.
849 3237 986 3290 plebis
1020 3240 1182 3280 Latinis

305 3303 541 3354 civitatem,
562 3301 679 3354 plebi
699 3313 843 3355 agros,
863 3301 1076 3355 equitibus
1110 3315 1185 3344 cu-

303 3367 424 3417 riam,
459 3364 637 3406 Senatui
676 3364 844 3418 judicia
887 3366 1101 3419 permisit,
1136 3372 1184 3408 et

305 3434 468 3469 tantum
489 3429 532 3469 in
563 3427 670 3468 urbe
689 3426 895 3469 conflavit
925 3427 1184 3481 incendium,

305 3498 353 3532 ut
381 3503 436 3532 ne
468 3491 602 3544 prima
630 3491 743 3532 illius
775 3489 944 3532 flamma
972 3492 1185 3545 potuisset

307 3555 521 3608 sustineri,
549 3554 591 3596 ui
617 3560 734 3598 esset
761 3555 905 3598 subita
934 3561 1069 3598 morte
1090 3568 1183 3599 cor-

900 325 1075 366 NOTAE
1120 329 1446 370 VARIORUM
1490 331 1557 370 IN

1251 450 1411 497 reptus.
1468 448 1604 488 Pater
1623 449 1768 502 igitur,
1788 452 1853 492 vir
1870 453 2035 495 eximiae
2067 455 2130 495 in·-

1250 506 1442 560 dustriae,
1460 523 1697 564 quanquam
1711 515 1940 558 luminibus
1960 525 2130 570 captus,

1249 575 1295 610 et
1313 573 1430 612 senio
1450 585 1499 613 ac
1526 574 1690 616 viribus
1721 578 1964 631 confectus,
1986 586 2128 622 tamen

1249 644 1351 685 pop.
1387 635 1510 676 Rom.
1544 638 1684 689 quoad
1716 641 1825 682 vixit
1854 643 1971 694 leges
1994 656 2127 696 expo·

1248 697 1348 744 suit,
1368 697 1421 738 de
1443 699 1543 751 jure
1578 701 1694 742 civili
1721 713 1994 751 monumenta
2012 720 2128 749 com-

1248 761 1410 812 posuit,
1443 768 1491 802 ut
1523 770 1680 815 essent,
1717 766 1820 807 illud
1856 769 2022 811 discere
2056 782 2128 811 vo-

1245 824 1450 875 lentibus,
1467 827 1808 870 accommodata.
1840 831 1993 872 oliver.

1299 886 1508 940 Defectus]
1536 889 1589 929 Id
1617 897 1700 942 est,
1719 890 1965 934 destitutus.

1298 950 1378 990 Jus
1412 951 1545 1003 civile]
1599 953 1776 1005 Mirum,-
1809 954 1921 996 hunc
1961 956 2126 998 Livium

1246 1016 1359 1057 inter
1386 1017 1714 1059 Jureconsultos
1751 1032 1836 1060 non
1865 1019 1997 1062 fuisse
2016 1023 2129 1062 rela-

1247 1086 1338 1120 tum
1357 1093 1381 1121 a
1400 1081 1654 1133 Pomponio.
1688 1083 1817 1124 Celer.

1300 1144 1322 1195 ᾗ
1342 1147 1366 1182 5
1396 1144 1564 1184 Publius
1581 1156 1671 1184 vero
1691 1143 1874 1197 Senator,
1890 1150 1931 1186 et
1947 1144 1999 1186 L.
2018 1146 2126 1186 Pon-

1245 1206 1327 1246 tius
1344 1219 1457 1258 eques
1476 1207 1694 1258 Romanus]
1740 1207 1810 1248 Ita
1831 1209 1974 1260 vulgo.
2019 1208 2127 1250 Peo-

1246 1269 1339 1321 pria
1374 1270 1559 1321 nomina,
1596 1276 1646 1310 ut
1682 1271 1857 1322 passim,
1884 1271 1948 1312 ita
1978 1276 2025 1312 et
2055 1270 2126 1312 hic

1245 1337 1343 1371 sunt
1362 1332 1700 1384 corruptissima.
1753 1332 1806 1372 In
1822 1333 1926 1373 Mss.
1943 1339 2126 1385 quatuor

1246 1395 1482 1447 exemplar.
1512 1396 1566 1436 Ρ.
1596 1408 1687 1435 vero
1717 1399 1889 1446 senator,
1922 1399 1962 1435 et
1992 1394 2127 1447 Lupus

1245 1459 1428 1500 Pontius.
1500 1458 1587 1498 Sed
1621 1459 1692 1511 qui
1730 1459 1820 1499 solo
1863 1459 2134 1511 praenomine

1245 1520 1442 1574 cognosci
1460 1525 1632 1562 senator
1650 1522 1722 1562 ille
1739 1521 1917 1574 poterit,
1931 1520 2125 1573 cujusne

1245 1587 1377 1626 semel
1403 1585 1574 1638 quidem
1595 1590 1722 1625 antea
1741 1584 2012 1624 meminerit?
2038 1582 2124 1623 Sed

1244 1649 1308 1689 ita
1338 1653 1502 1689 temere
1549 1648 1861 1688 detruncarunt
1905 1651 2124 1687 auctorem

1244 1713 1354 1754 bunc
1375 1712 1572 1765 Librarii,
1590 1713 1645 1753 de
1661 1724 1706 1752 re
1725 1713 1821 1764 ipsa
1854 1723 2001 1762 parum
2030 1711 2128 1751 soli-

1245 1775 1336 1817 citi.
1403 1776 1456 1816 In
1498 1775 1807 1817 Pulmanniano
1844 1775 2012 1815 Paullus
2049 1785 2125 1826 ap-

1246 1839 1447 1892 pellatur,
1485 1850 1540 1879 ex
1577 1850 1661 1891 quo
1695 1837 1747 1878 ad
1784 1837 1920 1878 minus
1961 1835 2125 1888 colligi·

1244 1914 1354 1954 mus,
1379 1914 1435 1943 ex
1454 1901 1620 1943 AEmilia
1651 1902 1792 1954 ipsum
1818 1898 1950 1942 fuisse
1978 1905 2125 1952 gente.

1245 1966 1368 2017 Pigh.
1527 2000 1531 2004 .

1305 2028 1491 2070 Forensiu
1507 2025 1721 2080 stipendia]
1765 2025 1975 2079 Appellat
1991 2025 2123 2067 actio-

1245 2105 1322 2134 nes
1341 2105 1579 2134 causarum.

1300 2158 1369 2210 §6
1395 2158 1492 2197 Jam
1527 2155 1693 2196 Publius
1725 2152 1912 2204 Crassus]
1958 2152 2045 2193 Hic
2067 2151 2122 2193 P.

1248 2220 1444 2271 Crassus,
1477 2225 1525 2260 ut
1554 2219 1597 2260 in
1631 2231 1728 2270 cap.
1762 2218 1818 2258 de
1853 2215 2124 2258 Fortitudine

1246 2283 1446 2341 diximus,
1458 2282 1665 2323 adversus
1676 2281 1963 2336 Aristonicum
1976 2279 2124 2320 missus

1247 2359 1344 2388 cum
1363 2347 1557 2388 exercitu
1577 2351 1622 2385 et
1649 2344 1892 2397 Imperator
1909 2347 1955 2383 et
1972 2341 2127 2383 Ponti-

1247 2409 1338 2459 feX,
1359 2409 1472 2463 quod
1493 2420 1709 2461 nunquam
1738 2411 1864 2448 antea
1883 2405 2047 2446 factum
2063 2403 2128 2445 fn·

1247 2478 1358 2524 erat,
1376 2476 1426 2513 ut
1443 2471 1533 2512 dux
1560 2472 1683 2512 simul
1713 2469 1929 2511 exercitus
1947 2473 1993 2509 et
2011 2467 2125 2509 Pon·

1245 2535 1356 2577 tifex
1374 2535 1641 2577 mitteretur:
1685 2546 1740 2574 ex
1773 2544 1857 2587 quo
1883 2531 2012 2573 etiam
2031 2542 2126 2572 cre-

1247 2599 1382 2641 ditum
1403 2605 1485 2649 est,
1517 2610 1607 2638 rem
1633 2598 1744 2638 male
1764 2597 1972 2637 cessisset
2014 2600 2125 2636 atta-

1245 2676 1345 2704 men
1383 2662 1556 2704 eafuit
1590 2661 1817 2711 industria,
1850 2665 1902 2700 ut
1937 2659 2123 2713 quinque

1247 2727 1496 2768 Graecorum
1527 2725 1692 2777 linguas
1709 2723 1830 2765 brevi
1850 2722 2125 2776 comprehen-

1246 2791 1371 2831 derit.
1425 2791 1534 2833 Quae
1563 2801 1632 2829 res
1665 2788 1748 2841 ipsi
1777 2788 2005 2841 plurimum
2023 2797 2125 2828 con·

1245 2854 1345 2894 tulit
1376 2853 1430 2894 ad
1466 2851 1756 2896 conciliandos
1785 2849 2001 2891 sociorum
2032 2849 2124 2890 ani-

1245 2930 1359 2959 mos:
1379 2929 1474 2958 nam
1495 2915 1777 2969 gratissimum
1800 2919 1893 2956 erat
1910 2914 2007 2966 illis,
2025 2925 2123 2955 cum

1236 2982 1310 3035 jus
1331 2979 1559 3022 dicendum
1579 2985 1711 3030 esset,
1730 2978 1868 3019 sinon
1888 2977 2028 3018 aliena
2047 2987 2127 3029 per

1243 3046 1540 3098 interpretem,
1556 3043 1634 3084 sed
1665 3054 1741 3083 sua
1767 3041 1950 3095 quisque
1980 3041 2125 3092 lingua

1244 3121 1366 3150 suum
1396 3109 1470 3160 jus
1507 3107 1694 3147 audiret.
1725 3105 1874 3145 Oliver.
1930 3101 2125 3155 Contigit

1244 3171 1300 3214 A.
1321 3172 1377 3213 U.
1392 3181 1574 3212 ncxxu.

1297 3235 1363 3275 Ad
1395 3231 1675 3282 Aristonicum,
1705 3228 1808 3282 &al
1840 3227 2017 3269 Attalus
2045 3239 2123 3268 rex

1243 3297 1622 3348 Pergamenorum,
1639 3292 1752 3344 regis
1768 3290 1969 3333 Eumenis
1993 3289 2124 3341 filius,

1243 3362 1346 3403 socii
1377 3358 1588 3413 quondam
1623 3355 2005 3407 commilitonisque
2039 3355 2120 3398 Ro·

1242 3424 1371 3475 mani,
1383 3420 1596 3475 ejusmodi
1610 3423 1912 3461 testamentum
1925 3416 2120 3469 reliquit:

1243 3489 1453 3529 Porvnvs
1484 3484 1711 3525 RoMAnvs
1741 3491 1970 3523 nononvm
2007 3489 2122 3520 mno-

1245 3562 1346 3594 nvxu
1367 3558 1543 3592 nasses
1564 3556 1679 3588 zs‘ro.
1735 3543 1867 3587 Adita
1887 3543 2016 3596 igitur
2034 3542 2120 3583 hoe-
