2346 3996
333 278 472 333 1292

334 411 430 451 ideo
450 411 736 463 Pythagoram
753 410 934 450 Samium
963 410 1074 460 dici;
1107 412 1206 452 inde

334 475 536 527 migrasse
557 476 756 524 Lesbum,
784 475 927 526 ibique
949 487 972 514 a
995 476 1117 516 Zoilo
1137 485 1207 527 pa-

335 543 432 577 truo
452 537 692 588 Pherecydi
711 537 817 588 Syro
832 537 1171 578 commendatum
1193 551 1206 588 ;

335 606 425 639 tres
446 599 625 640 subinde
646 605 870 652 argenteos
899 601 1054 640 calices
1077 600 1208 641 fabri-

337 676 470 714 casse,
487 676 559 704 eos
587 663 762 714 singulis
794 664 837 705 in
866 665 1049 717 AEgypto
1069 677 1207 706 sacer-

336 726 506 766 dotibus
518 726 630 765 dono
646 725 826 767 dedisse.
852 726 880 768 J
886 727 1047 768 ustinus
1064 733 1206 768 tamen

334 789 408 828 lib.
450 800 531 828 xx.
575 789 851 829 Demaratum
891 792 1207 842 negotiatorem

335 851 510 890 divitem
546 851 656 891 illius
689 858 856 904 patrem
891 854 1074 904 vocavit,
1093 854 1209 906 Apu-

334 915 440 954 leius
458 916 690 956 Vescarem
708 916 942 956 nominavit
961 930 973 967 3
1008 916 1116 957 adeo
1149 918 1210 956 in-

335 983 454 1017 certa
469 983 535 1018 est
554 968 662 1019 tanti
681 979 930 1030 Philosophi
948 980 1080 1031 origo.
1121 980 1209 1020 Ha-

333 1041 476 1080 buisse
496 1041 654 1081 dicitur
672 1039 846 1093 fratres,
876 1042 1102 1083 maximum
1123 1044 1213 1097 qui·

337 1104 434 1143 dem
454 1111 556 1144 natu
577 1105 881 1156 Eurynomum,
897 1111 1024 1158 atque
1035 1108 1215 1159 Tyrrhe-

337 1180 453 1219 num,
469 1179 723 1220 servumque
739 1168 989 1221 Zamolxim,
1003 1169 1071 1209 cui
1087 1170 1214 1211 Getae

338 1232 595 1284 sacrificant,
628 1233 872 1283 Saturnum,
891 1237 937 1273 ut
966 1234 1215 1274 Herodotus

341 1296 416 1348 ait,
441 1297 751 1336 existimantes.
807 1296 909 1347 Hic,
935 1302 981 1335 ut
1018 1297 1218 1348 praedixi-

340 1372 447 1405 muS,
478 1359 689 1410 principio
719 1358 890 1411 quidem
922 1359 1218 1412 Pherecydem

341 1421 506 1461 audivit
524 1422 676 1473 Syrum
693 1434 704 1471 ;
721 1427 817 1473 post
837 1421 925 1473 ejus
946 1434 1044 1462 vero
1057 1422 1219 1462 obitum

342 1483 562 1535 profectus
575 1484 1118 1534 Samum,Hermodamanti
1128 1486 1220 1536 jam

343 1548 450 1600 seni,
466 1547 707 1601 Chreophili
725 1548 890 1600 nepoti,
907 1560 951 1588 se
973 1548 1014 1586 in
1035 1548 1221 1600 discipli·

342 1624 440 1651 nam
460 1610 596 1651 dedit.
652 1611 758 1652 Cum
794 1617 936 1651 autem
958 1611 1130 1663 juvenis
1158 1624 1224 1652 es-

342 1680 428 1726 set,
441 1687 490 1715 ac
504 1674 672 1716 dicendi
688 1673 1035 1725 studiosissimus,
1045 1675 1223 1727 patriam

345 1739 554 1791 linquens,
619 1737 787 1778 cunctis
836 1736 972 1776 ferme
1031 1738 1224 1778 barbaris

349 1801 598 1853 Graecisqne
643 1799 859 1852 mysteriis
905 1801 1097 1841 initiatus
1145 1805 1226 1842 est.

348 1865 545 1917 Denique
580 1864 810 1915 AEgyptum
839 1863 984 1917 petiit,
1012 1876 1094 1916 quo
1118 1869 1225 1904 tem-

348 1940 454 1981 pore
472 1928 722 1980 Polycrates
750 1925 943 1967 Amasidi
968 1939 1046 1979 per
1066 1929 1228 1980 episto-

351 1994 434 2032 lam
463 1992 578 2032 illum
612 1990 947 2041 commendavit3
976 1991 1229 2044 illorumque

353 2058 543 2108 linguam
563 2055 730 2106 didicit,
749 2060 795 2094 ut
816 2054 1006 2106 Antipho
1030 2054 1166 2095 tradit
1184 2055 1229 2095 in

354 2132 406 2160 eo
426 2119 500 2161 lib.
533 2131 654 2172 quem
687 2118 741 2158 de
773 2117 852 2169 his,
880 2119 952 2171 qui
990 2119 1031 2158 in
1067 2119 1229 2159 virtute

353 2182 571 2235 principes
589 2180 729 2232 fuere,
751 2181 946 2233 scripsit;
967 2187 1097 2234 atque
1115 2181 1231 2234 apud

357 2246 584 2287 Chaldaeos
605 2255 855 2296 congressus
870 2248 937 2285 est
952 2256 1048 2285 cum
1068 2245 1233 2297 Magis;

357 2309 513 2349 deinde
529 2308 645 2360 apud
664 2308 837 2348 Cretam
858 2319 941 2347 una
955 2320 1050 2348 cum
1066 2308 1236 2361 Epime-

355 2373 456 2414 nide
474 2371 700 2414 descendit
716 2371 758 2411 in
778 2371 941 2411 Idaeum
963 2378 1146 2416 antrum.
1182 2371 1235 2412 In

358 2437 544 2490 AEgypto
563 2446 730 2489 quoque
751 2435 881 2489 adyta
900 2436 1134 2488 ingressus,
1161 2436 1239 2477 ibi-

360 2512 444 2554 que
476 2500 531 2540 de
562 2500 659 2540 Diis
688 2500 731 2539 in
768 2511 923 2540 arcano
953 2499 1132 2540 edoctus
1159 2506 1239 2542 est.

359 2564 531 2604 Deinde
550 2563 683 2604 rediit
716 2563 902 2615 Samum,
932 2561 1239 2617 offendensque

361 2629 543 2680 patriam
553 2640 578 2668 a
592 2635 773 2680 tyranno
789 2627 981 2667 incubari
992 2628 1242 2681 Polycrate,

363 2692 593 2732 Crotonem
619 2691 663 2730 in
681 2690 852 2731 Italiam
872 2690 1079 2742 perrexit,
1097 2690 1242 2744 ibique

362 2757 480 2808 leges
499 2754 621 2796 Italis
641 2754 774 2805 dedit,
792 2759 924 2806 atque
939 2766 1035 2794 cum
1055 2753 1244 2805 discipu·

364 2819 416 2859 lis
450 2818 589 2859 clarus
625 2817 796 2857 habitus
835 2822 917 2857 est.
988 2817 1073 2858 Qui
1110 2815 1244 2856 ferme

367 2881 548 2923 trecenti
607 2879 820 2931 rempubl.
872 2878 1245 2931 administrabant,

370 2946 477 2987 adeo
496 2950 545 2985 ut
562 2944 717 2983 merito
747 2942 1046 2994 Aristocratia,
1065 2943 1246 2995 optimo-

369 3022 462 3050 rum
483 3007 650 3048 scilicet
668 3004 927 3056 dominatus,
946 3005 1249 3046 nominaretur.

370 3071 525 3114 Refert
544 3068 798 3110 Heraclides
828 3068 1036 3108 Ponticus
1062 3069 1174 3110 hunc
1194 3069 1249 3109 de

371 3149 418 3177 se
453 3136 599 3176 dicere
631 3132 819 3183 solitum,
851 3132 965 3184 quod
994 3131 1146 3174 fuisset
1176 3134 1252 3174 ali-

374 3199 545 3255 quando
566 3196 816 3247 AEthalides,
832 3196 1123 3249 Mercuriique
1142 3196 1253 3237 filius

373 3269 551 3318 putatus
571 3266 701 3313 esset,
733 3259 1080 3313 Mercuriumque
1105 3272 1253 3300 monu-

377 3329 459 3368 isse
483 3326 620 3377 illum,
636 3327 822 3376 peteret,
848 3327 1010 3375 praeter
1037 3322 1254 3362 immorta-

378 3392 561 3440 litatem,
580 3387 681 3442 quid
715 3386 861 3427 vellet.
917 3385 1103 3426 Petiisse
1124 3387 1255 3438 igitur

380 3460 429 3494 ut
446 3458 491 3493 et
507 3453 655 3492 vivens
675 3454 720 3490 et
736 3449 823 3488 vita
841 3447 1031 3500 functus,
1049 3449 1256 3505 omnium,

384 3529 478 3572 quae
508 3515 821 3566 contingerent,
851 3512 1098 3553 memoriam
1131 3511 1258 3553 habe·

904 291 1081 332 NOTAE
1123 291 1453 336 VARIORUM
1495 296 1557 336 IN

1268 418 1348 453 ret.
1406 413 1560 466 ltaque
1594 415 1636 454 in
1671 414 1760 455 vita
1788 415 2026 458 meminisse
2051 428 2138 458 om·

1265 477 1398 527 nium,
1418 488 1594 529 eamque
1628 478 1873 518 memoriam
1906 485 2004 530 post
2029 491 2139 519 mor-

1268 543 1354 576 tem
1390 550 1644 589 reservasse,
1675 541 1888 594 longoque
1920 547 2016 593 post
2036 547 2141 582 tem·

1269 614 1373 654 pore
1407 603 1450 642 in
1480 605 1752 656 Euphorbum
1772 607 1995 659 migrasse,
2013 613 2143 661 atque

1269 676 1294 704 a
1321 666 1523 706 Menelao
1552 666 1684 707 fuisse
1720 669 2004 710 vulneratum.
2058 669 2143 710 Eu-

1270 728 1456 778 phorbus
1494 734 1634 768 autem
1670 730 1796 781 dixit,
1833 743 1877 771 se
1919 731 2145 784 aliquando

1271 790 1528 831 AEthalidem
1548 790 1692 842 fuisse,
1719 800 1848 844 atque
1877 805 1903 832 a
1928 793 2145 833 Mercurio

1271 851 1350 891 hoc
1370 865 1446 904 pro
1479 865 1652 893 munere
1683 854 1915 906 accepisse,
1940 861 1989 896 ut
2007 856 2147 896 anima

1270 916 1380 955 illius
1412 922 1620 968 perpetuo
1650 910 1797 957 error'e
1831 923 2074 969 vagaretur,
2102 924 2149 959 et

1272 980 1315 1020 in
1336 994 1437 1033 quas
1459 982 1589 1021 vellet
1621 981 1794 1022 arbores
1829 983 1897 1022 vel
1917 983 2150 1024 animantes

1275 1043 1590 1095 commigraret,
1610 1050 1655 1084 et
1674 1056 1769 1097 quae
1790 1045 1831 1084 iu
1859 1044 2027 1092 inferno
2055 1058 2152 1098 per-

1275 1118 1400 1158 pessa
1420 1113 1533 1147 esset
1553 1108 1709 1160 animo,
1727 1114 1772 1147 et
1805 1114 1978 1148 caeterae
2000 1109 2150 1150 animae

1276 1185 1470 1225 quaenam
1488 1173 1727 1225 patiantur,
1738 1174 2010 1224 meminisse3
2038 1180 2153 1227 post·

1276 1246 1328 1274 ea
1346 1247 1463 1287 vero,
1478 1248 1605 1287 quum
1626 1235 1879 1287 Euphorbus
1904 1235 2016 1276 diem
2033 1236 2153 1283 obiit,

1278 1298 1482 1350 migrasse
1521 1299 1564 1337 in
1596 1298 1910 1338 Hermotimum
1940 1298 2031 1350 ejus
2062 1299 2153 1339 ani-

1278 1374 1404 1412 mam,
1424 1362 1535 1415 quod
1557 1367 1601 1402 et
1622 1363 1730 1414 ipse,
1757 1375 1851 1403 eum
1869 1361 1999 1403 fidem
2025 1363 2157 1404 vellet

1280 1424 1441 1475 facere,
1474 1425 1736 1465 Branchidas
1756 1425 1905 1478 petiit,
1923 1425 2157 1476 ingressus-

1280 1500 1362 1541 que
1382 1487 1595 1540 Apollinis
1614 1488 1838 1540 templum,
1865 1487 2055 1528 ostendit
2071 1489 2159 1539 ely-

1282 1564 1425 1604 peum,
1444 1564 1570 1605 quem
1587 1551 1674 1592 illic
1704 1552 1928 1591 Menelaus
1948 1549 2158 1592 affixerat.

1282 1614 1360 1656 Ait
1379 1615 1489 1655 enim
1510 1615 1747 1666 illum,cum
1760 1626 1813 1655 ex
1828 1614 1959 1667 Troja
1978 1625 2160 1655 remeas-

1283 1683 1367 1730 set,
1387 1677 1572 1729 Apollini
1592 1688 1864 1718 consecrasse
1881 1681 2048 1718 scutum
2068 1677 2161 1729 jam

1285 1739 1595 1793 putrefactum,
1651 1740 1868 1792 solamque
1925 1738 2162 1792 perdurare

1286 1802 1516 1842 eburneam
1559 1801 1730 1842 faciem.
1797 1801 1883 1842 Ubi
1927 1805 2069 1842 autem
2116 1807 2165 1842 et

1287 1865 1579 1907 Hermotimus
1601 1866 1689 1906 vita
1719 1865 1889 1906 functus
1909 1869 1990 1916 est,
2017 1876 2163 1905 tumus

1287 1929 1332 1968 in
1351 1929 1563 1980 Pyrrhum
1592 1929 1766 1969 Delium
1799 1929 2057 1981 piscatorem
2089 1928 2167 1967 mi-

1290 2004 1448 2045 grasse,
1479 1993 1680 2044 illumque
1720 1992 1861 2032 omnia
1895 2004 2167 2043 memorasse,

1291 2060 1338 2094 ut
1357 2055 1527 2095 scilicet
1556 2055 1736 2107 primum
1768 2054 2003 2095 AEthalides
2019 2053 2168 2106 fuerit,

1291 2123 1443 2169 postea
1472 2116 1740 2168 Euphorbus,
1769 2116 1926 2157 deinde
1957 2116 2172 2157 Hermoti-

1293 2194 1400 2232 mus,
1418 2193 1469 2221 ac
1487 2179 1757 2233 postmodum
1778 2180 1970 2232 Pyrrhus
1987 2177 2169 2220 effectus

1294 2245 1366 2296 sit,
1397 2256 1447 2283 ac
1467 2243 1672 2295 deinceps
1706 2248 1804 2296 post
1836 2242 2051 2296 Pyrrhum
2087 2243 2172 2295 Py·
2210 2247 2212 2253 ’

1295 2308 1517 2360 thagoram
1561 2305 1724 2347 factum
1756 2318 1865 2359 esse,
1899 2305 2173 2360 omniumque

1294 2370 1554 2422 meminisse,
1583 2382 1676 2425 quae
1714 2369 2002 2423 praediximus.
2072 2369 2172 2410 Ple-

1297 2434 1418 2487 rique
1464 2433 1756 2487 Pythagoram
1799 2432 1902 2473 nihil
1948 2431 2175 2485 scripsisse

1298 2498 1492 2550 tradunt,
1526 2497 1602 2537 sed
1641 2497 1795 2537 stolide
1827 2501 1996 2549 putant.
2030 2522 2032 2525 v
2061 2495 2176 2537 Nam

1299 2566 1485 2602 testatur
1510 2560 1564 2601 de
1592 2572 1644 2601 eo
1674 2559 1926 2601 Heraclitus
1951 2558 2178 2612 Physicus,

1301 2625 1588 2677 Pythagoram
1617 2634 1665 2663 se
1683 2623 1727 2663 in
1745 2622 1925 2663 historia
1944 2634 2084 2663 rerum
2104 2634 2178 2662 ex·

1302 2688 1505 2740 ercuisse,
1524 2693 1569 2728 et
1600 2698 1698 2727 cum
1731 2686 1785 2726 de
1817 2690 1974 2726 natura
2003 2684 2179 2725 adorsus

1303 2757 1420 2793 esset
1434 2749 1709 2801 scribere,ita
1719 2748 1761 2787 in
1771 2747 1985 2800 principio
1998 2747 2179 2788 dixisse:

1303 2815 1316 2837 ‘
1340 2814 1439 2854 Non
1459 2824 1538 2865 per
1557 2811 1697 2851 aerem
1715 2821 1840 2863 quem
1855 2809 1985 2862 spiro,
1999 2821 2085 2850 non
2101 2821 2181 2861 per

1306 2888 1459 2930 aquam
1474 2886 1602 2929 quam
1619 2873 1738 2924 bibo,
1766 2884 1850 2912 non
1869 2872 2091 2913 admittam
2108 2872 2184 2911 hu-

1299 2940 1374 2992 jus
1394 2937 1598 2978 sermonis
1620 2933 2012 2988 vituperationem.'
2037 2934 2184 2986 Scrip-

1307 3004 1363 3044 sit
1382 3009 1427 3043 et
1447 3002 1532 3042 alia
1550 3001 1782 3052 complura.
1837 2998 2026 3039 Moritur
2042 3003 2184 3038 autem

1308 3067 1593 3119 Pythagoras,
1638 3067 1688 3103 ut
1732 3061 1887 3113 fertur,
1923 3060 2186 3113 octogesimo

1312 3142 1400 3171 suae
1422 3128 1563 3170 aetatis
1582 3138 1707 3178 anno,
1734 3125 1788 3165 de
1818 3124 1939 3176 cujus
1958 3129 2095 3163 morte
2116 3135 2185 3163 va·

1313 3194 1389 3233 riae
1417 3198 1516 3233 sunt
1534 3189 1773 3239 sententiae,
1791 3187 1907 3227 sicut
1923 3185 2037 3238 apud
2059 3184 2186 3226 Laer-

1313 3257 1419 3296 tium
1454 3254 1601 3294 videre
1634 3255 1870 3303 possumus.
1925 3247 2051 3291 Quod
2084 3259 2188 3288 vero

1316 3319 1369 3359 ad
1390 3318 1482 3370 ejus
1501 3315 1752 3357 industriam
1785 3311 1991 3365 pertinet,
2020 3311 2076 3351 de
2105 3323 2190 3364 qua

1313 3383 1385 3422 hic
1407 3381 1562 3432 agitur,
1579 3388 1773 3429 magnam
1790 3374 1904 3416 orbis
1922 3379 2088 3427 partem
2108 3374 2190 3413 cir-

1316 3444 1508 3494 cumivit,
1527 3440 1716 3482 scientiae
1737 3444 1781 3479 et
1809 3437 2060 3490 cognitionis
2076 3437 2192 3491 cupi-

1319 3507 1454 3548 ditate
1483 3505 1654 3547 ductus.
1708 3502 1821 3543 Vide
1843 3507 1887 3543 et
1904 3500 2191 3544 Jamblichum
