<?xml version="1.0" encoding="UTF-8"?>
<!DOCTYPE html PUBLIC "-//W3C//DTD XHTML 1.0 Transitional//EN"
    "http://www.w3.org/TR/xhtml1/DTD/xhtml1-transitional.dtd">
<html xmlns="http://www.w3.org/1999/xhtml" xml:lang="en" lang="en">
 <head>
  <title>
</title>
<meta http-equiv="Content-Type" content="text/html;charset=utf-8" />
  <meta name='ocr-system' content='tesseract 3.04.00' />
  <meta name='ocr-capabilities' content='ocr_page ocr_carea ocr_par ocr_line ocrx_word'/>
</head>
<body>
  <div class='ocr_page' id='page_1' title='image "./factorumdictorum03valeuoft_0466.png"; bbox 0 0 2346 3996; ppageno 0'>
   <div class='ocr_carea' id='block_1_1' title="bbox 390 276 532 329">
    <p class='ocr_par' dir='ltr' id='par_1_1' title="bbox 390 276 532 329">
     <span class='ocr_line' id='line_1_1' title="bbox 390 276 532 329; baseline 0.007 -1"><span class='ocrx_word' id='word_1_1' title='bbox 390 276 532 329; x_wconf 82' lang='lat'>1:366</span> 
     </span>
    </p>
   </div>
   <div class='ocr_carea' id='block_1_2' title="bbox 356 408 1263 3560">
    <p class='ocr_par' dir='ltr' id='par_1_2' title="bbox 385 408 1263 573">
     <span class='ocr_line' id='line_1_2' title="bbox 386 408 1262 464; baseline 0.007 -17"><span class='ocrx_word' id='word_1_2' title='bbox 386 419 484 447; x_wconf 89' lang='lat' dir='ltr'><strong>men</strong></span> <span class='ocrx_word' id='word_1_3' title='bbox 503 408 638 448; x_wconf 86' lang='lat' dir='ltr'><strong>Dialis</strong></span> <span class='ocrx_word' id='word_1_4' title='bbox 658 408 701 447; x_wconf 89' lang='lat' dir='ltr'><strong>in</strong></span> <span class='ocrx_word' id='word_1_5' title='bbox 734 408 948 460; x_wconf 88' lang='lat' dir='ltr'><strong>Capitolio</strong></span> <span class='ocrx_word' id='word_1_6' title='bbox 979 410 1101 451; x_wconf 85' lang='lat' dir='ltr'><strong>Jovis</strong></span> <span class='ocrx_word' id='word_1_7' title='bbox 1129 411 1262 464; x_wconf 88' lang='lat' dir='ltr'><strong>ipsius</strong></span> 
     </span>
     <span class='ocr_line' id='line_1_3' title="bbox 385 471 1263 526; baseline 0.007 -16"><span class='ocrx_word' id='word_1_8' title='bbox 385 471 529 511; x_wconf 89' lang='lat' dir='ltr'><strong>oculos</strong></span> <span class='ocrx_word' id='word_1_9' title='bbox 576 484 775 511; x_wconf 91' lang='lat' dir='ltr'><strong>venarum</strong></span> <span class='ocrx_word' id='word_1_10' title='bbox 819 483 971 512; x_wconf 89' lang='lat' dir='ltr'><strong>cruore</strong></span> <span class='ocrx_word' id='word_1_11' title='bbox 1031 475 1263 526; x_wconf 85' lang='lat' dir='ltr'><strong>respersit.&#39;</strong></span> 
     </span>
     <span class='ocr_line' id='line_1_4' title="bbox 390 534 538 573; baseline 0.007 -1"><span class='ocrx_word' id='word_1_12' title='bbox 390 534 538 573; x_wconf 78' lang='lat' dir='ltr'><strong>Oliver.</strong></span> 
     </span>
    </p>

    <p class='ocr_par' dir='ltr' id='par_1_3' title="bbox 439 596 870 647">
     <span class='ocr_line' id='line_1_5' title="bbox 439 596 870 647; baseline 0.005 -12"><span class='ocrx_word' id='word_1_13' title='bbox 439 596 621 647; x_wconf 77' lang='lat' dir='ltr'><strong><em>Flamen]</em></strong></span> <span class='ocrx_word' id='word_1_14' title='bbox 648 596 870 637; x_wconf 84' lang='lat' dir='ltr'>Sacerdos.</span> 
     </span>
    </p>

    <p class='ocr_par' dir='ltr' id='par_1_4' title="bbox 436 659 752 711">
     <span class='ocr_line' id='line_1_6' title="bbox 436 659 752 711; baseline 0 -12"><span class='ocrx_word' id='word_1_15' title='bbox 436 659 591 711; x_wconf 77' lang='lat' dir='ltr'><strong>Dialis]</strong></span> <span class='ocrx_word' id='word_1_16' title='bbox 615 660 752 701; x_wconf 88' lang='lat' dir='ltr'><strong>Jovis.</strong></span> 
     </span>
    </p>

    <p class='ocr_par' dir='ltr' id='par_1_5' title="bbox 376 723 1259 1472">
     <span class='ocr_line' id='line_1_7' title="bbox 438 723 1259 776; baseline 0.007 -15"><span class='ocrx_word' id='word_1_17' title='bbox 438 725 460 774; x_wconf 58' lang='grc' dir='ltr'><strong>ξ</strong></span> <span class='ocrx_word' id='word_1_18' title='bbox 479 727 505 761; x_wconf 89' lang='grc'>6</span> <span class='ocrx_word' id='word_1_19' title='bbox 525 723 740 775; x_wconf 76' lang='lat' dir='ltr'><strong>Her-ennii]</strong></span> <span class='ocrx_word' id='word_1_20' title='bbox 761 724 866 764; x_wconf 89' lang='lat' dir='ltr'><strong>Cum</strong></span> <span class='ocrx_word' id='word_1_21' title='bbox 880 725 929 765; x_wconf 90' lang='lat' dir='ltr'><strong>L.</strong></span> <span class='ocrx_word' id='word_1_22' title='bbox 946 723 1141 776; x_wconf 88' lang='lat' dir='ltr'><strong>Opimius</strong></span> <span class='ocrx_word' id='word_1_23' title='bbox 1162 738 1259 767; x_wconf 90' lang='lat' dir='ltr'><strong>con-</strong></span> 
     </span>
     <span class='ocr_line' id='line_1_8' title="bbox 381 787 1258 842; baseline 0.008 -18"><span class='ocrx_word' id='word_1_24' title='bbox 381 787 446 825; x_wconf 83' lang='lat' dir='ltr'><strong>sul</strong></span> <span class='ocrx_word' id='word_1_25' title='bbox 467 787 515 827; x_wconf 88' lang='lat' dir='ltr'><strong>C.</strong></span> <span class='ocrx_word' id='word_1_26' title='bbox 533 788 773 828; x_wconf 83' lang='lat' dir='ltr'>Gracchum</span> <span class='ocrx_word' id='word_1_27' title='bbox 799 787 1003 840; x_wconf 84' lang='lat' dir='ltr'><strong>Agrarias</strong></span> <span class='ocrx_word' id='word_1_28' title='bbox 1023 790 1139 842; x_wconf 86' lang='lat' dir='ltr'><strong>leges</strong></span> <span class='ocrx_word' id='word_1_29' title='bbox 1157 802 1258 830; x_wconf 91' lang='lat' dir='ltr'><strong>con-</strong></span> 
     </span>
     <span class='ocr_line' id='line_1_9' title="bbox 382 850 1256 894; baseline 0.006 -5"><span class='ocrx_word' id='word_1_30' title='bbox 382 855 452 889; x_wconf 84' lang='lat' dir='ltr'><strong>tra</strong></span> <span class='ocrx_word' id='word_1_31' title='bbox 468 850 652 891; x_wconf 87' lang='lat' dir='ltr'><strong>Senatus</strong></span> <span class='ocrx_word' id='word_1_32' title='bbox 682 852 983 893; x_wconf 85' lang='lat' dir='ltr'><strong>auctoritatem</strong></span> <span class='ocrx_word' id='word_1_33' title='bbox 1001 852 1118 894; x_wconf 84' lang='lat' dir='ltr'><strong>ferre</strong></span> <span class='ocrx_word' id='word_1_34' title='bbox 1138 854 1256 894; x_wconf 90' lang='lat' dir='ltr'><strong>moli—</strong></span> 
     </span>
     <span class='ocr_line' id='line_1_10' title="bbox 382 916 1256 970; baseline 0.007 -18"><span class='ocrx_word' id='word_1_35' title='bbox 382 919 525 954; x_wconf 86' lang='lat' dir='ltr'><strong>entem</strong></span> <span class='ocrx_word' id='word_1_36' title='bbox 539 916 800 967; x_wconf 74' lang='lat' dir='ltr'><strong>sustulisset,</strong></span> <span class='ocrx_word' id='word_1_37' title='bbox 814 917 1055 957; x_wconf 83' lang='lat' dir='ltr'>Herennius</span> <span class='ocrx_word' id='word_1_38' title='bbox 1071 918 1256 970; x_wconf 87' lang='lat' dir='ltr'><strong>Siculus,</strong></span> 
     </span>
     <span class='ocr_line' id='line_1_11' title="bbox 380 978 1256 1031; baseline 0.007 -15"><span class='ocrx_word' id='word_1_39' title='bbox 380 978 453 1028; x_wconf 89' lang='lat' dir='ltr'><strong>qui</strong></span> <span class='ocrx_word' id='word_1_40' title='bbox 489 985 534 1018; x_wconf 91' lang='lat' dir='ltr'><strong>et</strong></span> <span class='ocrx_word' id='word_1_41' title='bbox 574 978 773 1031; x_wconf 87' lang='lat' dir='ltr'><strong>Aruspex</strong></span> <span class='ocrx_word' id='word_1_42' title='bbox 820 986 866 1020; x_wconf 87' lang='lat' dir='ltr'><strong>et</strong></span> <span class='ocrx_word' id='word_1_43' title='bbox 907 979 1256 1022; x_wconf 87' lang='lat' dir='ltr'><strong>familiarissimus</strong></span> 
     </span>
     <span class='ocr_line' id='line_1_12' title="bbox 380 1040 1256 1095; baseline 0.003 -16"><span class='ocrx_word' id='word_1_44' title='bbox 380 1040 567 1080; x_wconf 80' lang='lat' dir='ltr'>Gracchi</span> <span class='ocrx_word' id='word_1_45' title='bbox 591 1041 749 1092; x_wconf 86' lang='lat' dir='ltr'><strong>fuerat,</strong></span> <span class='ocrx_word' id='word_1_46' title='bbox 770 1042 1010 1094; x_wconf 83' lang='lat' dir='ltr'><strong>damnatus,</strong></span> <span class='ocrx_word' id='word_1_47' title='bbox 1027 1043 1140 1095; x_wconf 85' lang='lat' dir='ltr'><strong>quod</strong></span> <span class='ocrx_word' id='word_1_48' title='bbox 1160 1055 1256 1083; x_wconf 91' lang='lat' dir='ltr'><strong>cum</strong></span> 
     </span>
     <span class='ocr_line' id='line_1_13' title="bbox 381 1103 1255 1146; baseline 0.005 -4"><span class='ocrx_word' id='word_1_49' title='bbox 381 1103 578 1143; x_wconf 85' lang='lat' dir='ltr'>Graccho</span> <span class='ocrx_word' id='word_1_50' title='bbox 614 1105 796 1144; x_wconf 86' lang='lat' dir='ltr'>sensisse</span> <span class='ocrx_word' id='word_1_51' title='bbox 833 1105 1067 1146; x_wconf 82' lang='lat' dir='ltr'>diceretur.</span> <span class='ocrx_word' id='word_1_52' title='bbox 1147 1105 1255 1146; x_wconf 88' lang='lat' dir='ltr'><strong>Cum</strong></span> 
     </span>
     <span class='ocr_line' id='line_1_14' title="bbox 379 1165 1254 1218; baseline 0.005 -14"><span class='ocrx_word' id='word_1_53' title='bbox 379 1165 611 1206; x_wconf 71' lang='lat' dir='ltr'><strong>duceretur</strong></span> <span class='ocrx_word' id='word_1_54' title='bbox 641 1167 684 1206; x_wconf 90' lang='lat' dir='ltr'><strong>in</strong></span> <span class='ocrx_word' id='word_1_55' title='bbox 713 1179 946 1218; x_wconf 86' lang='lat' dir='ltr'>carcerem,</span> <span class='ocrx_word' id='word_1_56' title='bbox 974 1169 1036 1208; x_wconf 86' lang='lat' dir='ltr'><strong>sic</strong></span> <span class='ocrx_word' id='word_1_57' title='bbox 1069 1170 1254 1208; x_wconf 85' lang='lat' dir='ltr'><strong>carceris</strong></span> 
     </span>
     <span class='ocr_line' id='line_1_15' title="bbox 378 1225 1255 1280; baseline 0.005 -13"><span class='ocrx_word' id='word_1_58' title='bbox 378 1225 491 1278; x_wconf 86' lang='lat' dir='ltr'><strong>posti</strong></span> <span class='ocrx_word' id='word_1_59' title='bbox 512 1235 643 1280; x_wconf 90' lang='lat' dir='ltr'><strong>caput</strong></span> <span class='ocrx_word' id='word_1_60' title='bbox 662 1231 793 1280; x_wconf 87' lang='lat' dir='ltr'><strong>illisit,</strong></span> <span class='ocrx_word' id='word_1_61' title='bbox 823 1237 870 1270; x_wconf 91' lang='lat' dir='ltr'><strong>ut</strong></span> <span class='ocrx_word' id='word_1_62' title='bbox 900 1231 1030 1271; x_wconf 89' lang='lat' dir='ltr'><strong>vitam</strong></span> <span class='ocrx_word' id='word_1_63' title='bbox 1060 1231 1102 1270; x_wconf 87' lang='lat' dir='ltr'><strong>in</strong></span> <span class='ocrx_word' id='word_1_64' title='bbox 1135 1232 1255 1271; x_wconf 90' lang='lat' dir='ltr'><strong>aditu</strong></span> 
     </span>
     <span class='ocr_line' id='line_1_16' title="bbox 376 1294 1254 1347; baseline 0.006 -15"><span class='ocrx_word' id='word_1_65' title='bbox 376 1294 470 1345; x_wconf 90' lang='lat' dir='ltr'><strong>ipso</strong></span> <span class='ocrx_word' id='word_1_66' title='bbox 486 1296 708 1347; x_wconf 81' lang='lat' dir='ltr'><strong>reliquerit</strong></span> <span class='ocrx_word' id='word_1_67' title='bbox 722 1308 838 1336; x_wconf 89' lang='lat' dir='ltr'><strong>suam</strong></span> <span class='ocrx_word' id='word_1_68' title='bbox 853 1309 864 1346; x_wconf 93' lang='lat'>;</span> <span class='ocrx_word' id='word_1_69' title='bbox 881 1302 926 1336; x_wconf 92' lang='lat' dir='ltr'><strong>et</strong></span> <span class='ocrx_word' id='word_1_70' title='bbox 943 1298 1006 1336; x_wconf 92' lang='lat' dir='ltr'><strong>sic</strong></span> <span class='ocrx_word' id='word_1_71' title='bbox 1019 1302 1156 1337; x_wconf 90' lang='lat' dir='ltr'><strong>morte</strong></span> <span class='ocrx_word' id='word_1_72' title='bbox 1170 1309 1254 1338; x_wconf 90' lang='lat' dir='ltr'><strong>non</strong></span> 
     </span>
     <span class='ocr_line' id='line_1_17' title="bbox 377 1357 1253 1413; baseline 0.008 -19"><span class='ocrx_word' id='word_1_73' title='bbox 377 1357 556 1409; x_wconf 84' lang='lat' dir='ltr'><strong>vulgari,</strong></span> <span class='ocrx_word' id='word_1_74' title='bbox 578 1359 688 1410; x_wconf 90' lang='lat' dir='ltr'><strong>quod</strong></span> <span class='ocrx_word' id='word_1_75' title='bbox 709 1360 974 1412; x_wconf 87' lang='lat' dir='ltr'><strong>imminebat,</strong></span> <span class='ocrx_word' id='word_1_76' title='bbox 993 1360 1253 1413; x_wconf 89' lang='lat' dir='ltr'><strong>supplicium</strong></span> 
     </span>
     <span class='ocr_line' id='line_1_18' title="bbox 376 1417 722 1472; baseline 0.014 -14"><span class='ocrx_word' id='word_1_77' title='bbox 376 1417 539 1472; x_wconf 85' lang='lat' dir='ltr'><strong>effugit.</strong></span> <span class='ocrx_word' id='word_1_78' title='bbox 571 1422 722 1463; x_wconf 78' lang='lat' dir='ltr'><strong>Oliver.</strong></span> 
     </span>
    </p>

    <p class='ocr_par' dir='ltr' id='par_1_6' title="bbox 373 1485 1253 1655">
     <span class='ocr_line' id='line_1_19' title="bbox 429 1485 1253 1541; baseline 0.007 -18"><span class='ocrx_word' id='word_1_79' title='bbox 429 1485 628 1536; x_wconf 81' lang='lat' dir='ltr'><strong>Manuque</strong></span> <span class='ocrx_word' id='word_1_80' title='bbox 662 1485 859 1538; x_wconf 60' lang='lat' dir='ltr'><strong>carnificis</strong></span> <span class='ocrx_word' id='word_1_81' title='bbox 890 1486 1068 1541; x_wconf 79' lang='lat' dir='ltr'><strong>citerior]</strong></span> <span class='ocrx_word' id='word_1_82' title='bbox 1116 1487 1180 1528; x_wconf 91' lang='lat' dir='ltr'><strong>Ac</strong></span> <span class='ocrx_word' id='word_1_83' title='bbox 1217 1489 1253 1529; x_wconf 89' lang='lat' dir='ltr'><strong>si</strong></span> 
     </span>
     <span class='ocr_line' id='line_1_20' title="bbox 375 1545 1252 1603; baseline 0.008 -19"><span class='ocrx_word' id='word_1_84' title='bbox 375 1545 561 1597; x_wconf 88' lang='lat' dir='ltr'><strong>diceret,</strong></span> <span class='ocrx_word' id='word_1_85' title='bbox 579 1559 729 1599; x_wconf 91' lang='lat' dir='ltr'><strong>parum</strong></span> <span class='ocrx_word' id='word_1_86' title='bbox 748 1547 901 1601; x_wconf 86' lang='lat' dir='ltr'><strong>abfuit,</strong></span> <span class='ocrx_word' id='word_1_87' title='bbox 927 1551 1030 1603; x_wconf 92' lang='lat' dir='ltr'><strong>quin</strong></span> <span class='ocrx_word' id='word_1_88' title='bbox 1049 1552 1092 1590; x_wconf 90' lang='lat' dir='ltr'><strong>in</strong></span> <span class='ocrx_word' id='word_1_89' title='bbox 1109 1563 1252 1591; x_wconf 88' lang='lat' dir='ltr'><strong>carce-</strong></span> 
     </span>
     <span class='ocr_line' id='line_1_21' title="bbox 373 1614 1250 1655; baseline 0.009 -8"><span class='ocrx_word' id='word_1_90' title='bbox 373 1619 463 1648; x_wconf 91' lang='lat' dir='ltr'><strong>rem</strong></span> <span class='ocrx_word' id='word_1_91' title='bbox 486 1615 625 1650; x_wconf 84' lang='lat' dir='ltr'><strong>trusus</strong></span> <span class='ocrx_word' id='word_1_92' title='bbox 644 1619 874 1652; x_wconf 86' lang='lat' dir='ltr'><strong>necaretur</strong></span> <span class='ocrx_word' id='word_1_93' title='bbox 893 1626 918 1653; x_wconf 90' lang='lat' dir='ltr'><strong>a</strong></span> <span class='ocrx_word' id='word_1_94' title='bbox 937 1614 1106 1653; x_wconf 90' lang='lat' dir='ltr'><strong>lictore.</strong></span> <span class='ocrx_word' id='word_1_95' title='bbox 1145 1616 1250 1655; x_wconf 83' lang='lat' dir='ltr'><strong>Oliv.</strong></span> 
     </span>
    </p>

    <p class='ocr_par' dir='ltr' id='par_1_7' title="bbox 370 1673 1253 1966">
     <span class='ocr_line' id='line_1_22' title="bbox 429 1673 1251 1729; baseline 0.009 -18"><span class='ocrx_word' id='word_1_96' title='bbox 429 1673 450 1723; x_wconf 61' lang='grc' dir='ltr'>ς</span> <span class='ocrx_word' id='word_1_97' title='bbox 470 1676 494 1711; x_wconf 89' lang='grc'><strong>7</strong></span> <span class='ocrx_word' id='word_1_98' title='bbox 527 1673 731 1715; x_wconf 79' lang='lat' dir='ltr'><strong>Consimili</strong></span> <span class='ocrx_word' id='word_1_99' title='bbox 750 1676 911 1727; x_wconf 82' lang='lat' dir='ltr'><strong>impetu,</strong></span> <span class='ocrx_word' id='word_1_100' title='bbox 929 1676 1018 1729; x_wconf 63' lang='lat' dir='ltr'><strong>fisa]</strong></span> <span class='ocrx_word' id='word_1_101' title='bbox 1062 1678 1162 1717; x_wconf 88' lang='lat' dir='ltr'><strong>Fuit</strong></span> <span class='ocrx_word' id='word_1_102' title='bbox 1182 1679 1251 1719; x_wconf 81' lang='lat' dir='ltr'><strong>hic</strong></span> 
     </span>
     <span class='ocr_line' id='line_1_23' title="bbox 370 1733 1253 1788; baseline 0.01 -16"><span class='ocrx_word' id='word_1_103' title='bbox 370 1733 575 1781; x_wconf 88' lang='lat' dir='ltr'><strong>Licinius,</strong></span> <span class='ocrx_word' id='word_1_104' title='bbox 614 1737 686 1788; x_wconf 91' lang='lat' dir='ltr'><strong>qni</strong></span> <span class='ocrx_word' id='word_1_105' title='bbox 723 1737 922 1778; x_wconf 85' lang='lat' dir='ltr'><strong>Ciceroni</strong></span> <span class='ocrx_word' id='word_1_106' title='bbox 952 1737 1253 1781; x_wconf 86' lang='lat' dir='ltr'><strong>conferebatur</strong></span> 
     </span>
     <span class='ocr_line' id='line_1_24' title="bbox 371 1796 1250 1851; baseline 0.01 -16"><span class='ocrx_word' id='word_1_107' title='bbox 371 1796 415 1835; x_wconf 89' lang='lat' dir='ltr'><strong>in</strong></span> <span class='ocrx_word' id='word_1_108' title='bbox 454 1797 710 1850; x_wconf 88' lang='lat' dir='ltr'><strong>eloquentia,</strong></span> <span class='ocrx_word' id='word_1_109' title='bbox 752 1801 1019 1842; x_wconf 86' lang='lat' dir='ltr'><strong>declamator</strong></span> <span class='ocrx_word' id='word_1_110' title='bbox 1055 1803 1250 1851; x_wconf 77' lang='lat' dir='ltr'><strong>eximius,</strong></span> 
     </span>
     <span class='ocr_line' id='line_1_25' title="bbox 370 1859 1250 1906; baseline 0.009 -8"><span class='ocrx_word' id='word_1_111' title='bbox 370 1865 420 1899; x_wconf 89' lang='lat' dir='ltr'><strong>ut</strong></span> <span class='ocrx_word' id='word_1_112' title='bbox 438 1859 482 1900; x_wconf 92' lang='lat' dir='ltr'><strong>in</strong></span> <span class='ocrx_word' id='word_1_113' title='bbox 513 1861 689 1903; x_wconf 84' lang='lat' dir='ltr'><strong>Senecae</strong></span> <span class='ocrx_word' id='word_1_114' title='bbox 707 1861 1085 1905; x_wconf 88' lang='lat' dir='ltr'><strong>declamationibus</strong></span> <span class='ocrx_word' id='word_1_115' title='bbox 1103 1865 1250 1906; x_wconf 89' lang='lat' dir='ltr'><strong>videre</strong></span> 
     </span>
     <span class='ocr_line' id='line_1_26' title="bbox 372 1922 645 1966; baseline 0.018 -5"><span class='ocrx_word' id='word_1_116' title='bbox 372 1922 491 1964; x_wconf 94' lang='lat' dir='ltr'><strong>licet.</strong></span> <span class='ocrx_word' id='word_1_117' title='bbox 519 1924 645 1966; x_wconf 82' lang='lat' dir='ltr'><strong>Idem.</strong></span> 
     </span>
    </p>

    <p class='ocr_par' dir='ltr' id='par_1_8' title="bbox 356 1986 1250 3560">
     <span class='ocr_line' id='line_1_27' title="bbox 422 1986 1248 2042; baseline 0.008 -17"><span class='ocrx_word' id='word_1_118' title='bbox 422 1986 535 2027; x_wconf 84' lang='lat' dir='ltr'><strong>Dum</strong></span> <span class='ocrx_word' id='word_1_119' title='bbox 562 1989 763 2029; x_wconf 75' lang='lat' dir='ltr'><strong>sententioe</strong></span> <span class='ocrx_word' id='word_1_120' title='bbox 780 1990 1019 2042; x_wconf 79' lang='lat' dir='ltr'><strong>dicerentur]</strong></span> <span class='ocrx_word' id='word_1_121' title='bbox 1056 1991 1128 2032; x_wconf 89' lang='lat' dir='ltr'><strong>Ita</strong></span> <span class='ocrx_word' id='word_1_122' title='bbox 1157 1993 1248 2032; x_wconf 80' lang='lat' dir='ltr'><strong>vul-</strong></span> 
     </span>
     <span class='ocr_line' id='line_1_28' title="bbox 370 2048 1250 2099; baseline 0.009 -11"><span class='ocrx_word' id='word_1_123' title='bbox 370 2060 440 2099; x_wconf 86' lang='lat' dir='ltr'><strong>go.</strong></span> <span class='ocrx_word' id='word_1_124' title='bbox 495 2050 609 2090; x_wconf 88' lang='lat' dir='ltr'><strong>Susii</strong></span> <span class='ocrx_word' id='word_1_125' title='bbox 639 2057 686 2091; x_wconf 90' lang='lat' dir='ltr'><strong>et</strong></span> <span class='ocrx_word' id='word_1_126' title='bbox 717 2048 943 2093; x_wconf 82' lang='lat' dir='ltr'><strong>Pulmanni</strong></span> <span class='ocrx_word' id='word_1_127' title='bbox 979 2054 1154 2095; x_wconf 84' lang='lat' dir='ltr'><strong>codices</strong></span> <span class='ocrx_word' id='word_1_128' title='bbox 1179 2056 1250 2095; x_wconf 84' lang='lat' dir='ltr'><strong>ba-</strong></span> 
     </span>
     <span class='ocr_line' id='line_1_29' title="bbox 368 2110 1247 2158; baseline 0.009 -8"><span class='ocrx_word' id='word_1_129' title='bbox 368 2110 501 2153; x_wconf 82' lang='lat' dir='ltr'><strong>bent:</strong></span> <span class='ocrx_word' id='word_1_130' title='bbox 528 2114 620 2153; x_wconf 79' lang='lat' dir='ltr'><strong>dum</strong></span> <span class='ocrx_word' id='word_1_131' title='bbox 636 2116 840 2156; x_wconf 79' lang='lat' dir='ltr'><strong>sententioe</strong></span> <span class='ocrx_word' id='word_1_132' title='bbox 865 2118 1067 2158; x_wconf 81' lang='lat' dir='ltr'><strong>darentur.</strong></span> <span class='ocrx_word' id='word_1_133' title='bbox 1115 2118 1247 2158; x_wconf 88' lang='lat' dir='ltr'><strong>Male.</strong></span> 
     </span>
     <span class='ocr_line' id='line_1_30' title="bbox 367 2174 1246 2222; baseline 0.009 -9"><span class='ocrx_word' id='word_1_134' title='bbox 367 2174 422 2214; x_wconf 90' lang='lat' dir='ltr'><strong>In</strong></span> <span class='ocrx_word' id='word_1_135' title='bbox 441 2175 714 2217; x_wconf 88' lang='lat' dir='ltr'><strong>Cauchiano:</strong></span> <span class='ocrx_word' id='word_1_136' title='bbox 747 2179 1034 2222; x_wconf 79' lang='lat' dir='ltr'><strong>ordinarentur.</strong></span> <span class='ocrx_word' id='word_1_137' title='bbox 1074 2180 1246 2221; x_wconf 84' lang='lat' dir='ltr'><strong>Glosse-</strong></span> 
     </span>
     <span class='ocr_line' id='line_1_31' title="bbox 365 2240 1247 2296; baseline 0.008 -20"><span class='ocrx_word' id='word_1_138' title='bbox 365 2249 436 2277; x_wconf 88' lang='lat' dir='ltr'><strong>ma</strong></span> <span class='ocrx_word' id='word_1_139' title='bbox 469 2244 552 2282; x_wconf 86' lang='lat' dir='ltr'><strong>est.</strong></span> <span class='ocrx_word' id='word_1_140' title='bbox 607 2240 692 2281; x_wconf 87' lang='lat' dir='ltr'><strong>Sed</strong></span> <span class='ocrx_word' id='word_1_141' title='bbox 728 2242 771 2282; x_wconf 87' lang='lat' dir='ltr'><strong>in</strong></span> <span class='ocrx_word' id='word_1_142' title='bbox 808 2242 1110 2285; x_wconf 84' lang='lat' dir='ltr'><strong>Gemblacensi</strong></span> <span class='ocrx_word' id='word_1_143' title='bbox 1142 2243 1247 2296; x_wconf 86' lang='lat' dir='ltr'><strong>legi-</strong></span> 
     </span>
     <span class='ocr_line' id='line_1_32' title="bbox 367 2302 1247 2346; baseline 0.006 -7"><span class='ocrx_word' id='word_1_144' title='bbox 367 2312 490 2340; x_wconf 86' lang='lat' dir='ltr'><strong>mus:</strong></span> <span class='ocrx_word' id='word_1_145' title='bbox 529 2302 815 2346; x_wconf 77' lang='lat' dir='ltr'><strong>derivarentur.</strong></span> <span class='ocrx_word' id='word_1_146' title='bbox 883 2305 936 2344; x_wconf 92' lang='lat' dir='ltr'><strong>In</strong></span> <span class='ocrx_word' id='word_1_147' title='bbox 965 2305 1247 2346; x_wconf 84' lang='lat' dir='ltr'><strong>Atrebatensi</strong></span> 
     </span>
     <span class='ocr_line' id='line_1_33' title="bbox 369 2365 1246 2410; baseline 0.006 -8"><span class='ocrx_word' id='word_1_148' title='bbox 369 2368 542 2404; x_wconf 88' lang='lat' dir='ltr'><strong>autem:</strong></span> <span class='ocrx_word' id='word_1_149' title='bbox 579 2365 837 2408; x_wconf 78' lang='lat' dir='ltr'><strong>diruirentur.</strong></span> <span class='ocrx_word' id='word_1_150' title='bbox 903 2368 1011 2410; x_wconf 83' lang='lat' dir='ltr'><strong>Quae</strong></span> <span class='ocrx_word' id='word_1_151' title='bbox 1047 2368 1246 2408; x_wconf 88' lang='lat' dir='ltr'><strong>lectionis</strong></span> 
     </span>
     <span class='ocr_line' id='line_1_34' title="bbox 364 2428 1245 2483; baseline 0.007 -17"><span class='ocrx_word' id='word_1_152' title='bbox 364 2428 555 2481; x_wconf 86' lang='lat' dir='ltr'><strong>antiquae</strong></span> <span class='ocrx_word' id='word_1_153' title='bbox 585 2435 684 2470; x_wconf 86' lang='lat' dir='ltr'><strong>sunt</strong></span> <span class='ocrx_word' id='word_1_154' title='bbox 711 2430 908 2483; x_wconf 85' lang='lat' dir='ltr'><strong>vestigia.</strong></span> <span class='ocrx_word' id='word_1_155' title='bbox 963 2431 1245 2474; x_wconf 83' lang='lat' dir='ltr'><strong>Scribendum</strong></span> 
     </span>
     <span class='ocr_line' id='line_1_35' title="bbox 366 2490 1245 2535; baseline 0.002 -2"><span class='ocrx_word' id='word_1_156' title='bbox 366 2490 479 2533; x_wconf 79' lang='lat' dir='ltr'><strong>enini</strong></span> <span class='ocrx_word' id='word_1_157' title='bbox 512 2498 716 2534; x_wconf 72' lang='lat' dir='ltr'><strong>autumoz</strong></span> <span class='ocrx_word' id='word_1_158' title='bbox 753 2496 846 2534; x_wconf 84' lang='lat' dir='ltr'><strong>dum</strong></span> <span class='ocrx_word' id='word_1_159' title='bbox 879 2495 1083 2535; x_wconf 75' lang='lat' dir='ltr'><strong>sententioe</strong></span> <span class='ocrx_word' id='word_1_160' title='bbox 1100 2495 1245 2535; x_wconf 77' lang='lat' dir='ltr'><strong>diribe-</strong></span> 
     </span>
     <span class='ocr_line' id='line_1_36' title="bbox 361 2556 1244 2608; baseline 0.006 -16"><span class='ocrx_word' id='word_1_161' title='bbox 361 2559 512 2595; x_wconf 76' lang='lat' dir='ltr'><strong>rentur.</strong></span> <span class='ocrx_word' id='word_1_162' title='bbox 568 2556 648 2596; x_wconf 88' lang='lat' dir='ltr'><strong>Est</strong></span> <span class='ocrx_word' id='word_1_163' title='bbox 664 2563 807 2597; x_wconf 87' lang='lat' dir='ltr'><strong>autem</strong></span> <span class='ocrx_word' id='word_1_164' title='bbox 827 2562 839 2580; x_wconf 82' lang='lat'>‘</span> <span class='ocrx_word' id='word_1_165' title='bbox 859 2557 1078 2608; x_wconf 86' lang='lat' dir='ltr'><strong>diribere,&#39;</strong></span> <span class='ocrx_word' id='word_1_166' title='bbox 1099 2557 1244 2598; x_wconf 90' lang='lat' dir='ltr'><strong>distri·</strong></span> 
     </span>
     <span class='ocr_line' id='line_1_37' title="bbox 366 2615 1243 2668; baseline 0.007 -13"><span class='ocrx_word' id='word_1_167' title='bbox 366 2615 515 2668; x_wconf 87' lang='lat' dir='ltr'><strong>buere,</strong></span> <span class='ocrx_word' id='word_1_168' title='bbox 534 2620 604 2658; x_wconf 89' lang='lat' dir='ltr'><strong>vel</strong></span> <span class='ocrx_word' id='word_1_169' title='bbox 622 2631 860 2661; x_wconf 83' lang='lat' dir='ltr'><strong>secernere.</strong></span> <span class='ocrx_word' id='word_1_170' title='bbox 915 2620 1040 2660; x_wconf 88' lang='lat' dir='ltr'><strong>Unde</strong></span> <span class='ocrx_word' id='word_1_171' title='bbox 1059 2621 1073 2645; x_wconf 85' lang='lat'>‘</span> <span class='ocrx_word' id='word_1_172' title='bbox 1095 2621 1243 2661; x_wconf 89' lang='lat' dir='ltr'><strong>diribi-</strong></span> 
     </span>
     <span class='ocr_line' id='line_1_38' title="bbox 363 2680 1242 2735; baseline 0.007 -18"><span class='ocrx_word' id='word_1_173' title='bbox 363 2684 480 2719; x_wconf 84' lang='lat' dir='ltr'><strong>tores</strong></span> <span class='ocrx_word' id='word_1_174' title='bbox 495 2680 506 2697; x_wconf 93' lang='lat'>&#39;</span> <span class='ocrx_word' id='word_1_175' title='bbox 522 2682 729 2733; x_wconf 89' lang='lat' dir='ltr'><strong>appellati</strong></span> <span class='ocrx_word' id='word_1_176' title='bbox 747 2682 989 2735; x_wconf 84' lang='lat' dir='ltr'><strong>injudiciis,</strong></span> <span class='ocrx_word' id='word_1_177' title='bbox 1004 2683 1076 2735; x_wconf 91' lang='lat' dir='ltr'><strong>qui</strong></span> <span class='ocrx_word' id='word_1_178' title='bbox 1097 2688 1242 2724; x_wconf 88' lang='lat' dir='ltr'><strong>ternas</strong></span> 
     </span>
     <span class='ocr_line' id='line_1_39' title="bbox 361 2741 1242 2794; baseline 0.007 -15"><span class='ocrx_word' id='word_1_179' title='bbox 361 2741 535 2793; x_wconf 83' lang='lat' dir='ltr'><strong>singulis</strong></span> <span class='ocrx_word' id='word_1_180' title='bbox 561 2743 780 2794; x_wconf 88' lang='lat' dir='ltr'><strong>jndicibus</strong></span> <span class='ocrx_word' id='word_1_181' title='bbox 814 2744 979 2784; x_wconf 87' lang='lat' dir='ltr'><strong>tabulas</strong></span> <span class='ocrx_word' id='word_1_182' title='bbox 1016 2744 1242 2785; x_wconf 86' lang='lat' dir='ltr'><strong>distribue·</strong></span> 
     </span>
     <span class='ocr_line' id='line_1_40' title="bbox 364 2804 1242 2856; baseline 0.003 -11"><span class='ocrx_word' id='word_1_183' title='bbox 364 2804 484 2854; x_wconf 88' lang='lat' dir='ltr'><strong>bant,</strong></span> <span class='ocrx_word' id='word_1_184' title='bbox 502 2805 780 2847; x_wconf 85' lang='lat' dir='ltr'><strong>absolutionis</strong></span> <span class='ocrx_word' id='word_1_185' title='bbox 799 2819 940 2856; x_wconf 87' lang='lat' dir='ltr'><strong>unam,</strong></span> <span class='ocrx_word' id='word_1_186' title='bbox 959 2807 1242 2848; x_wconf 83' lang='lat' dir='ltr'><strong>damnationis</strong></span> 
     </span>
     <span class='ocr_line' id='line_1_41' title="bbox 363 2869 1243 2923; baseline 0.003 -14"><span class='ocrx_word' id='word_1_187' title='bbox 363 2869 558 2920; x_wconf 88' lang='lat' dir='ltr'><strong>alteram,</strong></span> <span class='ocrx_word' id='word_1_188' title='bbox 577 2870 863 2922; x_wconf 78' lang='lat' dir='ltr'><strong>ampliationis</strong></span> <span class='ocrx_word' id='word_1_189' title='bbox 885 2870 1072 2910; x_wconf 85' lang='lat' dir='ltr'><strong>tertiam.</strong></span> <span class='ocrx_word' id='word_1_190' title='bbox 1101 2871 1138 2910; x_wconf 93' lang='lat' dir='ltr'>E</span> <span class='ocrx_word' id='word_1_191' title='bbox 1154 2872 1243 2923; x_wconf 90' lang='lat' dir='ltr'><strong>qui-</strong></span> 
     </span>
     <span class='ocr_line' id='line_1_42' title="bbox 360 2931 1240 2986; baseline 0.003 -15"><span class='ocrx_word' id='word_1_192' title='bbox 360 2931 437 2971; x_wconf 89' lang='lat' dir='ltr'><strong>bus</strong></span> <span class='ocrx_word' id='word_1_193' title='bbox 457 2944 553 2971; x_wconf 90' lang='lat' dir='ltr'><strong>cum</strong></span> <span class='ocrx_word' id='word_1_194' title='bbox 570 2945 695 2972; x_wconf 90' lang='lat' dir='ltr'><strong>unam</strong></span> <span class='ocrx_word' id='word_1_195' title='bbox 712 2933 885 2986; x_wconf 86' lang='lat' dir='ltr'><strong>quisque</strong></span> <span class='ocrx_word' id='word_1_196' title='bbox 893 2932 1033 2985; x_wconf 86' lang='lat' dir='ltr'><strong>judex</strong></span> <span class='ocrx_word' id='word_1_197' title='bbox 1053 2946 1130 2985; x_wconf 90' lang='lat' dir='ltr'><strong>pro</strong></span> <span class='ocrx_word' id='word_1_198' title='bbox 1146 2946 1240 2975; x_wconf 90' lang='lat' dir='ltr'><strong>sen·</strong></span> 
     </span>
     <span class='ocr_line' id='line_1_43' title="bbox 363 2995 1239 3048; baseline 0.006 -15"><span class='ocrx_word' id='word_1_199' title='bbox 363 2995 501 3034; x_wconf 88' lang='lat' dir='ltr'><strong>tentia</strong></span> <span class='ocrx_word' id='word_1_200' title='bbox 538 2995 582 3034; x_wconf 90' lang='lat' dir='ltr'><strong>in</strong></span> <span class='ocrx_word' id='word_1_201' title='bbox 617 2995 823 3035; x_wconf 86' lang='lat' dir='ltr'><strong>fiscellam</strong></span> <span class='ocrx_word' id='word_1_202' title='bbox 860 2997 1133 3048; x_wconf 84' lang='lat' dir='ltr'><strong>conjecisset,</strong></span> <span class='ocrx_word' id='word_1_203' title='bbox 1167 3010 1239 3039; x_wconf 87' lang='lat' dir='ltr'><strong>eas</strong></span> 
     </span>
     <span class='ocr_line' id='line_1_44' title="bbox 359 3058 1238 3115; baseline 0.007 -19"><span class='ocrx_word' id='word_1_204' title='bbox 359 3058 499 3098; x_wconf 90' lang='lat' dir='ltr'><strong>denuo</strong></span> <span class='ocrx_word' id='word_1_205' title='bbox 545 3058 823 3111; x_wconf 85' lang='lat' dir='ltr'><strong>colligebant,</strong></span> <span class='ocrx_word' id='word_1_206' title='bbox 870 3061 1238 3115; x_wconf 88' lang='lat' dir='ltr'><strong>secernebantque</strong></span> 
     </span>
     <span class='ocr_line' id='line_1_45' title="bbox 357 3122 1238 3176; baseline 0.005 -15"><span class='ocrx_word' id='word_1_207' title='bbox 357 3122 402 3161; x_wconf 92' lang='lat' dir='ltr'><strong>in</strong></span> <span class='ocrx_word' id='word_1_208' title='bbox 420 3129 505 3162; x_wconf 88' lang='lat' dir='ltr'><strong>tres</strong></span> <span class='ocrx_word' id='word_1_209' title='bbox 525 3127 688 3174; x_wconf 83' lang='lat' dir='ltr'><strong>partes,</strong></span> <span class='ocrx_word' id='word_1_210' title='bbox 716 3135 893 3176; x_wconf 86' lang='lat' dir='ltr'><strong>quarum</strong></span> <span class='ocrx_word' id='word_1_211' title='bbox 913 3125 1049 3176; x_wconf 82' lang='lat' dir='ltr'><strong>major</strong></span> <span class='ocrx_word' id='word_1_212' title='bbox 1070 3127 1134 3165; x_wconf 87' lang='lat' dir='ltr'><strong>vel</strong></span> <span class='ocrx_word' id='word_1_213' title='bbox 1164 3126 1238 3165; x_wconf 90' lang='lat' dir='ltr'><strong>ab·</strong></span> 
     </span>
     <span class='ocr_line' id='line_1_46' title="bbox 357 3187 1236 3240; baseline 0.003 -14"><span class='ocrx_word' id='word_1_214' title='bbox 357 3187 552 3228; x_wconf 87' lang='lat' dir='ltr'><strong>solvebat</strong></span> <span class='ocrx_word' id='word_1_215' title='bbox 593 3200 727 3239; x_wconf 88' lang='lat' dir='ltr'><strong>reum,</strong></span> <span class='ocrx_word' id='word_1_216' title='bbox 773 3189 843 3228; x_wconf 91' lang='lat' dir='ltr'><strong>vel</strong></span> <span class='ocrx_word' id='word_1_217' title='bbox 889 3189 1134 3240; x_wconf 83' lang='lat' dir='ltr'><strong>damnabat,</strong></span> <span class='ocrx_word' id='word_1_218' title='bbox 1171 3191 1236 3230; x_wconf 89' lang='lat' dir='ltr'><strong>vel</strong></span> 
     </span>
     <span class='ocr_line' id='line_1_47' title="bbox 358 3250 1238 3304; baseline 0.006 -16"><span class='ocrx_word' id='word_1_219' title='bbox 358 3250 605 3301; x_wconf 87' lang='lat' dir='ltr'><strong>ampliabat.</strong></span> <span class='ocrx_word' id='word_1_220' title='bbox 663 3252 810 3292; x_wconf 88' lang='lat' dir='ltr'><strong>Utitur</strong></span> <span class='ocrx_word' id='word_1_221' title='bbox 829 3252 961 3292; x_wconf 84' lang='lat' dir='ltr'><strong>verbo</strong></span> <span class='ocrx_word' id='word_1_222' title='bbox 987 3251 1238 3304; x_wconf 85' lang='lat' dir='ltr'><strong>frequenter</strong></span> 
     </span>
     <span class='ocr_line' id='line_1_48' title="bbox 356 3315 1237 3369; baseline 0.006 -17"><span class='ocrx_word' id='word_1_223' title='bbox 356 3315 539 3365; x_wconf 86' lang='lat' dir='ltr'><strong>Tullius,</strong></span> <span class='ocrx_word' id='word_1_224' title='bbox 558 3322 607 3355; x_wconf 89' lang='lat' dir='ltr'><strong>ut</strong></span> <span class='ocrx_word' id='word_1_225' title='bbox 637 3316 679 3355; x_wconf 91' lang='lat' dir='ltr'><strong>in</strong></span> <span class='ocrx_word' id='word_1_226' title='bbox 713 3316 969 3356; x_wconf 82' lang='lat' dir='ltr'><strong>Pisoniana:</strong></span> <span class='ocrx_word' id='word_1_227' title='bbox 1010 3318 1022 3339; x_wconf 90' lang='lat'>‘</span> <span class='ocrx_word' id='word_1_228' title='bbox 1044 3316 1113 3356; x_wconf 88' lang='lat' dir='ltr'><strong>An</strong></span> <span class='ocrx_word' id='word_1_229' title='bbox 1133 3329 1237 3369; x_wconf 89' lang='lat' dir='ltr'><strong>ergo</strong></span> 
     </span>
     <span class='ocr_line' id='line_1_49' title="bbox 357 3380 1237 3433; baseline 0.005 -16"><span class='ocrx_word' id='word_1_230' title='bbox 357 3386 603 3430; x_wconf 85' lang='lat' dir='ltr'><strong>expectem,</strong></span> <span class='ocrx_word' id='word_1_231' title='bbox 619 3380 716 3420; x_wconf 90' lang='lat' dir='ltr'><strong>dum</strong></span> <span class='ocrx_word' id='word_1_232' title='bbox 738 3380 790 3420; x_wconf 90' lang='lat' dir='ltr'><strong>de</strong></span> <span class='ocrx_word' id='word_1_233' title='bbox 811 3386 855 3420; x_wconf 88' lang='lat' dir='ltr'><strong>te</strong></span> <span class='ocrx_word' id='word_1_234' title='bbox 872 3381 1057 3433; x_wconf 90' lang='lat' dir='ltr'><strong>quinque</strong></span> <span class='ocrx_word' id='word_1_235' title='bbox 1075 3387 1120 3421; x_wconf 90' lang='lat' dir='ltr'><strong>et</strong></span> <span class='ocrx_word' id='word_1_236' title='bbox 1140 3394 1237 3433; x_wconf 89' lang='lat' dir='ltr'><strong>sep-</strong></span> 
     </span>
     <span class='ocr_line' id='line_1_50' title="bbox 358 3442 1237 3492; baseline 0.005 -12"><span class='ocrx_word' id='word_1_237' title='bbox 358 3442 548 3492; x_wconf 88' lang='lat' dir='ltr'><strong>tuaginta</strong></span> <span class='ocrx_word' id='word_1_238' title='bbox 584 3444 754 3484; x_wconf 82' lang='lat' dir='ltr'><strong>tabellae</strong></span> <span class='ocrx_word' id='word_1_239' title='bbox 797 3443 1091 3483; x_wconf 67' lang='lat' dir='ltr'><strong>diribeantnr!</strong></span> <span class='ocrx_word' id='word_1_240' title='bbox 1180 3446 1237 3484; x_wconf 90' lang='lat' dir='ltr'><strong>Et</strong></span> 
     </span>
     <span class='ocr_line' id='line_1_51' title="bbox 356 3506 1236 3560; baseline 0.003 -14"><span class='ocrx_word' id='word_1_241' title='bbox 356 3506 464 3546; x_wconf 87' lang='lat' dir='ltr'><strong>libro</strong></span> <span class='ocrx_word' id='word_1_242' title='bbox 485 3518 555 3547; x_wconf 79' lang='grc' dir='ltr'><strong>ιιι.</strong></span> <span class='ocrx_word' id='word_1_243' title='bbox 587 3508 769 3560; x_wconf 88' lang='lat' dir='ltr'><strong>Epistol.</strong></span> <span class='ocrx_word' id='word_1_244' title='bbox 791 3508 844 3548; x_wconf 92' lang='lat' dir='ltr'><strong>ad</strong></span> <span class='ocrx_word' id='word_1_245' title='bbox 859 3509 913 3551; x_wconf 81' lang='lat' dir='ltr'><strong>Q.</strong></span> <span class='ocrx_word' id='word_1_246' title='bbox 933 3509 1143 3560; x_wconf 87' lang='lat' dir='ltr'><strong>Fratrem,</strong></span> <span class='ocrx_word' id='word_1_247' title='bbox 1163 3509 1236 3549; x_wconf 87' lang='lat' dir='ltr'><strong>ubi</strong></span> 
     </span>
    </p>
   </div>
   <div class='ocr_carea' id='block_1_3' title="bbox 960 293 1623 339">
    <p class='ocr_par' dir='ltr' id='par_1_9' title="bbox 960 293 1623 339">
     <span class='ocr_line' id='line_1_52' title="bbox 960 293 1623 339; baseline 0.015 -10"><span class='ocrx_word' id='word_1_248' title='bbox 960 293 1140 332; x_wconf 84' lang='lat' dir='ltr'><strong>NoTAE</strong></span> <span class='ocrx_word' id='word_1_249' title='bbox 1181 295 1517 339; x_wconf 84' lang='lat' dir='ltr'><strong>VARIORUM</strong></span> <span class='ocrx_word' id='word_1_250' title='bbox 1560 302 1623 339; x_wconf 85' lang='lat' dir='ltr'><strong>IN</strong></span> 
     </span>
    </p>
   </div>
   <div class='ocr_carea' id='block_1_4' title="bbox 1297 415 2233 3552">
    <p class='ocr_par' dir='ltr' id='par_1_10' title="bbox 1319 415 2200 1159">
     <span class='ocr_line' id='line_1_53' title="bbox 1323 415 2200 471; baseline 0.008 -15"><span class='ocrx_word' id='word_1_251' title='bbox 1323 415 1380 456; x_wconf 89' lang='lat' dir='ltr'><strong>de</strong></span> <span class='ocrx_word' id='word_1_252' title='bbox 1401 417 1640 459; x_wconf 87' lang='lat' dir='ltr'><strong>Gabiniano</strong></span> <span class='ocrx_word' id='word_1_253' title='bbox 1653 419 1819 471; x_wconf 88' lang='lat' dir='ltr'><strong>judicio</strong></span> <span class='ocrx_word' id='word_1_254' title='bbox 1837 434 1847 461; x_wconf 76' lang='grc' dir='ltr'><strong><em>ε</em></strong></span> <span class='ocrx_word' id='word_1_255' title='bbox 1893 420 1906 444; x_wconf 88' lang='lat'>‘</span> <span class='ocrx_word' id='word_1_256' title='bbox 1929 421 2038 461; x_wconf 88' lang='lat' dir='ltr'><strong>Cato</strong></span> <span class='ocrx_word' id='word_1_257' title='bbox 2056 420 2200 462; x_wconf 88' lang='lat' dir='ltr'><strong>diribi-</strong></span> 
     </span>
     <span class='ocr_line' id='line_1_54' title="bbox 1324 480 2199 525; baseline 0.008 -7"><span class='ocrx_word' id='word_1_258' title='bbox 1324 480 1380 518; x_wconf 82' lang='lat' dir='ltr'><strong>tis</strong></span> <span class='ocrx_word' id='word_1_259' title='bbox 1413 480 1584 520; x_wconf 87' lang='lat' dir='ltr'><strong>tabellis</strong></span> <span class='ocrx_word' id='word_1_260' title='bbox 1613 482 1669 521; x_wconf 93' lang='lat' dir='ltr'><strong>de</strong></span> <span class='ocrx_word' id='word_1_261' title='bbox 1698 483 1858 523; x_wconf 88' lang='lat' dir='ltr'><strong>circulo</strong></span> <span class='ocrx_word' id='word_1_262' title='bbox 1890 494 1936 522; x_wconf 90' lang='lat' dir='ltr'><strong>se</strong></span> <span class='ocrx_word' id='word_1_263' title='bbox 1964 483 2199 525; x_wconf 73' lang='lat' dir='ltr'><strong>subduxit:</strong></span> 
     </span>
     <span class='ocr_line' id='line_1_55' title="bbox 1322 540 2198 598; baseline 0.007 -18"><span class='ocrx_word' id='word_1_264' title='bbox 1322 540 1407 581; x_wconf 86' lang='lat' dir='ltr'><strong>Sed</strong></span> <span class='ocrx_word' id='word_1_265' title='bbox 1443 554 1665 594; x_wconf 89' lang='lat' dir='ltr'><strong>perperam</strong></span> <span class='ocrx_word' id='word_1_266' title='bbox 1698 546 1741 584; x_wconf 93' lang='lat' dir='ltr'><strong>in</strong></span> <span class='ocrx_word' id='word_1_267' title='bbox 1773 545 1957 597; x_wconf 90' lang='lat' dir='ltr'><strong>Aldinis,</strong></span> <span class='ocrx_word' id='word_1_268' title='bbox 1986 546 2198 598; x_wconf 80' lang='lat' dir='ltr'><strong>‘diruptis</strong></span> 
     </span>
     <span class='ocr_line' id='line_1_56' title="bbox 1323 603 2198 650; baseline 0.008 -9"><span class='ocrx_word' id='word_1_269' title='bbox 1323 603 1519 644; x_wconf 66' lang='lat' dir='ltr'><strong>tabellis?</strong></span> <span class='ocrx_word' id='word_1_270' title='bbox 1571 605 1682 645; x_wconf 89' lang='lat' dir='ltr'><strong>Item</strong></span> <span class='ocrx_word' id='word_1_271' title='bbox 1710 607 1753 646; x_wconf 89' lang='lat' dir='ltr'><strong>in</strong></span> <span class='ocrx_word' id='word_1_272' title='bbox 1772 608 2037 649; x_wconf 88' lang='lat' dir='ltr'><strong>Planciana:</strong></span> <span class='ocrx_word' id='word_1_273' title='bbox 2085 609 2099 632; x_wconf 89' lang='lat'>‘</span> <span class='ocrx_word' id='word_1_274' title='bbox 2121 610 2198 650; x_wconf 90' lang='lat' dir='ltr'><strong>Ni-</strong></span> 
     </span>
     <span class='ocr_line' id='line_1_57' title="bbox 1322 666 2197 722; baseline 0.008 -18"><span class='ocrx_word' id='word_1_275' title='bbox 1322 666 1381 704; x_wconf 86' lang='lat' dir='ltr'><strong>hil</strong></span> <span class='ocrx_word' id='word_1_276' title='bbox 1390 666 1483 718; x_wconf 87' lang='lat' dir='ltr'><strong>jam</strong></span> <span class='ocrx_word' id='word_1_277' title='bbox 1501 672 1567 707; x_wconf 89' lang='lat' dir='ltr'><strong>est</strong></span> <span class='ocrx_word' id='word_1_278' title='bbox 1586 667 1699 719; x_wconf 90' lang='lat' dir='ltr'><strong>quod</strong></span> <span class='ocrx_word' id='word_1_279' title='bbox 1729 671 1887 721; x_wconf 90' lang='lat' dir='ltr'><strong>populo</strong></span> <span class='ocrx_word' id='word_1_280' title='bbox 1915 671 2197 722; x_wconf 83' lang='lat' dir='ltr'><strong>supplicetur,</strong></span> 
     </span>
     <span class='ocr_line' id='line_1_58' title="bbox 1321 728 2197 786; baseline 0.009 -19"><span class='ocrx_word' id='word_1_281' title='bbox 1321 728 1427 768; x_wconf 87' lang='lat' dir='ltr'><strong>nihil</strong></span> <span class='ocrx_word' id='word_1_282' title='bbox 1455 730 1566 782; x_wconf 89' lang='lat' dir='ltr'><strong>quod</strong></span> <span class='ocrx_word' id='word_1_283' title='bbox 1597 731 1803 779; x_wconf 89' lang='lat' dir='ltr'><strong>diribitio,</strong></span> <span class='ocrx_word' id='word_1_284' title='bbox 1835 733 1939 773; x_wconf 87' lang='lat' dir='ltr'><strong>nihil</strong></span> <span class='ocrx_word' id='word_1_285' title='bbox 1964 734 2077 786; x_wconf 86' lang='lat' dir='ltr'><strong>quod</strong></span> <span class='ocrx_word' id='word_1_286' title='bbox 2097 746 2197 785; x_wconf 87' lang='lat' dir='ltr'><strong>sup-</strong></span> 
     </span>
     <span class='ocr_line' id='line_1_59' title="bbox 1321 791 2198 844; baseline 0.008 -15"><span class='ocrx_word' id='word_1_287' title='bbox 1321 791 1498 842; x_wconf 89' lang='lat' dir='ltr'><strong>plicatio</strong></span> <span class='ocrx_word' id='word_1_288' title='bbox 1552 794 1889 844; x_wconf 86' lang='lat' dir='ltr'><strong>magistratuum,</strong></span> <span class='ocrx_word' id='word_1_289' title='bbox 1933 796 2198 836; x_wconf 86' lang='lat' dir='ltr'><strong>renunciatio</strong></span> 
     </span>
     <span class='ocr_line' id='line_1_60' title="bbox 1319 852 2197 907; baseline 0.006 -14"><span class='ocrx_word' id='word_1_290' title='bbox 1319 852 1616 906; x_wconf 80' lang='lat' dir='ltr'><strong>suffragiorum</strong></span> <span class='ocrx_word' id='word_1_291' title='bbox 1629 856 1909 907; x_wconf 65' lang='lat' dir='ltr'><strong>expectetur!</strong></span> <span class='ocrx_word' id='word_1_292' title='bbox 1935 857 2071 898; x_wconf 86' lang='lat' dir='ltr'><strong>Erant</strong></span> <span class='ocrx_word' id='word_1_293' title='bbox 2084 859 2197 903; x_wconf 85' lang='lat' dir='ltr'><strong>enim</strong></span> 
     </span>
     <span class='ocr_line' id='line_1_61' title="bbox 1321 917 2196 972; baseline 0.006 -17"><span class='ocrx_word' id='word_1_294' title='bbox 1321 922 1367 956; x_wconf 92' lang='lat' dir='ltr'><strong>et</strong></span> <span class='ocrx_word' id='word_1_295' title='bbox 1396 917 1436 955; x_wconf 90' lang='lat' dir='ltr'><strong>iu</strong></span> <span class='ocrx_word' id='word_1_296' title='bbox 1457 918 1642 958; x_wconf 85' lang='lat' dir='ltr'><strong>comitiis</strong></span> <span class='ocrx_word' id='word_1_297' title='bbox 1674 919 1930 967; x_wconf 84' lang='lat' dir='ltr'><strong>diribitores,</strong></span> <span class='ocrx_word' id='word_1_298' title='bbox 1948 920 2020 972; x_wconf 89' lang='lat' dir='ltr'><strong>qui</strong></span> <span class='ocrx_word' id='word_1_299' title='bbox 2037 922 2196 972; x_wconf 90' lang='lat' dir='ltr'><strong>populo</strong></span> 
     </span>
     <span class='ocr_line' id='line_1_62' title="bbox 1319 981 2196 1023; baseline 0.003 -3"><span class='ocrx_word' id='word_1_300' title='bbox 1319 981 1591 1020; x_wconf 86' lang='lat' dir='ltr'><strong>centuriatim</strong></span> <span class='ocrx_word' id='word_1_301' title='bbox 1607 981 1789 1022; x_wconf 86' lang='lat' dir='ltr'><strong>tabellas</strong></span> <span class='ocrx_word' id='word_1_302' title='bbox 1801 981 2057 1023; x_wconf 87' lang='lat' dir='ltr'><strong>diribebant.</strong></span> <span class='ocrx_word' id='word_1_303' title='bbox 2084 982 2196 1023; x_wconf 88' lang='lat' dir='ltr'><strong>Vide</strong></span> 
     </span>
     <span class='ocr_line' id='line_1_63' title="bbox 1321 1043 2193 1094; baseline 0.006 -13"><span class='ocrx_word' id='word_1_304' title='bbox 1321 1055 1413 1094; x_wconf 83' lang='lat' dir='ltr'><strong>quae</strong></span> <span class='ocrx_word' id='word_1_305' title='bbox 1430 1043 1486 1082; x_wconf 90' lang='lat' dir='ltr'><strong>de</strong></span> <span class='ocrx_word' id='word_1_306' title='bbox 1505 1043 1568 1082; x_wconf 88' lang='lat' dir='ltr'><strong>his</strong></span> <span class='ocrx_word' id='word_1_307' title='bbox 1587 1044 1792 1084; x_wconf 90' lang='lat' dir='ltr'><strong>Nicolaus</strong></span> <span class='ocrx_word' id='word_1_308' title='bbox 1821 1045 2034 1085; x_wconf 83' lang='lat' dir='ltr'><strong>Gruchius</strong></span> <span class='ocrx_word' id='word_1_309' title='bbox 2055 1047 2099 1086; x_wconf 90' lang='lat' dir='ltr'><strong>in</strong></span> <span class='ocrx_word' id='word_1_310' title='bbox 2120 1046 2193 1086; x_wconf 89' lang='lat' dir='ltr'><strong>lib.</strong></span> 
     </span>
     <span class='ocr_line' id='line_1_64' title="bbox 1319 1104 2007 1159; baseline 0.006 -15"><span class='ocrx_word' id='word_1_311' title='bbox 1319 1104 1373 1144; x_wconf 91' lang='lat' dir='ltr'><strong>de</strong></span> <span class='ocrx_word' id='word_1_312' title='bbox 1394 1105 1586 1145; x_wconf 89' lang='lat' dir='ltr'><strong>Comitiis</strong></span> <span class='ocrx_word' id='word_1_313' title='bbox 1605 1107 1792 1148; x_wconf 86' lang='lat' dir='ltr'><strong>disserit.</strong></span> <span class='ocrx_word' id='word_1_314' title='bbox 1821 1109 2007 1159; x_wconf 78' lang='lat' dir='ltr'><strong>Pighius.</strong></span> 
     </span>
    </p>

    <p class='ocr_par' dir='ltr' id='par_1_11' title="bbox 1314 1169 2196 1900">
     <span class='ocr_line' id='line_1_65' title="bbox 1370 1169 2196 1223; baseline 0.005 -17"><span class='ocrx_word' id='word_1_315' title='bbox 1370 1169 1633 1220; x_wconf 79' lang='lat' dir='ltr'><strong>Moenianum]</strong></span> <span class='ocrx_word' id='word_1_316' title='bbox 1662 1171 1822 1211; x_wconf 87' lang='lat' dir='ltr'><strong>Locum</strong></span> <span class='ocrx_word' id='word_1_317' title='bbox 1845 1172 1999 1223; x_wconf 88' lang='lat' dir='ltr'><strong>judicii</strong></span> <span class='ocrx_word' id='word_1_318' title='bbox 2018 1172 2072 1212; x_wconf 87' lang='lat' dir='ltr'><strong>ab</strong></span> <span class='ocrx_word' id='word_1_319' title='bbox 2093 1172 2196 1213; x_wconf 85' lang='lat' dir='ltr'><strong>aedi-</strong></span> 
     </span>
     <span class='ocr_line' id='line_1_66' title="bbox 1318 1230 2192 1277; baseline 0.007 -7"><span class='ocrx_word' id='word_1_320' title='bbox 1318 1230 1395 1270; x_wconf 87' lang='lat' dir='ltr'><strong>bus</strong></span> <span class='ocrx_word' id='word_1_321' title='bbox 1415 1232 1566 1271; x_wconf 85' lang='lat' dir='ltr'><strong>Moenii</strong></span> <span class='ocrx_word' id='word_1_322' title='bbox 1581 1233 1912 1275; x_wconf 86' lang='lat' dir='ltr'><strong>denominatum.</strong></span> <span class='ocrx_word' id='word_1_323' title='bbox 1966 1235 2076 1277; x_wconf 80' lang='lat' dir='ltr'><strong>Nam</strong></span> <span class='ocrx_word' id='word_1_324' title='bbox 2095 1248 2192 1276; x_wconf 89' lang='lat' dir='ltr'><strong>cum</strong></span> 
     </span>
     <span class='ocr_line' id='line_1_67' title="bbox 1318 1294 2193 1339; baseline 0.007 -6"><span class='ocrx_word' id='word_1_325' title='bbox 1318 1294 1432 1334; x_wconf 86' lang='lat' dir='ltr'><strong>aedes</strong></span> <span class='ocrx_word' id='word_1_326' title='bbox 1466 1306 1563 1335; x_wconf 87' lang='lat' dir='ltr'><strong>suas</strong></span> <span class='ocrx_word' id='word_1_327' title='bbox 1600 1296 1749 1336; x_wconf 87' lang='lat' dir='ltr'><strong>Catoni</strong></span> <span class='ocrx_word' id='word_1_328' title='bbox 1783 1303 1829 1338; x_wconf 89' lang='lat' dir='ltr'><strong>et</strong></span> <span class='ocrx_word' id='word_1_329' title='bbox 1855 1299 2010 1339; x_wconf 86' lang='lat' dir='ltr'><strong>Flacco</strong></span> <span class='ocrx_word' id='word_1_330' title='bbox 2043 1299 2193 1339; x_wconf 83' lang='lat' dir='ltr'><strong>Censs.</strong></span> 
     </span>
     <span class='ocr_line' id='line_1_68' title="bbox 1317 1357 2191 1410; baseline 0.005 -14"><span class='ocrx_word' id='word_1_331' title='bbox 1317 1357 1506 1397; x_wconf 89' lang='lat' dir='ltr'><strong>Moenius</strong></span> <span class='ocrx_word' id='word_1_332' title='bbox 1537 1359 1811 1410; x_wconf 85' lang='lat' dir='ltr'><strong>vendidisset,</strong></span> <span class='ocrx_word' id='word_1_333' title='bbox 1831 1365 1879 1400; x_wconf 90' lang='lat' dir='ltr'><strong>ut</strong></span> <span class='ocrx_word' id='word_1_334' title='bbox 1913 1360 2034 1400; x_wconf 89' lang='lat' dir='ltr'><strong>locus</strong></span> <span class='ocrx_word' id='word_1_335' title='bbox 2061 1371 2191 1405; x_wconf 86' lang='lat' dir='ltr'><strong>esset,</strong></span> 
     </span>
     <span class='ocr_line' id='line_1_69' title="bbox 1317 1419 2192 1472; baseline 0.007 -14"><span class='ocrx_word' id='word_1_336' title='bbox 1317 1419 1390 1459; x_wconf 85' lang='lat' dir='ltr'><strong>ubi</strong></span> <span class='ocrx_word' id='word_1_337' title='bbox 1412 1420 1583 1471; x_wconf 88' lang='lat' dir='ltr'><strong>judicia</strong></span> <span class='ocrx_word' id='word_1_338' title='bbox 1601 1426 1923 1472; x_wconf 86' lang='lat' dir='ltr'><strong>exercerentur,</strong></span> <span class='ocrx_word' id='word_1_339' title='bbox 1953 1423 2192 1472; x_wconf 77' lang='lat' dir='ltr'><strong>columnam</strong></span> 
     </span>
     <span class='ocr_line' id='line_1_70' title="bbox 1316 1481 2193 1536; baseline 0.006 -15"><span class='ocrx_word' id='word_1_340' title='bbox 1316 1481 1396 1522; x_wconf 92' lang='lat' dir='ltr'><strong>sibi</strong></span> <span class='ocrx_word' id='word_1_341' title='bbox 1415 1484 1667 1535; x_wconf 87' lang='lat' dir='ltr'><strong>reservavit,</strong></span> <span class='ocrx_word' id='word_1_342' title='bbox 1686 1495 1812 1536; x_wconf 90' lang='lat' dir='ltr'><strong>quam</strong></span> <span class='ocrx_word' id='word_1_343' title='bbox 1841 1485 1968 1525; x_wconf 86' lang='lat' dir='ltr'><strong>etiam</strong></span> <span class='ocrx_word' id='word_1_344' title='bbox 1989 1485 2193 1527; x_wconf 83' lang='lat' dir='ltr'><strong>tabulatis</strong></span> 
     </span>
     <span class='ocr_line' id='line_1_71' title="bbox 1314 1545 2194 1600; baseline 0.003 -15"><span class='ocrx_word' id='word_1_345' title='bbox 1314 1545 1611 1597; x_wconf 88' lang='lat' dir='ltr'><strong>circumdedit,</strong></span> <span class='ocrx_word' id='word_1_346' title='bbox 1628 1552 1676 1587; x_wconf 90' lang='lat' dir='ltr'><strong>ut</strong></span> <span class='ocrx_word' id='word_1_347' title='bbox 1695 1547 1797 1587; x_wconf 90' lang='lat' dir='ltr'><strong>inde</strong></span> <span class='ocrx_word' id='word_1_348' title='bbox 1813 1552 1959 1600; x_wconf 86' lang='lat' dir='ltr'><strong>posset</strong></span> <span class='ocrx_word' id='word_1_349' title='bbox 1985 1547 2194 1600; x_wconf 85' lang='lat' dir='ltr'><strong>gladiato-</strong></span> 
     </span>
     <span class='ocr_line' id='line_1_72' title="bbox 1315 1608 2192 1662; baseline 0.005 -16"><span class='ocrx_word' id='word_1_350' title='bbox 1315 1608 1423 1647; x_wconf 91' lang='lat' dir='ltr'><strong>rium</strong></span> <span class='ocrx_word' id='word_1_351' title='bbox 1458 1621 1607 1649; x_wconf 86' lang='lat' dir='ltr'><strong>munus</strong></span> <span class='ocrx_word' id='word_1_352' title='bbox 1640 1616 1840 1662; x_wconf 85' lang='lat' dir='ltr'><strong>spectare</strong></span> <span class='ocrx_word' id='word_1_353' title='bbox 1868 1622 1963 1651; x_wconf 88' lang='lat' dir='ltr'><strong>cum</strong></span> <span class='ocrx_word' id='word_1_354' title='bbox 1995 1611 2106 1650; x_wconf 79' lang='lat' dir='ltr'><strong>suis:</strong></span> <span class='ocrx_word' id='word_1_355' title='bbox 2147 1616 2192 1650; x_wconf 89' lang='lat' dir='ltr'><strong>et</strong></span> 
     </span>
     <span class='ocr_line' id='line_1_73' title="bbox 1316 1671 2191 1714; baseline 0.003 -3"><span class='ocrx_word' id='word_1_356' title='bbox 1316 1671 1371 1711; x_wconf 90' lang='lat' dir='ltr'><strong>ab</strong></span> <span class='ocrx_word' id='word_1_357' title='bbox 1408 1672 1572 1712; x_wconf 84' lang='lat' dir='ltr'><strong>aedibus</strong></span> <span class='ocrx_word' id='word_1_358' title='bbox 1602 1673 1753 1713; x_wconf 89' lang='lat' dir='ltr'><strong>Moenii</strong></span> <span class='ocrx_word' id='word_1_359' title='bbox 1796 1674 2036 1714; x_wconf 87' lang='lat' dir='ltr'><strong>Moenianus</strong></span> <span class='ocrx_word' id='word_1_360' title='bbox 2072 1675 2191 1714; x_wconf 87' lang='lat' dir='ltr'><strong>locus</strong></span> 
     </span>
     <span class='ocr_line' id='line_1_74' title="bbox 1315 1733 2189 1788; baseline 0.003 -15"><span class='ocrx_word' id='word_1_361' title='bbox 1315 1733 1457 1774; x_wconf 85' lang='lat' dir='ltr'><strong>dictus</strong></span> <span class='ocrx_word' id='word_1_362' title='bbox 1494 1741 1573 1782; x_wconf 82' lang='lat' dir='ltr'><strong>est,</strong></span> <span class='ocrx_word' id='word_1_363' title='bbox 1616 1735 1687 1774; x_wconf 91' lang='lat' dir='ltr'><strong>ubi</strong></span> <span class='ocrx_word' id='word_1_364' title='bbox 1719 1735 1886 1788; x_wconf 87' lang='lat' dir='ltr'><strong>judicia</strong></span> <span class='ocrx_word' id='word_1_365' title='bbox 1920 1733 2189 1777; x_wconf 83' lang='lat' dir='ltr'><strong>ferebantur.</strong></span> 
     </span>
     <span class='ocr_line' id='line_1_75' title="bbox 1315 1796 2189 1850; baseline 0.003 -15"><span class='ocrx_word' id='word_1_366' title='bbox 1315 1796 1422 1836; x_wconf 89' lang='lat' dir='ltr'><strong>Erat</strong></span> <span class='ocrx_word' id='word_1_367' title='bbox 1440 1803 1582 1837; x_wconf 83' lang='lat' dir='ltr'><strong>autem</strong></span> <span class='ocrx_word' id='word_1_368' title='bbox 1598 1803 1797 1850; x_wconf 81' lang='lat' dir='ltr'><strong>tanquam</strong></span> <span class='ocrx_word' id='word_1_369' title='bbox 1814 1798 1990 1839; x_wconf 80' lang='lat' dir='ltr'><strong>basilica</strong></span> <span class='ocrx_word' id='word_1_370' title='bbox 2003 1798 2189 1840; x_wconf 88' lang='lat' dir='ltr'><strong>eminen-</strong></span> 
     </span>
     <span class='ocr_line' id='line_1_76' title="bbox 1314 1859 1597 1900; baseline 0.004 -1"><span class='ocrx_word' id='word_1_371' title='bbox 1314 1859 1413 1899; x_wconf 84' lang='lat' dir='ltr'><strong>tior.</strong></span> <span class='ocrx_word' id='word_1_372' title='bbox 1447 1859 1597 1900; x_wconf 82' lang='lat' dir='ltr'><strong>Oliver.</strong></span> 
     </span>
    </p>

    <p class='ocr_par' dir='ltr' id='par_1_12' title="bbox 1313 1924 2186 2037">
     <span class='ocr_line' id='line_1_77' title="bbox 1364 1924 2186 1978; baseline 0.004 -16"><span class='ocrx_word' id='word_1_373' title='bbox 1364 1924 1566 1964; x_wconf 82' lang='lat' dir='ltr'><strong>Judicium</strong></span> <span class='ocrx_word' id='word_1_374' title='bbox 1595 1924 1772 1976; x_wconf 80' lang='lat' dir='ltr'><strong>cogebat]</strong></span> <span class='ocrx_word' id='word_1_375' title='bbox 1817 1925 1994 1967; x_wconf 83' lang='lat' dir='ltr'><strong>Judices</strong></span> <span class='ocrx_word' id='word_1_376' title='bbox 2010 1937 2186 1978; x_wconf 87' lang='lat' dir='ltr'><strong>congre-</strong></span> 
     </span>
     <span class='ocr_line' id='line_1_78' title="bbox 1313 1986 1459 2037; baseline 0.007 -13"><span class='ocrx_word' id='word_1_377' title='bbox 1313 1986 1459 2037; x_wconf 61' lang='lat' dir='ltr'><strong>gabah</strong></span> 
     </span>
    </p>

    <p class='ocr_par' dir='ltr' id='par_1_13' title="bbox 1310 2050 2185 2164">
     <span class='ocr_line' id='line_1_79' title="bbox 1365 2050 2185 2104; baseline 0.004 -15"><span class='ocrx_word' id='word_1_378' title='bbox 1365 2050 1611 2091; x_wconf 82' lang='lat' dir='ltr'><strong>Proetextam</strong></span> <span class='ocrx_word' id='word_1_379' title='bbox 1624 2051 1850 2103; x_wconf 80' lang='lat' dir='ltr'><strong>ponentem]</strong></span> <span class='ocrx_word' id='word_1_380' title='bbox 1889 2050 1945 2092; x_wconf 91' lang='lat' dir='ltr'><strong>Se</strong></span> <span class='ocrx_word' id='word_1_381' title='bbox 1964 2055 2185 2104; x_wconf 75' lang='lat' dir='ltr'><strong>parantem</strong></span> 
     </span>
     <span class='ocr_line' id='line_1_80' title="bbox 1310 2112 1613 2164; baseline 0.003 -12"><span class='ocrx_word' id='word_1_382' title='bbox 1310 2112 1364 2152; x_wconf 84' lang='lat' dir='ltr'><strong>ad</strong></span> <span class='ocrx_word' id='word_1_383' title='bbox 1385 2113 1613 2164; x_wconf 88' lang='lat' dir='ltr'><strong>agendum.</strong></span> 
     </span>
    </p>

    <p class='ocr_par' dir='ltr' id='par_1_14' title="bbox 1304 2176 2233 2787">
     <span class='ocr_line' id='line_1_81' title="bbox 1363 2176 2187 2229; baseline 0.005 -13"><span class='ocrx_word' id='word_1_384' title='bbox 1363 2177 1537 2217; x_wconf 66' lang='lat' dir='ltr'><strong>Illustrv‘s</strong></span> <span class='ocrx_word' id='word_1_385' title='bbox 1565 2176 1736 2229; x_wconf 78' lang='lat' dir='ltr'><strong>ingenii]</strong></span> <span class='ocrx_word' id='word_1_386' title='bbox 1782 2177 1935 2219; x_wconf 89' lang='lat' dir='ltr'><strong>Cicero</strong></span> <span class='ocrx_word' id='word_1_387' title='bbox 1971 2178 2013 2219; x_wconf 90' lang='lat' dir='ltr'><strong>in</strong></span> <span class='ocrx_word' id='word_1_388' title='bbox 2048 2179 2187 2220; x_wconf 88' lang='lat' dir='ltr'><strong>Bruto</strong></span> 
     </span>
     <span class='ocr_line' id='line_1_82' title="bbox 1309 2238 2184 2292; baseline 0.005 -13"><span class='ocrx_word' id='word_1_389' title='bbox 1309 2238 1459 2280; x_wconf 87' lang='lat' dir='ltr'><strong>miram</strong></span> <span class='ocrx_word' id='word_1_390' title='bbox 1480 2240 1520 2279; x_wconf 88' lang='lat' dir='ltr'><strong>ei</strong></span> <span class='ocrx_word' id='word_1_391' title='bbox 1539 2239 1738 2292; x_wconf 71' lang='grc' dir='ltr'>ἀκρίβειαν</span> <span class='ocrx_word' id='word_1_392' title='bbox 1769 2240 1932 2281; x_wconf 89' lang='lat' dir='ltr'><strong>tribuit.</strong></span> <span class='ocrx_word' id='word_1_393' title='bbox 1986 2241 2071 2281; x_wconf 88' lang='lat' dir='ltr'><strong>Sed</strong></span> <span class='ocrx_word' id='word_1_394' title='bbox 2105 2242 2184 2283; x_wconf 87' lang='lat' dir='ltr'><strong>boc</strong></span> 
     </span>
     <span class='ocr_line' id='line_1_83' title="bbox 1309 2303 2233 2358; baseline 0.003 -15"><span class='ocrx_word' id='word_1_395' title='bbox 1309 2304 1552 2355; x_wconf 84' lang='lat' dir='ltr'><strong>exemplum</strong></span> <span class='ocrx_word' id='word_1_396' title='bbox 1588 2305 1638 2343; x_wconf 87' lang='lat' dir='ltr'><strong>C.</strong></span> <span class='ocrx_word' id='word_1_397' title='bbox 1671 2303 1825 2343; x_wconf 89' lang='lat' dir='ltr'><strong>Licinii</strong></span> <span class='ocrx_word' id='word_1_398' title='bbox 1876 2304 2045 2356; x_wconf 86' lang='lat' dir='ltr'><strong>probat,</strong></span> <span class='ocrx_word' id='word_1_399' title='bbox 2090 2305 2185 2346; x_wconf 78' lang='lat' dir='ltr'><strong>istis</strong></span> <span class='ocrx_word' id='word_1_400' title='bbox 2215 2346 2233 2358; x_wconf 50' lang='lat'><em>„</em></span> 
     </span>
     <span class='ocr_line' id='line_1_84' title="bbox 1309 2366 2184 2419; baseline 0.001 -12"><span class='ocrx_word' id='word_1_401' title='bbox 1309 2367 1572 2419; x_wconf 89' lang='lat' dir='ltr'><strong>temporibus</strong></span> <span class='ocrx_word' id='word_1_402' title='bbox 1590 2367 1716 2419; x_wconf 88' lang='lat' dir='ltr'><strong>longe</strong></span> <span class='ocrx_word' id='word_1_403' title='bbox 1735 2366 1882 2407; x_wconf 83' lang='lat' dir='ltr'><strong>mitius</strong></span> <span class='ocrx_word' id='word_1_404' title='bbox 1912 2367 1968 2407; x_wconf 89' lang='lat' dir='ltr'><strong>de</strong></span> <span class='ocrx_word' id='word_1_405' title='bbox 2004 2366 2121 2408; x_wconf 80' lang='lat' dir='ltr'><strong>fama</strong></span> <span class='ocrx_word' id='word_1_406' title='bbox 2138 2373 2184 2408; x_wconf 86' lang='lat' dir='ltr'><strong>et</strong></span> 
     </span>
     <span class='ocr_line' id='line_1_85' title="bbox 1307 2430 2184 2483; baseline 0 -13"><span class='ocrx_word' id='word_1_407' title='bbox 1307 2430 1436 2470; x_wconf 81' lang='lat' dir='ltr'><strong>bonis</strong></span> <span class='ocrx_word' id='word_1_408' title='bbox 1466 2443 1612 2470; x_wconf 90' lang='lat' dir='ltr'><strong>eorum</strong></span> <span class='ocrx_word' id='word_1_409' title='bbox 1648 2431 1721 2483; x_wconf 88' lang='lat' dir='ltr'><strong>qui</strong></span> <span class='ocrx_word' id='word_1_410' title='bbox 1755 2441 1801 2469; x_wconf 90' lang='lat' dir='ltr'><strong>se</strong></span> <span class='ocrx_word' id='word_1_411' title='bbox 1843 2435 1960 2471; x_wconf 88' lang='lat' dir='ltr'><strong>metu</strong></span> <span class='ocrx_word' id='word_1_412' title='bbox 1993 2431 2184 2471; x_wconf 83' lang='lat' dir='ltr'><strong>criminis</strong></span> 
     </span>
     <span class='ocr_line' id='line_1_86' title="bbox 1306 2491 2183 2547; baseline 0 -14"><span class='ocrx_word' id='word_1_413' title='bbox 1306 2492 1628 2536; x_wconf 75' lang='lat' dir='ltr'><strong>interfecissent</strong></span> <span class='ocrx_word' id='word_1_414' title='bbox 1642 2499 1782 2534; x_wconf 89' lang='lat' dir='ltr'><strong>actum</strong></span> <span class='ocrx_word' id='word_1_415' title='bbox 1797 2491 1942 2545; x_wconf 86' lang='lat' dir='ltr'><strong>fuisse,</strong></span> <span class='ocrx_word' id='word_1_416' title='bbox 1959 2505 2084 2547; x_wconf 85' lang='lat' dir='ltr'><strong>quam</strong></span> <span class='ocrx_word' id='word_1_417' title='bbox 2102 2492 2183 2534; x_wconf 87' lang='lat' dir='ltr'><strong>sub</strong></span> 
     </span>
     <span class='ocr_line' id='line_1_87' title="bbox 1307 2554 2182 2608; baseline 0.001 -13"><span class='ocrx_word' id='word_1_418' title='bbox 1307 2556 1586 2608; x_wconf 88' lang='lat' dir='ltr'><strong>principibus.</strong></span> <span class='ocrx_word' id='word_1_419' title='bbox 1632 2557 1756 2596; x_wconf 46' lang='lat' dir='ltr'><strong>¹Sane</strong></span> <span class='ocrx_word' id='word_1_420' title='bbox 1787 2556 1896 2596; x_wconf 86' lang='lat' dir='ltr'><strong>tales</strong></span> <span class='ocrx_word' id='word_1_421' title='bbox 1915 2567 1998 2607; x_wconf 88' lang='lat' dir='ltr'><strong>pro</strong></span> <span class='ocrx_word' id='word_1_422' title='bbox 2013 2554 2182 2596; x_wconf 78' lang='lat' dir='ltr'><strong>confes-</strong></span> 
     </span>
     <span class='ocr_line' id='line_1_88' title="bbox 1306 2617 2182 2671; baseline 0 -13"><span class='ocrx_word' id='word_1_423' title='bbox 1306 2620 1364 2659; x_wconf 81' lang='lat' dir='ltr'><strong>sis</strong></span> <span class='ocrx_word' id='word_1_424' title='bbox 1396 2620 1624 2671; x_wconf 86' lang='lat' dir='ltr'><strong>habentur,</strong></span> <span class='ocrx_word' id='word_1_425' title='bbox 1657 2631 1806 2660; x_wconf 90' lang='lat' dir='ltr'><strong>eorum</strong></span> <span class='ocrx_word' id='word_1_426' title='bbox 1838 2619 1948 2659; x_wconf 89' lang='lat' dir='ltr'><strong>bona</strong></span> <span class='ocrx_word' id='word_1_427' title='bbox 1971 2619 2014 2658; x_wconf 89' lang='lat' dir='ltr'><strong>in</strong></span> <span class='ocrx_word' id='word_1_428' title='bbox 2034 2617 2182 2659; x_wconf 83' lang='lat' dir='ltr'><strong>fiscum</strong></span> 
     </span>
     <span class='ocr_line' id='line_1_89' title="bbox 1306 2682 2178 2735; baseline -0.001 -12"><span class='ocrx_word' id='word_1_429' title='bbox 1306 2690 1531 2735; x_wconf 88' lang='lat' dir='ltr'><strong>coguntur,</strong></span> <span class='ocrx_word' id='word_1_430' title='bbox 1578 2689 1626 2723; x_wconf 93' lang='lat' dir='ltr'><strong>ut</strong></span> <span class='ocrx_word' id='word_1_431' title='bbox 1664 2683 1792 2722; x_wconf 89' lang='lat' dir='ltr'><strong>docet</strong></span> <span class='ocrx_word' id='word_1_432' title='bbox 1823 2682 1986 2722; x_wconf 86' lang='lat' dir='ltr'><strong>Paulus</strong></span> <span class='ocrx_word' id='word_1_433' title='bbox 2022 2682 2099 2722; x_wconf 85' lang='lat' dir='ltr'><strong>lib.</strong></span> <span class='ocrx_word' id='word_1_434' title='bbox 2135 2693 2178 2722; x_wconf 80' lang='lat' dir='ltr'><strong>v.</strong></span> 
     </span>
     <span class='ocr_line' id='line_1_90' title="bbox 1304 2746 1834 2787; baseline -0.004 -1"><span class='ocrx_word' id='word_1_435' title='bbox 1304 2747 1497 2786; x_wconf 88' lang='lat' dir='ltr'><strong>Sentent.</strong></span> <span class='ocrx_word' id='word_1_436' title='bbox 1517 2747 1584 2787; x_wconf 87' lang='lat' dir='ltr'><strong>tit.</strong></span> <span class='ocrx_word' id='word_1_437' title='bbox 1603 2749 1670 2786; x_wconf 86' lang='lat'><strong>12.</strong></span> <span class='ocrx_word' id='word_1_438' title='bbox 1704 2746 1834 2785; x_wconf 83' lang='lat' dir='ltr'><strong>Coler.</strong></span> 
     </span>
    </p>

    <p class='ocr_par' dir='ltr' id='par_1_15' title="bbox 1302 2805 2180 3049">
     <span class='ocr_line' id='line_1_91' title="bbox 1356 2805 2179 2859; baseline -0.002 -11"><span class='ocrx_word' id='word_1_439' title='bbox 1356 2807 1422 2848; x_wconf 79' lang='lat' dir='ltr'><strong>Ab</strong></span> <span class='ocrx_word' id='word_1_440' title='bbox 1462 2809 1593 2859; x_wconf 83' lang='lat' dir='ltr'><strong>inopia</strong></span> <span class='ocrx_word' id='word_1_441' title='bbox 1630 2807 1688 2847; x_wconf 82' lang='lat' dir='ltr'><strong>rei</strong></span> <span class='ocrx_word' id='word_1_442' title='bbox 1721 2805 1957 2858; x_wconf 78' lang='lat' dir='ltr'><strong>familiaris]</strong></span> <span class='ocrx_word' id='word_1_443' title='bbox 1997 2806 2110 2849; x_wconf 83' lang='lat' dir='ltr'><strong>Quia</strong></span> <span class='ocrx_word' id='word_1_444' title='bbox 2143 2807 2179 2846; x_wconf 85' lang='lat' dir='ltr'><strong>si</strong></span> 
     </span>
     <span class='ocr_line' id='line_1_92' title="bbox 1303 2869 2179 2922; baseline -0.002 -11"><span class='ocrx_word' id='word_1_445' title='bbox 1303 2872 1530 2911; x_wconf 84' lang='lat' dir='ltr'><strong>damnatus</strong></span> <span class='ocrx_word' id='word_1_446' title='bbox 1563 2869 1732 2919; x_wconf 84' lang='lat' dir='ltr'><strong>fuisset,</strong></span> <span class='ocrx_word' id='word_1_447' title='bbox 1763 2875 1808 2909; x_wconf 92' lang='lat' dir='ltr'><strong>et</strong></span> <span class='ocrx_word' id='word_1_448' title='bbox 1837 2869 1927 2922; x_wconf 86' lang='lat' dir='ltr'><strong>ejus</strong></span> <span class='ocrx_word' id='word_1_449' title='bbox 1955 2869 2064 2910; x_wconf 79' lang='lat' dir='ltr'><strong>bona</strong></span> <span class='ocrx_word' id='word_1_450' title='bbox 2080 2869 2179 2910; x_wconf 85' lang='lat' dir='ltr'><strong>sub-</strong></span> 
     </span>
     <span class='ocr_line' id='line_1_93' title="bbox 1303 2932 2180 2984; baseline -0.002 -10"><span class='ocrx_word' id='word_1_451' title='bbox 1303 2935 1486 2984; x_wconf 81' lang='lat' dir='ltr'><strong>hastata,</strong></span> <span class='ocrx_word' id='word_1_452' title='bbox 1532 2933 1584 2972; x_wconf 90' lang='lat' dir='ltr'><strong>ad</strong></span> <span class='ocrx_word' id='word_1_453' title='bbox 1628 2933 1816 2984; x_wconf 85' lang='lat' dir='ltr'><strong>inopiam</strong></span> <span class='ocrx_word' id='word_1_454' title='bbox 1849 2932 2028 2973; x_wconf 80' lang='lat' dir='ltr'><strong>redacta</strong></span> <span class='ocrx_word' id='word_1_455' title='bbox 2062 2937 2180 2973; x_wconf 74' lang='lat' dir='ltr'><strong>esset</strong></span> 
     </span>
     <span class='ocr_line' id='line_1_94' title="bbox 1302 2996 1723 3049; baseline -0.002 -13"><span class='ocrx_word' id='word_1_456' title='bbox 1302 2998 1395 3049; x_wconf 72' lang='lat' dir='ltr'><strong>eJus</strong></span> <span class='ocrx_word' id='word_1_457' title='bbox 1409 2997 1586 3037; x_wconf 80' lang='lat' dir='ltr'><strong>familia.</strong></span> <span class='ocrx_word' id='word_1_458' title='bbox 1617 2996 1723 3036; x_wconf 78' lang='lat' dir='ltr'><strong>Oliv.</strong></span> 
     </span>
    </p>

    <p class='ocr_par' dir='ltr' id='par_1_16' title="bbox 1299 3057 2177 3365">
     <span class='ocr_line' id='line_1_95' title="bbox 1358 3057 2177 3109; baseline -0.005 -8"><span class='ocrx_word' id='word_1_459' title='bbox 1358 3061 1533 3101; x_wconf 77' lang='lat' dir='ltr'><strong>Crimine</strong></span> <span class='ocrx_word' id='word_1_460' title='bbox 1550 3060 1768 3100; x_wconf 75' lang='lat' dir='ltr'><strong>domestica»</strong></span> <span class='ocrx_word' id='word_1_461' title='bbox 1785 3057 2064 3109; x_wconf 62' lang='lat' dir='ltr'><strong>damnationis]</strong></span> <span class='ocrx_word' id='word_1_462' title='bbox 2103 3058 2177 3101; x_wconf 88' lang='lat' dir='ltr'><strong>Sic</strong></span> 
     </span>
     <span class='ocr_line' id='line_1_96' title="bbox 1301 3122 2176 3178; baseline -0.005 -13"><span class='ocrx_word' id='word_1_463' title='bbox 1301 3138 1468 3178; x_wconf 88' lang='lat' dir='ltr'><strong>quoqne</strong></span> <span class='ocrx_word' id='word_1_464' title='bbox 1500 3137 1632 3177; x_wconf 87' lang='lat' dir='ltr'><strong>genus</strong></span> <span class='ocrx_word' id='word_1_465' title='bbox 1679 3122 1967 3174; x_wconf 81' lang='lat' dir='ltr'><strong>familiamque</strong></span> <span class='ocrx_word' id='word_1_466' title='bbox 2001 3133 2116 3162; x_wconf 84' lang='lat' dir='ltr'><strong>suam</strong></span> <span class='ocrx_word' id='word_1_467' title='bbox 2151 3134 2176 3162; x_wconf 89' lang='lat' dir='ltr'><strong>a</strong></span> 
     </span>
     <span class='ocr_line' id='line_1_97' title="bbox 1299 3183 2174 3240; baseline -0.007 -12"><span class='ocrx_word' id='word_1_468' title='bbox 1299 3188 1566 3240; x_wconf 85' lang='lat' dir='ltr'><strong>turpitudine</strong></span> <span class='ocrx_word' id='word_1_469' title='bbox 1579 3186 1733 3227; x_wconf 86' lang='lat' dir='ltr'><strong>futurae</strong></span> <span class='ocrx_word' id='word_1_470' title='bbox 1746 3184 2027 3225; x_wconf 87' lang='lat' dir='ltr'><strong>damnationis</strong></span> <span class='ocrx_word' id='word_1_471' title='bbox 2039 3183 2174 3223; x_wconf 80' lang='lat' dir='ltr'><strong>vindi-</strong></span> 
     </span>
     <span class='ocr_line' id='line_1_98' title="bbox 1300 3246 2174 3302; baseline -0.005 -11"><span class='ocrx_word' id='word_1_472' title='bbox 1300 3252 1431 3302; x_wconf 85' lang='lat' dir='ltr'><strong>cavit,</strong></span> <span class='ocrx_word' id='word_1_473' title='bbox 1461 3257 1508 3290; x_wconf 93' lang='lat' dir='ltr'><strong>ut</strong></span> <span class='ocrx_word' id='word_1_474' title='bbox 1529 3256 1650 3290; x_wconf 86' lang='lat' dir='ltr'><strong>tanta</strong></span> <span class='ocrx_word' id='word_1_475' title='bbox 1670 3246 1845 3287; x_wconf 87' lang='lat' dir='ltr'><strong>infamia</strong></span> <span class='ocrx_word' id='word_1_476' title='bbox 1865 3247 2015 3287; x_wconf 89' lang='lat' dir='ltr'><strong>domus</strong></span> <span class='ocrx_word' id='word_1_477' title='bbox 2033 3248 2174 3288; x_wconf 83' lang='lat' dir='ltr'><strong>notari</strong></span> 
     </span>
     <span class='ocr_line' id='line_1_99' title="bbox 1300 3311 1699 3365; baseline -0.015 -11"><span class='ocrx_word' id='word_1_478' title='bbox 1300 3326 1383 3354; x_wconf 89' lang='lat' dir='ltr'><strong>non</strong></span> <span class='ocrx_word' id='word_1_479' title='bbox 1401 3319 1560 3365; x_wconf 82' lang='lat' dir='ltr'><strong>posset.</strong></span> <span class='ocrx_word' id='word_1_480' title='bbox 1593 3311 1699 3351; x_wconf 78' lang='lat' dir='ltr'><strong>Oliv.</strong></span> 
     </span>
    </p>

    <p class='ocr_par' dir='ltr' id='par_1_17' title="bbox 1297 3374 2174 3552">
     <span class='ocr_line' id='line_1_100' title="bbox 1354 3374 2172 3428; baseline -0.001 -12"><span class='ocrx_word' id='word_1_481' title='bbox 1354 3378 1376 3428; x_wconf 60' lang='grc' dir='ltr'><strong>ς</strong></span> <span class='ocrx_word' id='word_1_482' title='bbox 1405 3380 1430 3415; x_wconf 90' lang='grc'>8</span> <span class='ocrx_word' id='word_1_483' title='bbox 1458 3376 1572 3415; x_wconf 86' lang='lat' dir='ltr'><strong>Inter</strong></span> <span class='ocrx_word' id='word_1_484' title='bbox 1587 3386 1697 3414; x_wconf 77' lang='lat' dir='ltr'><strong>usum</strong></span> <span class='ocrx_word' id='word_1_485' title='bbox 1718 3374 1882 3425; x_wconf 77' lang='lat' dir='ltr'><strong>puerilis</strong></span> <span class='ocrx_word' id='word_1_486' title='bbox 1919 3375 2080 3417; x_wconf 63' lang='lat' dir='ltr'><strong>Veneris</strong></span> <span class='ocrx_word' id='word_1_487' title='bbox 2105 3378 2172 3418; x_wconf 79' lang='lat' dir='ltr'><strong>ab·</strong></span> 
     </span>
     <span class='ocr_line' id='line_1_101' title="bbox 1297 3436 2174 3490; baseline 0.002 -11"><span class='ocrx_word' id='word_1_488' title='bbox 1297 3438 1443 3489; x_wconf 72' lang='lat' dir='ltr'><strong>sumpti</strong></span> <span class='ocrx_word' id='word_1_489' title='bbox 1467 3436 1576 3487; x_wconf 81' lang='lat' dir='ltr'><strong>sunt]</strong></span> <span class='ocrx_word' id='word_1_490' title='bbox 1618 3437 1689 3476; x_wconf 90' lang='lat' dir='ltr'><strong>Ita</strong></span> <span class='ocrx_word' id='word_1_491' title='bbox 1709 3436 1848 3488; x_wconf 85' lang='lat' dir='ltr'><strong>vulgo.</strong></span> <span class='ocrx_word' id='word_1_492' title='bbox 1892 3436 1988 3478; x_wconf 85' lang='lat' dir='ltr'><strong>Vox</strong></span> <span class='ocrx_word' id='word_1_493' title='bbox 2010 3441 2174 3490; x_wconf 71' lang='lat' dir='ltr'><strong>puerilis</strong></span> 
     </span>
     <span class='ocr_line' id='line_1_102' title="bbox 1299 3500 2172 3552; baseline 0.002 -9"><span class='ocrx_word' id='word_1_494' title='bbox 1299 3505 1342 3543; x_wconf 92' lang='lat' dir='ltr'><strong>in</strong></span> <span class='ocrx_word' id='word_1_495' title='bbox 1382 3501 1623 3542; x_wconf 80' lang='lat' dir='ltr'><strong>Caucliiano</strong></span> <span class='ocrx_word' id='word_1_496' title='bbox 1653 3500 1883 3552; x_wconf 85' lang='lat' dir='ltr'><strong>omittitur,</strong></span> <span class='ocrx_word' id='word_1_497' title='bbox 1916 3513 1995 3543; x_wconf 87' lang='lat' dir='ltr'><strong>nec</strong></span> <span class='ocrx_word' id='word_1_498' title='bbox 2042 3503 2172 3544; x_wconf 80' lang='lat' dir='ltr'><strong>babet</strong></span> 
     </span>
    </p>
   </div>
  </div>
 </body>
</html>
