2288 3990
328 254 437 307 940

327 384 466 424 Solvit
486 384 653 425 Lubens
671 386 862 437 Merito,'
885 392 932 426 ut
964 387 1043 426 hoc
1062 386 1204 426 obiter

324 447 614 499 imperitorum
638 461 785 488 caussa
805 449 1015 500 adjiciam.
1055 449 1176 498 Pigk.

377 510 537 550 Sabaziz‘
580 511 713 562 Jovis]
771 512 938 551 Nomen
987 513 1205 563 generale,

325 573 437 625 quod
458 581 502 612 et
523 574 693 613 Baccho
714 574 938 614 tributum.
968 575 1120 614 Strabo
1135 574 1204 614 lib.

325 647 371 675 x·
401 636 614 676 Diodorus
634 637 798 676 Siculus
826 637 900 677 lib.
935 648 1000 677 tv.
1029 638 1206 689 Stepha-

324 709 420 748 nnS,
454 698 526 738 ubi
556 699 610 738 de
636 699 773 739 Sabis.
818 698 1119 752 Aristophanis
1138 701 1205 739 In·

325 765 492 812 terpres
514 761 557 800 in
578 762 748 812 vespis,
767 762 837 814 qui
853 771 995 803 monet
1014 763 1062 803 τὸ
1081 761 1206 809 σαβά-

324 821 416 871 ζειν,
455 822 552 873 εὗάζ
550 838 605 863 ειν
625 822 733 877 εἶναι,
770 825 835 866 καὶ
861 825 932 866 τὸν
951 827 1119 877 εὐασμὸν
1136 840 1205 867 σοι·

322 884 491 936 βασμόν.
546 887 655 926 Mihi
682 892 821 928 tamen
841 891 986 942 potius
1005 888 1206 942 σαβάζειν,

322 951 438 1002 quasi
471 947 655 999 σεβάζειν
685 949 836 991 fuerit.
885 951 1099 992 Arnobius
1130 954 1203 992 lib.

323 1023 389 1054 ιν.
417 1014 429 1035 ‘
444 1015 572 1053 Sacra
591 1019 636 1053 et
652 1013 909 1054 initiationis
929 1016 1035 1056 ritus
1054 1016 1205 1067 quibus

323 1076 509 1117 Sabaziis
539 1088 693 1116 nomen
722 1076 819 1116 est)
849 1079 1020 1117 Colerus.
1075 1077 1161 1117 Sed
1182 1090 1206 1116 a

327 1140 424 1179 Deo
452 1140 641 1180 Sebaoth
671 1140 779 1180 illud
808 1152 963 1181 nomen
1001 1141 1206 1193 originem

327 1203 514 1254 accepit.
545 1203 662 1256 Thys.

379 1267 402 1317 ᾧ
432 1269 455 1305 3
484 1266 626 1318 Isidis]
669 1265 750 1305 Isis
787 1271 832 1306 et
870 1267 1000 1307 Ceres
1042 1266 1208 1306 eadem·

326 1328 455 1367 Ceres
472 1333 614 1368 autem
633 1331 751 1381 Σῖρις,
780 1330 852 1381 qui
885 1331 1023 1370 Nilus.
1079 1329 1207 1369 Unde

323 1391 552 1441 Dionysius
590 1391 695 1431 Afer
731 1392 786 1431 de
824 1391 954 1431 Nilo:
1011 1393 1114 1443 Σῖρις
1145 1391 1206 1429 ὑπ’

323 1451 511 1492 Αἰθιόπων
549 1452 817 1500 κικλήσκεται.
886 1453 1015 1494 >Nilus
1064 1458 1207 1493 autem

323 1513 524 1554 friunenti
538 1515 716 1567 largitor
731 1515 1084 1567 foecundissimus,
1097 1519 1166 1569 qui
1183 1531 1207 1557 a

326 1582 475 1618 ‘'lli't’lv
491 1594 568 1634 per
580 1584 918 1623 contractionem
933 1585 1036 1624 Siris
1050 1585 1210 1634 dictus,

324 1644 370 1684 id
387 1651 467 1695 est,
485 1648 614 1698 niger,
629 1646 741 1685 unde
756 1652 802 1686 et
817 1647 935 1686 Melo
951 1648 1207 1698 appellatus.

327 1707 578 1761 Eademque
612 1722 694 1749 vox
731 1710 772 1748 in
805 1709 1015 1761 Serapide
1047 1710 1206 1750 latitat.

331 1771 464 1812 Quasi
481 1771 598 1811 dicas
620 1772 785 1823 nigrum
808 1773 976 1814 bovem.
1031 1773 1098 1812 De
1118 1774 1207 1825 ejus

336 1836 469 1875 sacris
486 1835 605 1875 alias.
639 1836 753 1887 Tluys.

362 1932 365 1937 ,
381 1898 502 1937 Isidis
516 1903 552 1938 et
565 1899 787 1951 Serapidis]
823 1900 893 1938 Dii
912 1899 1115 1952 AEgyptii,
1130 1901 1207 1940 sed

330 1961 436 2001 culti
457 1962 555 2000 olim
579 1963 740 2002 Romae.
795 1963 922 2004 Quod
943 1965 1080 2003 Varro
1100 1964 1209 2003 indi-

327 2031 397 2065 cat
413 2031 454 2064 et
475 2026 666 2076 exagitat
682 2027 832 2077 opinor
844 2026 1004 2078 aliquot
1021 2028 1142 2075 locis,
1156 2028 1210 2066 de

327 2088 451 2139 Ling.
475 2089 568 2127 Lat.
592 2088 664 2128 lib.
687 2100 748 2127 iv.
780 2090 791 2110 ‘
807 2089 887 2128 Isis
908 2095 953 2128 et
971 2089 1211 2141 Harpocra-

329 2159 394 2192 tes
425 2152 559 2203 digito
592 2151 663 2205 qui
699 2151 944 2203 significant
981 2152 1066 2192 'st.’
1094 2154 1213 2193 Idem

329 2216 670 2255 Eumenidibusz
698 2218 708 2238 ‘
729 2217 786 2261 Et
820 2216 1032 2256 medicina
1065 2218 1216 2269 Serapi

331 2279 473 2318 Utor.'
521 2280 578 2318 Et
595 2279 726 2319 alibi:
754 2281 766 2299 ‘
785 2279 954 2331 Hospes
970 2280 1070 2333 quid
1087 2280 1216 2319 miras

333 2342 476 2381 animo
496 2354 648 2381 curare
668 2343 921 2393 Seraphim?
951 2344 1064 2384 Quid
1096 2343 1214 2394 qnasi

331 2416 415 2443 non
480 2410 603 2444 curet
661 2406 869 2445 tantidem
924 2405 1215 2446 Aristoteles!

331 2467 599 2518 Augustinus
650 2469 721 2507 De
760 2468 947 2508 Civitate
995 2470 1097 2520 Dei,
1144 2470 1216 2509 lib.

333 2539 470 2569 xvlu.
493 2541 588 2580 cap.
608 2534 648 2568 5.
692 2530 704 2550 ‘
722 2529 832 2569 Aras
850 2531 1000 2569 horum
1021 2533 1215 2570 Deorum

332 2592 504 2642 penitus
539 2596 787 2630 everterunt
819 2592 922 2630 Piso
943 2598 988 2631 et
1010 2592 1216 2632 Gabinius

334 2652 474 2693 Coss?
527 2653 818 2692 Tertullianus
856 2653 1042 2705 Apolog.
1061 2667 1158 2705 cap.
1178 2659 1217 2695 6.

334 2716 625 2769 ‘Serapidem,
645 2716 817 2767 Isidem,
837 2724 881 2756 et
900 2717 1217 2768 Harpocratem

335 2791 432 2820 cum
458 2792 532 2819 suo
564 2780 866 2831 Cynocephalo
886 2781 1103 2832 Capitolio
1123 2793 1218 2832 pro-

333 2843 491 2884 hibitos
521 2841 685 2893 inferri,
714 2842 755 2882 id
778 2850 860 2893 est,
890 2844 1008 2882 curia
1030 2845 1217 2883 Deorum

334 2907 496 2958 pulsos,
517 2906 620 2945 Piso
659 2912 702 2945 et
742 2905 950 2945 Gabinius
989 2908 1105 2946 Coss.
1136 2919 1219 2946 non

337 2970 485 3021 utique
523 2969 772 3020 Christiani,
808 2970 968 3008 eversis
988 2971 1117 3008 etiam
1138 2971 1221 3009 aris

338 3044 488 3072 eorum
525 3031 852 3081 abdicaverunt,
884 3035 1071 3082 turpium
1093 3038 1137 3072 et
1155 3046 1220 3071 su·

339 3095 640 3147 perstitiouum
659 3094 889 3134 otiosarum
908 3094 1014 3133 vitia
1025 3096 1226 3134 cohiben-

341 3160 440 3200 tes.’
492 3160 666 3199 Servius
700 3158 752 3198 ad
784 3158 887 3198 illud
925 3160 1091 3199 AEneid.
1122 3171 1222 3200 vni.

344 3225 356 3246 ⁴
376 3223 748 3274 Omnigenumque
780 3223 923 3262 Deum
957 3228 1149 3262 monstra
1180 3229 1225 3261 et

339 3289 519 3330 latrator
581 3284 776 3325 Anubis.'
831 3285 938 3324 Ideo
986 3286 998 3307 ‘
1015 3284 1223 3324 monstra’

343 3350 471 3397 dixit,
502 3349 602 3401 quia
629 3348 709 3388 sub
725 3346 924 3398 Augusto
942 3348 1122 3387 necdum
1144 3350 1225 3388 Ro-

343 3413 458 3452 mani
506 3412 708 3465 AEgyptia
765 3423 884 3452 saera
937 3416 1226 3465 susceperant.

350 3475 479 3517 Coler.

905 271 1080 309 No'rAE
1126 270 1455 311 VARIORUM
1499 272 1563 310 IN

1322 387 1543 440 Serapidis]
1588 389 1681 429 Nisi
1719 389 1826 442 Apis
1862 390 2002 430 cultus
2035 392 2144 432 anti·

1267 455 1390 505 quior
1417 461 1545 503 esset,
1574 466 1656 494 non
1678 457 1734 494 ita
1757 467 1909 495 vanum
1929 462 2045 495 esset
2064 457 2143 496 hoe

1267 518 1435 557 nomine
1468 517 1703 569 Josephum
1742 519 1916 558 cultum.
1973 519 2144 573 Quippe

1266 591 1442 631 magnus
1481 582 1655 633 AEgypti
1694 580 1888 633 Σιτάρχος
1923 586 1969 622 et
2002 582 2147 621 AEdilis

1268 642 1359 682 fuit.
1405 643 1549 695 Atque
1580 645 1676 685 hinc
1703 645 1910 696 colligunt
1939 644 2148 694 Ruffinus,

1266 704 1407 746 Julius
1439 706 1663 757 Firnucus,
1698 707 1886 757 Pierius,
1917 707 2146 758 Baronius,

1267 767 1502 818 Josephum
1535 769 1613 808 sub
1644 770 1812 809 nomine
1844 768 2062 819 Serapidis
2095 781 2146 809 ac

1269 830 1453 870 Osiridis
1493 831 1547 871 ab
1584 831 1796 883 AEgyptiis
1816 831 1980 870 cultum
1999 829 2148 871 fuisse.

1270 892 1407 945 quue
1429 899 1567 946 patet,
1585 899 1674 933 tum
1695 906 1750 933 ex
1768 893 1938 933 nomine
1959 894 2147 945 Serapis,

1269 958 1382 1009 quod
1401 958 1413 982 ‘
1428 958 1580 998 bovem
1595 958 1607 976 '
1624 963 1745 998 notat
1762 971 1774 1007 ;
1804 962 1895 997 tum
1910 969 1963 997 ex
1977 957 2148 998 nomine

1269 1022 1281 1043 ⁴
1298 1019 1496 1072 Arsaph‚’
1530 1033 1632 1074 quo,
1651 1026 1764 1061 teste
1784 1021 2032 1071 Plutarcho,
2050 1020 2149 1060 Osi-

1272 1083 1328 1122 ris
1347 1084 1602 1135 vocabatur,
1637 1084 1722 1124 levi
1742 1083 2075 1124 commutatione
2094 1095 2150 1123 ex

1272 1147 1283 1168 ‘
1300 1146 1463 1198 Joseph
1478 1146 1489 1163 ’
1510 1145 1642 1196 facta,
1662 1151 1751 1186 tum
1769 1158 1824 1185 ex
1845 1145 2151 1198 Hieroglyphi-

1271 1207 1349 1259 cis,
1400 1209 1552 1260 quibus
1597 1207 1815 1249 osiridem
1853 1208 2152 1259 designabant,

1272 1276 1379 1321 puta
1410 1270 1543 1321 figura
1581 1271 1702 1311 bovis
1735 1282 1811 1311 seu
1848 1271 1988 1321 vituli,
2038 1271 2151 1311 notis

1271 1333 1407 1372 Lunae
1429 1339 1474 1373 et
1493 1333 1604 1372 Solis
1621 1333 1834 1384 insigniti:
1867 1333 1969 1373 item
1980 1333 2154 1385 juveni·

1270 1395 1472 1435 imberbis
1491 1408 1587 1436 cum
1607 1396 1748 1436 modio
1768 1401 1814 1436 et
1834 1395 2006 1437 calatho
2025 1397 2067 1436 in
2087 1409 2158 1437 ca·

1272 1458 1378 1509 pite.
1435 1459 1543 1500 Quae
1563 1459 1606 1498 in
1621 1458 1871 1511 Josephnm,
1887 1459 2062 1512 ejusque
2081 1460 2153 1501 bo-

1272 1533 1346 1560 ves
1376 1527 1420 1560 et
1456 1522 1613 1574 spicas,
1641 1528 1686 1562 et
1713 1528 1906 1574 aetatem,
1930 1528 1976 1562 et
2005 1522 2154 1562 Astro-

1270 1583 1395 1635 logiae
1413 1585 1625 1635 peritiam,
1640 1585 1693 1624 ad
1709 1585 1906 1624 amussim
1923 1585 2153 1637 quadrant.

1269 1646 1554 1687 Subscribunt
1591 1648 1787 1688 Clemens
1822 1647 2155 1699 Alexandrinus,

1271 1706 1551 1759 Augustinus,
1568 1709 1606 1749 A
1625 1709 1802 1761 Lapide,
1823 1713 1868 1749 et
1886 1708 2153 1750 Bonfrerius.

1277 1771 1455 1812 Tirinus.
2042 1784 2045 1787 ’

1326 1833 1551 1885 Praetexta]
1583 1834 1918 1886 Magistratuum
1940 1841 2056 1887 toga,
2087 1836 2156 1876 cni

1274 1908 1463 1948 purpura
1483 1898 1823 1949 praetexebatur.

1335 1961 1444 2001 CAP.
1477 1972 1539 2001 lv.
1593 1962 1616 2012 ᾧ
1648 1966 1664 2001 l
1700 1962 1751 2001 L.
1793 1962 2027 2014 Tarquinius
2043 1961 2156 2013 Rex]

1278 2023 1374 2063 Hoc
1410 2025 1503 2063 loco
1536 2024 1687 2075 incipit
1720 2030 1852 2076 caput
1880 2026 1928 2064 'de
1945 2025 2164 2076 Auspiciis,

1278 2088 1577 2138 praecedentia
1597 2089 1711 2128 enim
1731 2091 1947 2141 exempla,
1977 2095 2025 2129 ut
2054 2090 2160 2138 dixi,

1277 2156 1476 2201 spectant
1514 2151 1614 2201 alio,
1642 2151 1886 2204 docentque
1923 2151 2162 2203 alienigena

1278 2225 1402 2252 sacra
1423 2214 1463 2252 in
1487 2213 1595 2253 bene
1633 2214 1880 2253 constitutis
1911 2214 2161 2253 civitatibus

1278 2275 1546 2315 admittenda
1565 2289 1647 2315 non
1666 2289 1775 2317 esse.
1809 2277 1992 2327 Pighius.

1332 2341 1382 2379 L.
1419 2341 1670 2392 Tarquinius]
1699 2342 1765 2380 De
1799 2341 1879 2381 hoc
1911 2341 2005 2383 Liv.
2038 2353 2071 2382 1.
2104 2341 2159 2381 ab

1279 2403 1400 2443 Urbe
1434 2405 1632 2443 condita:
1662 2405 1673 2425 ‘
1691 2405 1756 2444 Ex
1776 2403 1856 2454 ea,’
1887 2404 2044 2456 inquit,
2072 2405 2161 2453 ‘re,

1278 2466 1464 2515 auguriis
1483 2465 1816 2517 sacerdotioque
1835 2478 2044 2516 augurum
2070 2472 2162 2506 tan-

1281 2535 1349 2568 tus
1370 2530 1500 2567 honos
1520 2529 1719 2576 arcessit,
1755 2533 1801 2567 ut
1829 2528 1932 2566 nihil
1953 2527 2066 2567 bello
2084 2528 2159 2568 do-

1280 2591 1420 2642 mique
1451 2596 1602 2641 postea
1636 2590 1716 2628 nisi
1749 2591 1972 2642 auspicato
1994 2602 2162 2642 gerere-

1282 2659 1350 2692 tur
1367 2667 1378 2693 :
1393 2653 1574 2692 concilia
1594 2653 1756 2704 populi,
1776 2653 1992 2692 exercitus
2008 2654 2166 2703 vocati,

1282 2727 1447 2755 summa
1476 2727 1632 2763 rerum,
1661 2716 1728 2755 ubi
1750 2727 1850 2754 aves
1869 2727 1951 2755 non
1973 2715 2164 2756 admisis-

1283 2784 1395 2830 sent,
1419 2778 1736 2830 dirimerentur,
1774 2791 1917 2831 neque
1938 2786 2040 2820 tunc
2056 2780 2162 2820 Tar-

1283 2844 1449 2896 quinius
1483 2844 1537 2883 de
1576 2843 1766 2895 equitum
1805 2843 2010 2884 centuriis
2046 2846 2164 2897 quic-

1283 2919 1407 2959 quam
1430 2905 1638 2955 mutavit,'
1658 2909 1741 2946 &c.
1769 2906 1937 2946 Badius.
1975 2946 1980 2951 ,

1342 2971 1560 3022 Centuriis]
1590 2970 1807 3009 Centuriae
1828 2975 1916 3010 tres
1932 2975 2072 3022 erant,
2084 2971 2165 3012 Ta-

1288 3033 1464 3084 tienses,
1509 3033 1819 3084 Rhamnenses,
1871 3038 1918 3073 et
1963 3034 2164 3074 Luceres.

1285 3099 1437 3138 Tribus
1449 3097 1685 3148 appellavit
1695 3098 1829 3136 Varro
1840 3103 1882 3136 et
1895 3097 2168 3150 Plutarchus,

1287 3168 1440 3201 contra
1458 3161 1604 3201 Livius
1621 3166 1666 3201 et
1684 3161 1768 3201 alii.
1823 3162 1906 3201 Sed
1925 3161 2068 3212 potuit
2093 3174 2167 3213 po-

1289 3225 1410 3275 pulus
1430 3224 1471 3262 in
1493 3229 1578 3263 tres
1598 3223 1756 3262 divisus
1776 3222 1907 3263 fnisse
1934 3229 2093 3275 partem
2122 3230 2168 3264 et

1289 3299 1343 3326 ex
1363 3286 1413 3325 iis
1444 3285 1591 3324 itidem
1623 3285 1843 3325 centua-im.
1899 3285 2123 3324 Tutienses
2143 3297 2168 3324 a

1288 3349 1386 3388 Tito
1403 3348 1526 3388 Tatio
1546 3347 1668 3398 dicti,
1698 3347 1809 3387 unde
1830 3352 1876 3387 et
1895 3360 1922 3388 a
1943 3348 2168 3400 praenomi-

1289 3423 1344 3450 ne
1363 3410 1576 3449 Titienses
1594 3408 1753 3459 Plinio,
1781 3407 1918 3460 Livio,
1945 3410 2170 3461 Pompeio.

1294 3471 1502 3516 Rhamnes
1539 3485 1564 3512 a
1600 3471 1779 3512 Romulo
1811 3471 2022 3525 derivare,
2051 3473 2170 3525 inep-
