2346 3996
594 283 858 347 vALnRu
904 305 1148 344 ΜΑΧιΜι
1191 306 1445 345 1,113.v11.
1485 307 1619 346 cAP.
1647 293 1699 346 3.

237 431 347 473 sciat
362 442 374 480 ;
390 429 507 470 vivet
527 438 696 480 semper
707 426 749 466 in
764 424 1013 478 pectoribus
1028 424 1118 464 illo-

235 511 328 539 rum
363 496 565 552 quicquid
585 495 699 536 istuc
720 506 912 548 praesens
932 492 1116 533 necessi-

236 569 302 603 tas
320 560 573 614 injunxerit,
601 572 740 613 neque
764 571 837 600 eos
856 564 957 599 ante
976 557 1119 597 multi·

235 627 372 678 plices
402 637 549 678 poenas
583 625 801 676 expetitas
829 637 855 664 a
880 623 1006 663 nobis
1026 622 1117 674 qui-

233 701 382 731 escere
400 690 528 730 sinet.
565 688 636 729 Ita
655 688 750 730 Liv.
770 689 845 729 lib.
866 700 932 728 xx.
965 688 1116 727 Oliver.

290 754 485 794 Furculas
515 753 734 805 Caudinas]
781 752 820 793 A
850 751 1014 793 Caudio
1044 764 1116 803 op·

233 818 336 871 pido
369 818 524 860 dictas.
582 819 735 860 Furcas
769 817 986 869 caudinas]
1030 815 1115 857 An-

233 881 396 935 gustias
438 881 662 934 montium,
709 881 823 922 unde
871 881 989 922 exire
1031 893 1115 921 non

235 953 455 999 poterant.

284 1010 458 1062 Jugum]
492 1010 655 1052 Hastas
690 1016 796 1062 nesi,
821 1009 926 1050 duas
946 1015 1115 1050 erectas

232 1079 279 1114 et
297 1087 424 1116 unam
453 1080 738 1116 transversam
768 1074 811 1114 in
838 1072 1018 1115 formam
1040 1086 1115 1127 pa-

232 1139 372 1180 tibuli.

284 1203 397 1243 cu.
419 1214 492 1244 111.
549 1203 639 1245 Ser.
665 1202 812 1255 Tullio]
843 1203 1038 1256 Contigit
1061 1203 1114 1245 A.

233 1263 289 1308 U.
307 1276 374 1306 cc.
393 1266 585 1307 circiter.

286 1331 600 1383 Magnitudinis]
648 1333 755 1373 Fixa
782 1344 862 1384 per
880 1333 1038 1373 multas
1058 1345 1114 1373 ae·

230 1397 344 1444 tates
363 1407 522 1436 cornua
541 1396 584 1436 in
608 1397 822 1438 vestibulo
843 1396 992 1448 templi
1014 1397 1114 1436 Dia-

233 1469 299 1500 11oe
319 1465 641 1500 monumentum
668 1461 708 1501 ei
738 1459 879 1513 fuere,
905 1461 1115 1501 miraculo

230 1519 392 1562 habita.
423 1523 532 1563 otio.

284 1585 559 1627 Auentiniensi
602 1587 768 1640 Dianae]
834 1588 969 1641 Cujus
1006 1593 1113 1629 tem-

232 1648 350 1700 plum
370 1655 464 1690 erat
484 1650 527 1690 in
546 1649 767 1692 Aventino
792 1658 953 1693 monte.

285 1712 447 1753 Summa
470 1714 753 1767 festinatione]
795 1715 885 1756 Aut
918 1716 1015 1769 quia
1040 1728 1114 1756 cu-

230 1776 356 1828 pidus
375 1784 468 1818 erat
487 1778 585 1828 talis
605 1787 804 1831 eventus,
838 1786 913 1821 aut
939 1793 992 1820 ne
1020 1794 1113 1821 ora·

229 1840 373 1881 culum
412 1842 507 1883 aliis
549 1843 861 1895 innotesceret,
897 1852 944 1887 et
982 1859 1113 1888 vacca

229 1903 311 1945 sibi
330 1907 655 1958 praeriperetur.
684 1909 855 1951 Badius.

283 1969 530 2021 Religionem
562 1972 710 2025 hospiti
738 1974 896 2027 intulit]
942 1976 1110 2017 Metam

211 2034 465 2087 religioni&
498 2047 557 2076 ne
601 2037 744 2077 Deam
783 2036 1039 2092 offenderet,
1076 2042 1113 2081 si

228 2111 323 2139 eam
353 2099 484 2140 illotis
517 2101 712 2142 manibus
737 2101 993 2146 immolaret.
1025 2106 1111 2146 Oli-

229 2175 314 2205 ver.

285 2228 415 2273 Quam
430 2229 614 2279 proxima
631 2242 672 2270 se
687 2242 790 2282 aqua
807 2230 1011 2284 abluisset]
1042 2234 1111 2274 Ita

226 2291 367 2342 vulgo.
425 2292 476 2332 In
509 2291 668 2334 Atreb.
697 2294 920 2345 proximam
943 2310 1111 2349 a‹1uam;

226 2354 447 2396 mendose.
505 2354 558 2396 In
595 2357 712 2397 aliis:
758 2359 942 2410 proxima
977 2374 1113 2402 manus

226 2431 346 2471 aqua.
417 2420 578 2460 Verum
623 2421 865 2464 rectissime
917 2425 960 2465 in
999 2427 1112 2468 cau-

226 2482 413 2523 chiano:
458 2484 633 2536 proximi
662 2488 792 2526 amnis
834 2500 950 2540 aqua.
1022 2491 1113 2531 De-

223 2547 395 2588 scendit
412 2548 560 2601 itaque
588 2562 641 2590 ex
673 2548 891 2591 Aventino
920 2551 975 2592 ad
1007 2554 1111 2595 vici-

225 2623 327 2652 num
346 2611 514 2653 Tiberis
544 2614 729 2665 alveum,
756 2621 805 2655 ut
831 2628 877 2655 se
898 2617 1111 2661 ablueret.

226 2675 354 2717 Quod
389 2675 530 2729 ipsum
565 2678 710 2718 Livius
740 2691 911 2733 quoque
939 2682 1108 2725 scribit.

226 2737 348 2790 Pigh.

225 2844 230 2848 ,
277 2804 302 2855 §
328 2806 356 2843 2
387 2804 475 2850 Quo
504 2804 550 2844 in
577 2806 743 2860 genere]
786 2808 930 2850 Livius
967 2810 1038 2852 lib.
1073 2823 1107 2852 1.

218 2866 232 2887 ⁴
249 2865 709 2922 Portentum,'inquit‚
727 2873 740 2893 ‘
758 2873 954 2915 terribile
974 2875 1108 2916 visum

223 2930 269 2969 in
288 2931 425 2983 regia.
479 2931 645 2985 Anguis
664 2946 719 2974 ex
747 2938 946 2978 columna
962 2939 1108 2991 lignea

223 2993 412 3046 elapsus,
444 3007 540 3035 cum
570 3003 779 3040 terrorem
808 3013 859 3042 ac
882 3001 1027 3055 fugam
1045 3004 1107 3044 fe·

220 3057 352 3098 cisset
371 3057 415 3098 in
437 3059 614 3112 regiam,
634 3061 768 3114 ipsius
788 3066 900 3118 regis
917 3078 1002 3107 non
1018 3073 1107 3109 tam

222 3119 365 3161 subito
398 3133 559 3175 pavore
582 3126 768 3176 perculit
790 3134 959 3181 pectus,
979 3142 1106 3183 quam

222 3184 360 3227 anxiis
397 3185 593 3239 implevit
629 3190 760 3230 curis.
818 3191 973 3245 Itaque
1008 3206 1106 3235 cum

221 3247 276 3288 ad
293 3248 471 3302 publica
489 3251 688 3304 prodigia
709 3253 916 3297 Hetrusci
935 3262 1104 3300 tantum

219 3316 341 3352 vates
355 3312 678 3369 adhiberentur,
692 3317 770 3359 hoc
787 3320 922 3360 veluti
938 3321 1104 3363 domes-

220 3373 310 3415 tico
329 3378 562 3419 exterritus
582 3380 674 3421 visu
695 3382 890 3435 Delphos
910 3384 965 3425 ad
984 3398 1104 3426 max-

219 3436 305 3477 ime
322 3437 530 3491 inclytum
550 3442 592 3482 in
613 3445 740 3485 terris
766 3449 984 3489 oraculum
1004 3451 1104 3491 mit·

220 3505 313 3541 tere
332 3504 499 3546 statuit.
528 3506 682 3560 Neque
697 3522 905 3563 responsa
923 3516 1102 3556 sortium

222 3566 297 3607 ulli
315 3566 387 3607 alii
405 3569 676 3612 committere
694 3584 837 3627 ausus,
868 3577 972 3618 duos
993 3578 1103 3620 filios

1927 292 2068 346 1259

1185 436 1263 476 per
1301 425 1469 476 ignotas
1509 438 1562 465 ea
1607 427 1868 476 tempestate
1913 429 2069 477 terras,

1182 489 1401 540 ignotiora
1429 490 1579 541 maria,
1614 490 1658 529 in
1688 488 1905 529 Graeciam
1934 490 2066 529 misit.

1180 553 1301 593 Titus
1330 560 1374 594 et
1394 553 1536 594 Aruns
1574 553 1792 606 profecti;
1827 565 1969 593 comes
2002 553 2066 593 his

1182 617 1355 657 additus
1385 618 1433 658 L.
1457 618 1611 660 Junius
1635 619 1816 667 Brutus,
1835 617 2068 670 Tarquinia

1181 692 1327 720 sorore
1376 682 1489 732 regis
1535 687 1679 731 natus,
1717 680 1891 733 juvenis
1939 682 2068 733 longe

1181 747 1288 787 alius
1320 747 1512 798 ingenio,
1544 760 1672 800 quam
1692 747 1813 799 cujus
1832 746 2068 787 simulatio-

1179 822 1277 850 nem
1306 810 1522 852 induerat.
1579 811 1624 851 Is
1659 823 1755 851 cum
1772 812 1989 864 'primores
2008 812 2067 852 ci·

1180 873 1348 924 vitatis,
1382 874 1425 913 in
1466 875 1618 926 quibus
1654 874 1831 916 fratrem
1861 888 1981 914 suum
2012 875 2066 915 ab

1179 938 1391 978 avunculo
1408 937 1684 978 interfectum
1714 939 1906 988 vidisset,
1927 951 2067 992 neque

1179 1000 1222 1041 in
1233 1001 1374 1042 animo
1385 1013 1462 1042 suo
1471 1001 1702 1055 quicquam
1712 1004 1803 1054 regi
1817 1002 2069 1052 timendum,

1178 1077 1318 1118 neque
1367 1066 1412 1106 in
1455 1065 1630 1107 fortuna
1674 1067 2067 1119 concupiscendum

1179 1130 1424 1184 relinquere
1445 1131 1617 1180 statuit,
1643 1136 1980 1184 contemptuque
2000 1136 2068 1170 tu-

1181 1200 1250 1235 tus
1271 1207 1381 1247 esse,
1405 1195 1479 1235 ubi
1514 1196 1672 1247 injure
1695 1207 1845 1247 parum
1875 1195 2070 1247 praesidii

1179 1264 1309 1299 esset.
1367 1260 1483 1312 Ergo
1521 1271 1576 1299 ex
1607 1259 1818 1299 industria
1848 1258 1990 1300 factus
2013 1259 2067 1299 ad

1179 1323 1465 1365 imitationem
1485 1323 1699 1375 stultitiae,
1721 1336 1818 1364 cum
1840 1335 1885 1364 se
1905 1336 2068 1377 suaque

1179 1387 1340 1440 praedae
1360 1400 1456 1428 esse
1482 1388 1571 1438 regi
1602 1388 1781 1438 sineret,
1810 1389 1938 1428 Bruti
1966 1401 2068 1441 quo-

1177 1466 1260 1506 que
1294 1452 1409 1493 haud
1443 1452 1596 1492 abnuit
1624 1464 1882 1504 cognomen,
1912 1457 1960 1491 ut
1988 1450 2067 1491 sub

1177 1518 1272 1568 ejus
1319 1517 1499 1557 obtentu
1546 1515 1811 1568 cognominis
1863 1515 2069 1556 liberator

1177 1583 1250 1623 ille
1271 1596 1372 1636 pop.
1394 1583 1576 1624 Romani
1602 1584 1769 1623 animus
1802 1583 1944 1630 latens
1966 1595 2068 1634 ape-

1178 1649 1339 1693 riretur
1359 1653 1554 1700 tempore
1574 1660 1667 1687 suo.
1725 1647 1769 1686 Is
1800 1653 1889 1687 tum
1911 1659 1935 1685 a
1959 1648 2067 1686 Τατ-

1177 1713 1334 1766 quiniis
1371 1713 1529 1753 ductus
1575 1711 1790 1763 Delphos,
1830 1711 2064 1750 ludibrium

1175 1777 1317 1818 verius
1338 1789 1464 1831 quam
1483 1788 1641 1828 comes,
1657 1788 1834 1817 aureum
1853 1774 2069 1824 baculum,

1177 1843 1388 1884 inclusum
1425 1854 1585 1884 corneo
1634 1846 1788 1881 cavato
1825 1840 1879 1880 ad
1917 1839 1961 1879 id
1995 1839 2066 1879 ba-

1176 1908 1289 1959 culo,
1319 1907 1468 1947 tulisse
1489 1906 1647 1947 donum
1667 1904 1861 1957 Apollini
1886 1904 2065 1954 dicitur,

1176 1983 1256 2024 per
1291 1971 1495 2024 ambages
1538 1969 1728 2023 effigiem
1778 1969 1941 2022 ingenii
1986 1969 2066 2009 sui.

1175 2036 1274 2079 Quo
1304 2041 1531 2089 postquam
1555 2041 1732 2074 ventum
1754 2039 1838 2085 est,
1856 2032 2066 2087 perfectis

1175 2102 1311 2154 patris
1331 2101 1562 2152 mandatis,
1588 2100 1747 2152 cupido
1767 2100 1948 2140 incessit
1975 2098 2066 2138 ani-

1174 2178 1268 2206 mos
1292 2166 1503 2218 juvenum
1543 2164 1808 2216 sciscitandi,
1845 2164 1899 2204 ad
1937 2175 2065 2217 quem

1175 2242 1323 2270 eorum
1345 2242 1526 2282 regnum
1561 2229 1805 2269 Romanum
1826 2234 1942 2269 esset
1964 2240 2067 2268 ven·

1175 2300 1334 2335 turum.
1388 2295 1455 2333 Ex
1487 2292 1634 2333 infimo
1651 2305 1784 2345 specu
1798 2305 1950 2333 vocem
1967 2292 2065 2332 red-

1174 2357 1309 2398 ditam
1351 2356 1529 2397 ferunt:
1581 2357 1815 2409 Imperium
1853 2369 2064 2396 summum

1175 2423 1328 2463 Romae
1343 2422 1535 2472 habebit,
1547 2422 1620 2474 qui
1637 2427 1826 2462 vestrum
1842 2422 2022 2473 primus,
2038 2433 2064 2461 o

1167 2487 1368 2540 juvenes,
1389 2487 1579 2527 osculum
1601 2487 1728 2526 matri
1751 2486 1914 2526 tulerit.
1937 2485 1946 2492 ”
1960 2487 2065 2526 Tar-

1174 2550 1325 2603 quinii,
1354 2556 1403 2591 ut
1420 2550 1593 2601 Sextus,
1620 2550 1694 2602 qui
1716 2550 1864 2590 Romae
1883 2550 2063 2590 relictus

1172 2614 1328 2666 fuerat,
1366 2615 1542 2666 ignarus
1575 2613 1785 2665 responsi,
1821 2625 2062 2666 expersque

1172 2677 1343 2730 imperii
1364 2683 1498 2728 esset,
1518 2689 1609 2716 rem
1637 2688 1801 2716 summa
1820 2688 1903 2728 ope
1925 2677 2063 2717 taceri

1164 2743 1347 2795 jubent;
1375 2741 1459 2794 ipsi
1477 2742 1593 2782 inter
1613 2753 1675 2793 se,
1690 2747 1789 2781 uter
1808 2741 1943 2793 prior,
1963 2754 2061 2782 cum

1171 2809 1350 2849 Romam
1393 2806 1646 2855 rediissent,
1691 2806 1819 2846 matri
1866 2807 2060 2847 osculum

1170 2872 1311 2923 daret,
1333 2871 1440 2912 sorti
1467 2871 1741 2923 permittunt.
1798 2871 1960 2911 Brutus
1977 2872 2059 2912 alio

1171 2941 1290 2976 ratus
1309 2942 1510 2989 spectare
1539 2935 1767 2988 Pythicam
1794 2948 1959 2988 vocem,
1989 2948 2060 2976 ve-

1169 3002 1236 3041 lut
1272 3001 1308 3040 si
1342 3001 1571 3053 prolapsus
1615 2999 1861 3051 cecidisset,
1898 3005 2058 3039 terram

1169 3067 1318 3107 osculo
1338 3066 1536 3120 contigit,
1555 3064 1725 3105 scilicet
1746 3064 1858 3117 quod
1878 3076 1930 3104 ea
1946 3076 2058 3103 com-

1169 3131 1309 3171 munis
1341 3137 1483 3171 mater
1510 3130 1700 3170 omnium
1729 3129 1974 3169 mortalium
1992 3139 2058 3167 es-

1169 3195 1267 3236 set!
1309 3195 1462 3236 Oliver.

1222 3258 1420 3310 Indolem]
1448 3258 1634 3298 Florem.

1222 3322 1442 3374 Infestis]
1468 3322 1522 3362 In
1558 3320 1697 3368 libris,
1728 3320 1771 3359 in
1798 3318 1950 3371 quibus
1983 3331 2054 3358 an-

1166 3399 1253 3428 nua
1273 3392 1396 3440 gesta
1429 3384 1808 3433 describebantur,
1832 3388 1877 3422 et
1905 3394 2053 3423 omnes

1166 3452 1456 3504 magistratus.
1491 3449 1598 3488 Oliv.

1221 3517 1244 3567 ς
1273 3519 1298 3555 3
1329 3514 1548 3554 Remittere
1579 3523 1620 3550 se
1648 3507 1799 3560 Scipio]
1826 3508 1933 3547 Tum
1964 3506 2054 3546 Sci·

1167 3579 1240 3632 pio
1283 3576 1516 3619 renuntiari
1561 3573 1643 3614 sibi
1683 3572 1808 3623 dixit,
1842 3574 2050 3624 quosdam
