2288 3990
384 285 524 338 1008

382 417 555 469 plenum
569 416 726 457 Valerii
741 426 905 456 sensum
921 412 1087 453 restitui
1105 423 1244 463 posse,

379 481 413 520 si
431 481 619 532 legamus
636 494 646 519 ι
677 481 782 519 Idem
794 477 983 530 preestilit
996 477 1061 515 ille
1080 476 1241 520 Fabius,

377 544 446 595 qui
465 557 487 582 a
505 543 650 583 Senatu
671 545 818 592 legatus
834 543 883 579 ad
885 540 1018 592 filium
1041 539 1243 579 Consulem

379 606 555 645 Suessam
572 606 719 644 missus.
771 603 911 655 Atque
941 615 992 642 eo
1011 602 1135 641 modo
1154 603 1194 640 V
1198 615 1240 640 a-

375 669 524 709 lerium
546 668 598 707 de
619 669 671 708 Q.
693 666 824 706 Fabio
846 666 1102 705 Verrucosso
1122 664 1240 716 loqui

377 731 674 779 intelligemus,
693 730 780 780 qui,
811 733 858 767 ut
892 727 1025 768 refert
1045 730 1149 768 item
1172 727 1239 767 Li-

378 793 481 844 vius,
502 793 587 832 filio
607 792 778 832 Consuli
811 792 976 842 legatus
994 793 1044 830 ad
1065 792 1237 831 Suessu-

373 855 453 895 lam
478 855 523 894 in
543 860 682 894 castra
702 855 819 894 venit
838 855 949 894 bello
977 854 1143 893 Punico
1169 866 1236 894 se-

373 918 524 958 cundo.
580 919 705 958 Prior
725 924 865 958 autem
882 919 935 959 Q.
959 918 1112 957 Fabius
1135 918 1234 956 Rul-

369 982 502 1021 lianus
523 984 765 1033 octuaginta
782 982 952 1021 circiter
967 981 1087 1020 annis
1108 986 1234 1020 antea

368 1044 453 1085 filio
483 1045 654 1085 Consuli
692 1045 821 1084 Fabio
853 1043 1029 1102 Gurgiti*
1069 1043 1233 1094 legatus

366 1108 506 1148 fuerat
523 1108 636 1148 bello
655 1108 900 1158 Samnitico,
930 1107 1043 1146 velut
1070 1118 1122 1145 ex
1145 1105 1232 1147 An-

364 1171 527 1210 nalibus
547 1177 713 1211 constat
732 1172 868 1211 latius.
896 1171 1079 1221 Pighius

417 1233 615 1285 Suessam]
650 1233 768 1274 Infra
786 1234 978 1273 Teanum
996 1245 1140 1273 versus
1160 1246 1230 1273 oc-

364 1309 505 1336 casum
524 1298 635 1337 Solis
664 1298 828 1338 hiberni
856 1303 922 1337 est
955 1299 1110 1338 Suessa
1138 1299 1230 1349 opi-

364 1359 477 1411 dum,
506 1361 750 1411 cognomine
783 1361 987 1401 Aurunca
1018 1362 1106 1401 sive
1143 1360 1229 1401 Au-

360 1435 579 1463 runcorum
597 1437 608 1472 ;
639 1425 690 1462 ad
712 1424 936 1465 discrimen
954 1425 1121 1465 Suessae.
1142 1425 1229 1465 Po-

358 1486 500 1526 metiae
535 1486 622 1526 sive
653 1487 972 1539 Pometiorum;
1003 1502 1097 1542 quae
1134 1494 1228 1529 erat

362 1550 404 1589 in
435 1550 618 1591 Volscis.
691 1550 752 1591 At
783 1553 881 1604 quia
912 1553 985 1592 illa
1027 1553 1226 1592 Pometia

355 1614 445 1664 jam
466 1614 564 1654 inde
581 1614 633 1655 ab
651 1615 879 1668 Tarquinio
893 1616 1084 1667 Superbo
1104 1628 1225 1656 ever-

362 1690 423 1724 sa,
443 1679 691 1731 plerumque
718 1680 811 1719 haec
840 1681 882 1719 iu
902 1680 1114 1721 Auruncis
1131 1682 1226 1721 sim-

357 1742 527 1792 pliciter
564 1742 808 1783 auctoribus
846 1743 1002 1784 dicitur
1051 1745 1221 1795 Suessa,

353 1805 448 1844 sine
495 1806 755 1858 cognomine.
837 1806 1001 1848 Plinius
1037 1809 1109 1848 lib.
1147 1821 1220 1849 111.

356 1881 452 1920 cap.
498 1873 537 1909 5.
607 1872 618 1892 ‘
654 1870 774 1910 Intus
820 1872 998 1919 colonia,
1048 1873 1221 1924 Capuae,

354 1931 581 1986 Aquinum,
597 1933 767 1985 Suessa,
785 1934 1050 1975 Venafrum!
1093 1936 1220 1976 Silius

353 1995 546 2036 lib.v111.
598 1998 734 2049 ‘Nec,
766 2004 911 2038 monte
947 1999 1094 2039 nivoso
1133 1999 1220 2039 De-

354 2059 578 2111 scendens,
596 2059 727 2100 Atina
755 2061 904 2102 aberat
925 2077 934 2101 t
976 2063 1218 2116 detritaque

353 2121 477 2162 bellis
510 2123 689 2173 Suessa;
721 2131 850 2178 atque
873 2139 896 2165 a
914 2126 1019 2167 duro
1038 2127 1218 2167 Frusino

350 2186 459 2226 haud
482 2187 661 2227 imbellis
683 2188 853 2229 aratro.'
875 2189 1107 2243 Antiquam
1129 2190 1218 2243 epi-

351 2262 566 2302 gramma:
601 2251 613 2273 ⁴
636 2252 719 2291 Hic
739 2265 850 2292 nunc
872 2255 1111 2305 Campanas
1130 2267 1217 2294 mo-

349 2314 526 2355 derator
557 2315 755 2356 sublevat
781 2317 939 2370 urbeis,
960 2318 1086 2358 Unde
1114 2331 1216 2370 ergo

348 2385 393 2418 et
421 2380 566 2431 populi
592 2385 774 2420 statuam
794 2383 987 2422 tribuere
1016 2383 1214 2424 Suessa-l

346 2442 485 2494 Vulgo
518 2455 630 2484 nunc
658 2450 836 2484 vocatur
854 2446 980 2486 Sessa.
1035 2447 1102 2487 De
1134 2448 1215 2488 ori-

348 2505 445 2555 gine
477 2506 569 2556 ejus
602 2507 662 2546 ita
699 2508 842 2548 Livius
877 2510 950 2550 lib.
972 2522 1074 2552 v111.
1131 2513 1143 2534 ‘
1166 2512 1214 2552 C.

347 2569 536 2621 Sulpicio
570 2571 729 2623 Longo,
758 2573 810 2614 P.
830 2574 937 2614 AElio
967 2576 1089 2615 Paeto
1118 2588 1216 2616 con·

346 2631 519 2683 sufibus,
539 2632 647 2673 inter
676 2634 883 2675 Sidicinos
904 2636 1214 2692 Auruncosque

347 2695 504 2735 benum
542 2703 693 2739 ortum.
748 2697 939 2739 Aurunci
970 2703 1066 2743 aT.
1092 2705 1215 2742 Mau-

344 2757 401 2798 lio
441 2759 623 2799 Consule
659 2761 702 2799 in
739 2762 995 2804 deditionem
1030 2767 1213 2818 accepti,

345 2822 450 2861 nihil
476 2823 631 2862 deinde
670 2833 914 2867 moverant:
955 2841 1004 2868 eo
1035 2830 1213 2880 petendi

345 2887 488 2926 auxilii
510 2900 532 2926 a
555 2888 756 2928 Romanis
777 2903 903 2930 causa
927 2892 1090 2943 justior
1117 2894 1212 2934 fuit.

345 2949 431 2989 Sed
472 2951 712 3003 priusquam
761 2954 967 2994 Consules
1009 2957 1061 2996 ab
1093 2959 1211 2998 Urbe

342 3011 578 3052 exercitum
600 3013 846 3067 educerent,
870 3015 982 3057 fama
1001 3019 1211 3070 adfertur,

341 3074 566 3116 Auruncos
597 3083 714 3116 metu
747 3078 916 3128 opidum
949 3080 1211 3132 deseruisse3

342 3136 626 3191 profugosque
647 3151 741 3179 cum
771 3142 1022 3193 conjugibus
1041 3158 1089 3185 ac
1109 3147 1211 3186 libe·

342 3201 400 3240 ris
418 3201 616 3241 Suessam
647 3205 942 3255 communisse,
977 3220 1066 3258 quae
1097 3221 1210 3249 nunc

343 3262 545 3304 Aurunca
581 3265 812 3317 adpellata,
847 3270 998 3307 moenia
1041 3273 1212 3323 antiqua

342 3336 488 3364 eorum
501 3327 732 3379 urbemque
749 3341 772 3367 a
783 3329 980 3369 Sidicinis
995 3331 1210 3375 deletam.'

345 3389 498 3429 Cluver.
554 3391 633 3430 Est
665 3396 709 3431 et
740 3392 941 3434 Suessula
960 3408 1042 3435 non
1065 3400 1211 3450 procul

342 3451 396 3491 ab
416 3452 602 3494 Acerris.

399 3514 574 3567 Officium
592 3517 718 3570 suum]
742 3518 792 3559 Id
814 3526 894 3573 est,
908 3521 988 3562 sibi
1008 3524 1118 3574 patri
1134 3536 1208 3566 ex-

958 295 1133 334 NOTAE
1173 293 1247 331 VA
1260 291 1503 332 RIORUM
1545 292 1610 331 IN

1305 411 1548 452 hibendum.

1359 476 1493 514 Extra
1519 475 1700 526 oppidum
1726 477 1972 529 processisse,
1989 477 2172 530 indigna-

1302 540 1367 575 tus
1383 539 1480 588 quod
1514 550 1564 577 ex
1592 538 1797 580 lictoribus
1829 552 1895 581 xl.
1927 553 2052 593 nemo,
2081 543 2171 595 dc]

1302 599 1373 638 Ita
1388 600 1429 638 in
1450 600 1558 640 Mss.
1576 601 1741 642 melius.
1758 603 1926 654 Vulgo:
1959 605 2092 646 Extra
2110 619 2180 658 op·

1295 661 1434 711 pidum
1482 664 1723 716 processisse,
1767 666 1994 717 indignatus
2025 679 2173 721 quoque

1299 726 1397 775 quod
1425 737 1476 764 ex
1502 726 1699 767 lictoribus
1716 740 1838 768 nemo.
1894 731 2006 771 Nam
2027 731 2080 774 de
2101 744 2176 772 nu-

1298 799 1415 827 mero
1458 788 1652 829 lictorum
1713 791 1844 832 etiam
1886 793 2033 833 Livius
2077 794 2174 835 ita:

1295 850 1308 872 ‘
1326 850 1497 891 Praeter
1529 853 1728 895 undecim
1764 853 1903 895 fasces
1926 867 2035 908 equo
2063 868 2173 908 prae-

1296 919 1447 953 vectus
1475 927 1620 968 senex,
1649 924 1697 957 ut
1725 918 1953 958 Consulem
1985 919 2173 960 animad-

1297 982 1467 1017 vertere
1503 980 1739 1030 proximum
1775 980 1974 1022 lictorem
2010 980 2174 1033 jussit,’

1295 1042 1377 1081 ὅτε.
1433 1042 1519 1081 Vix
1547 1044 1772 1096 quicquam
1803 1044 1969 1096 dubito,
1997 1044 2098 1097 quin
2118 1056 2186 1084 ex-

1295 1103 1416 1143 Livio
1447 1105 1644 1146 Valerius
1675 1107 1765 1147 haec
1811 1107 1935 1147 anibo
1973 1109 2172 1160 exempla

1295 1165 1600 1219 desumpserit,
1621 1169 1698 1209 sed
1733 1169 1849 1222 prius
1875 1169 1930 1209 de
1961 1170 2015 1212 Q.
2035 1171 2170 1211 Fabio

1293 1229 1495 1270 Rulliano
1517 1232 1722 1282 temporis
1743 1232 1897 1283 injuria
1921 1244 2016 1272 cum
2039 1233 2169 1273 unde-

1293 1291 1402 1331 cimo
1422 1294 1530 1333 libro
1560 1295 1747 1335 historiae
1783 1295 1972 1336 Livianae
1999 1296 2172 1338 interci-

1292 1354 1371 1395 dit.
1395 1356 1579 1406 Pighius.

1343 1418 1583 1472 Appareret]
1624 1422 1794 1462 Praesto
1827 1421 2028 1475 adesset;
2070 1437 2169 1472 nam

1291 1483 1303 1505 ‘
1326 1485 1568 1535 apparere,'
1586 1485 1698 1526 inter
1718 1486 1816 1538 alia,
1836 1487 1847 1508 ‘
1865 1493 2026 1538 praesto
2045 1489 2170 1530 ades·

1290 1550 1347 1586 se’
1367 1559 1537 1601 quoque
1557 1548 1785 1599 significat.
1841 1549 1968 1591 Unde
2001 1551 2014 1574 ‘
2034 1563 2166 1604 appa-

1289 1610 1472 1651 ritores’
1528 1611 1635 1652 dicti
1687 1619 1920 1665 praetorum
1963 1614 2164 1656 ministris.

1291 1675 1442 1716 Oliver.

1339 1740 1401 1791 §2
1421 1740 1575 1780 Relatis
1579 1740 1798 1793 fabiorum]
1817 1741 1983 1793 Vulgo:
2005 1741 2162 1782 Relatis

1287 1803 1338 1849 Q.
1356 1803 1478 1843 Fabii
1495 1805 1688 1846 laudibus.

1341 1867 1572 1919 Tarentum]
1619 1869 1802 1909 Florus:
1850 1867 1863 1891 ‘
1894 1868 2123 1920 Tarentus,
2146 1867 2160 1887 '

1281 1930 1433 1983 inquit,
1497 1932 1509 1952 ‘
1540 1931 1670 1971 etiam
1737 1927 2158 1972 Lacedaemoniorum

1281 2005 1403 2045 opus,
1424 1993 1636 2034 Calabriae
1657 1993 1885 2046 quondam,
1905 1999 1951 2034 et
1982 1993 2157 2047 Ap-uliae

1281 2056 1498 2109 totiusque
1511 2058 1711 2097 Lucaniae
1728 2063 1974 2110 caput,cum
1990 2058 2155 2110 magni-

1281 2119 1429 2160 tudine
1450 2126 1495 2160 et
1511 2121 1642 2160 muris
1663 2128 1879 2173 portuque
1897 2120 2048 2172 nobili,
2064 2127 2155 2162 tum

1280 2183 1482 2224 mirabilis
1510 2185 1620 2234 situ;
1651 2186 1813 2238 quippe
1834 2185 1876 2224 in
1905 2185 2007 2237 ipsis
2030 2185 2160 2226 Adri-

1279 2246 1383 2288 atici
1423 2246 1550 2287 maris
1580 2246 1773 2287 faucibus
1807 2248 1964 2299 posita,
1984 2249 2028 2288 in
2063 2247 2158 2288 orus

1277 2312 1460 2360 nostras,
1496 2310 1722 2363 Histriam,
1770 2311 2009 2364 Illyricum,
2044 2313 2149 2364 Epi-

1277 2387 1385 2426 rum,
1422 2374 1643 2425 Achaiam,
1698 2373 1907 2427 Afr1cam,
1962 2375 2152 2416 Siciliam

1277 2439 1374 2479 vela
1410 2438 1603 2479 dimittit.
1673 2439 1875 2479 Imminet
1913 2440 2057 2491 portui
2098 2439 2153 2480 ad

1277 2509 1551 2554 prospectum
1600 2503 1729 2543 maris
1782 2503 1967 2555 positum
2010 2503 2150 2555 majus

1278 2567 1507 2618 theatrum,
1530 2568 1641 2619 quod
1663 2566 1834 2620 quidem
1860 2578 1988 2607 causa
2023 2568 2148 2608 mise·

1281 2643 1339 2671 rae
1378 2631 1545 2671 civitati
1587 2630 1672 2672 fuit
1709 2633 1892 2672 omnium
1928 2631 2148 2673 calamita-

1280 2701 1383 2735 tum.
1414 2695 1556 2735 Ludos
1586 2694 1699 2736 forte
1733 2695 2030 2747 celebrabant,
2055 2708 2151 2736 cum

1277 2758 1614 2811 adremigantem
1645 2760 1765 2800 litori
1796 2761 2030 2801 Romanam
2049 2762 2156 2801 clas-

1275 2835 1365 2863 sem
1396 2822 1495 2864 inde
1530 2823 1692 2875 vident,
1722 2821 1852 2877 atque
1882 2825 2047 2865 hostem
2070 2825 2170 2865 rati·

1275 2887 1480 2937 emicant,
1525 2888 1616 2927 sine
1654 2888 1899 2928 discrimine
1932 2889 2152 2928 insultant.

1275 2951 1360 2993 Qui
1380 2952 1508 3001 enim,
1528 2958 1602 2991 aut
1634 2951 1761 3003 unde,
1790 2951 2000 2992 Romani?
2057 2952 2153 2992 Nec

1274 3013 1392 3054 satis.
1446 3013 1613 3055 Aderat
1651 3016 1743 3055 sine
1781 3028 1895 3055 mora
1934 3017 2154 3068 querelam

1273 3077 1462 3119 inferens
1481 3080 1667 3132 legati03
1704 3082 1812 3123 hanc
1835 3093 2006 3135 quoque
2033 3080 2151 3139 foede

1274 3154 1350 3194 per
1367 3142 1612 3184 obscoenam
1635 3147 1889 3198 turpemque
1909 3146 2030 3186 dictu
2051 3155 2152 3186 eon-

1275 3207 1493 3247 tumeliam
1512 3208 1688 3250 violant.
1727 3209 1842 3250 Hinc
1867 3209 2036 3251 bellum.
2064 3211 2150 3251 Sed

1272 3278 1506 3322 apparatus
1535 3273 1764 3325 horribilis,
1793 3286 1923 3326 quum
1943 3279 2008 3315 tot
2028 3276 2151 3316 simul

1273 3334 1420 3385 populi
1451 3347 1528 3386 pro
1560 3335 1806 3374 Tarentinis
1827 3344 2150 3388 consurgerent,

1273 3398 1550 3451 omnibusque
1591 3399 1882 3440 vehementior
1928 3400 2151 3454 Pyrrhus,'

1272 3466 1351 3502 διο.

1328 3525 1556 3578 Tarentum]
1586 3526 1793 3570 Calabriae
1814 3528 1907 3571 haec
1921 3529 2010 3572 sive
2030 3540 2148 3584 mag·
