2346 3996
347 273 490 328 1352

354 406 426 458 qui
463 405 542 447 sibi
574 404 819 458 imperatori
849 406 1071 458 designato
1104 418 1227 460 cape·

356 474 455 509 rent
504 469 758 520 exercitum,
804 469 1015 521 indignati
1058 471 1232 520 milites,

357 528 468 584 quod
489 544 514 571 a
530 531 705 572 consule
725 532 778 572 ad
793 532 1004 573 hominem
1020 534 1228 586 privatum

356 595 573 635 transituri
594 599 752 642 essent,
782 596 1024 638 Gratidium
1043 598 1230 651 legatum

357 656 693 699 trucidaverunt.
725 658 876 698 Oliver.

413 722 481 773 §2
513 721 587 760 Cn.
606 721 806 773 Pompeii]
838 723 948 763 Sunt
981 723 1054 776 qui
1085 723 1233 765 dicant

354 785 465 824 hunc
500 783 632 824 fuisse
661 785 742 826 Cn.
774 786 1029 839 Pompeium
1062 788 1235 830 Strabo-

356 859 470 895 nem,
488 847 639 899 Magni
657 847 859 900 Pompeii
871 854 1052 901 patrem.
1080 852 1205 892 Idem.

412 910 645 963 Sacrificare
659 910 931 964 incipientem]
962 913 1035 953 Nil
1054 914 1133 955 nisi
1149 915 1234 967 pri-

356 986 406 1014 us
443 971 633 1027 peractis
669 976 817 1026 sacris,
841 977 1063 1030 captisque
1096 979 1234 1030 auspi·

357 1036 453 1089 ciis,
479 1037 660 1078 Romani
686 1038 860 1090 publice
881 1040 1107 1091 gerebant.
1163 1042 1235 1082 De

357 1112 475 1141 more
495 1100 624 1152 igitur
642 1102 882 1143 exercitum
897 1110 1154 1155 accepturus
1172 1116 1235 1144 sa-

360 1162 599 1204 crificabat.
627 1165 753 1206 Idem.

418 1229 469 1267 In
489 1229 640 1269 modum
656 1228 794 1268 hostire
811 1229 1096 1280 mactaverunt]
1126 1229 1237 1271 Quia

363 1290 417 1331 ad
436 1303 545 1332 ειη-33.

416 1357 438 1408 §
471 1359 496 1395 3
527 1355 602 1397 Ille
635 1368 781 1407 quoque
815 1356 1029 1408 exercitus]
1058 1356 1157 1396 Hoc
1193 1356 1238 1397 in

360 1416 510 1459 Africa
527 1417 660 1459 fuisse
679 1419 917 1471 conjicitur.

416 1482 527 1522 CAP.
543 1493 646 1522 vm.
668 1483 921 1523 Temeritatis
938 1483 1057 1524 etiam
1074 1484 1134 1523 ita
1148 1483 1238 1523 sub-

358 1544 428 1594 iti,
459 1549 505 1585 ut
534 1546 775 1586 vehementes
808 1552 900 1586 sunt
927 1547 1135 1600 impulsus]
1169 1547 1240 1588 Ita

359 1607 506 1659 vulgo.
561 1609 846 1660 Manuscripti
861 1609 1032 1649 codices
1050 1610 1236 1651 habent:

368 1670 619 1711 Temeritatis
635 1672 754 1712 etiam
772 1677 810 1712 et
828 1673 965 1724 subiti,
984 1678 1024 1714 et
1042 1675 1240 1715 vehemen-

362 1738 422 1775 tes
438 1739 528 1774 sunt
547 1735 749 1786 impulsus.
777 1736 904 1788 Pigh.

417 1799 440 1850 ξ
461 1801 482 1837 1
516 1800 583 1838 Ex
597 1799 816 1851 Hispania]
835 1801 954 1841 Tunc
968 1806 1065 1842 erat
1079 1802 1120 1841 in
1138 1802 1240 1843 His·

362 1861 491 1914 pania
504 1862 664 1914 Scipio,
680 1875 776 1903 cum
789 1863 880 1915 jam
895 1865 1036 1906 animo
1054 1866 1107 1906 ad
1126 1866 1242 1906 inva-

363 1924 548 1965 dendam
583 1925 884 1977 Carthaginem
922 1926 1105 1979 adjecto,
1133 1928 1242 1969 vidit

365 1987 591 2039 plurimum
626 1988 831 2028 momenti
859 1988 914 2029 ad
943 1979 1166 2031 {rictoriam
1196 1992 1240 2031 in

364 2050 561 2102 Syphace
579 2063 674 2091 esse
693 2052 944 2105 repositum,
963 2066 1088 2105 quem
1104 2054 1184 2095 sibi
1197 2061 1242 2095 et

364 2125 466 2167 pop.
504 2113 631 2155 Rom.
663 2119 713 2155 ut
741 2116 920 2155 amicum
947 2115 1128 2169 faceret,
1157 2130 1242 2159 non

365 2177 581 2218 dubitavit
598 2189 688 2218 rem
706 2189 858 2230 magno
883 2179 1075 2230 periculo
1093 2193 1243 2234 aggre-

366 2242 424 2287 di,
455 2253 586 2295 seque
603 2241 657 2282 ad
673 2254 819 2295 regem
838 2243 1080 2297 barbarum,
1100 2245 1243 2288 dubiae

365 2304 467 2347 fidei
485 2308 717 2359 hominem,
741 2321 837 2350 cum
858 2309 1021 2350 duabus
1041 2310 1245 2364 quinque-

367 2370 556 2411 remibus
576 2370 800 2422 conferre3
826 2371 902 2412 ubi
922 2385 1071 2426 parum
1089 2373 1245 2425 abfuit,

367 2432 470 2484 quin
490 2432 546 2473 ab
560 2434 754 2476 hostibus
771 2434 1121 2488 interciperetur,
1140 2450 1246 2490 quo-

364 2495 479 2536 niam
510 2497 662 2538 eodem
695 2503 893 2551 tempore
922 2504 969 2540 et
996 2500 1247 2542 Hasdrubal

367 2558 601 2600 Poenorum
646 2560 734 2602 dux
776 2561 831 2602 ad
874 2563 1059 2604 eundem
1098 2577 1246 2617 regem

367 2636 490 2663 suum
526 2637 698 2666 cursum
728 2624 906 2677 faciens,
935 2639 1032 2667 cum
1059 2628 1247 2682 quinque

369 2686 615 2728 triremibus
636 2690 846 2730 Romanas
862 2703 994 2731 naves
1013 2704 1150 2744 prope
1167 2692 1248 2732 cir-

370 2751 606 2803 cumvenit,
626 2752 701 2792 sed
720 2754 820 2806 quia
846 2753 899 2794 iis
927 2760 1056 2794 vento
1084 2744 1248 2806 priores

376 2812 556 2853 Romani
576 2819 748 2865 portum
769 2815 996 2867 intrarent,
1027 2816 1172 2856 hostes
1204 2816 1247 2856 in

371 2876 641 2928 regioiportu
669 2877 823 2919 hostile
853 2878 1083 2931 quicquam
1110 2880 1249 2920 moliri

363 2951 454 2980 ¹non
474 2946 576 2981 sunt
594 2942 701 2982 ausi.
741 2941 848 2982 ociv.

426 3003 565 3056 Itaque
583 3004 727 3056 exig-uo
741 3009 932 3045 momento
950 3005 1134 3045 maximoe
1150 3007 1249 3059 reip.

371 3080 481 3108 casus
500 3069 724 3123 fluctuatus
755 3073 832 3119 est,
858 3074 992 3110 utrum
1009 3069 1252 3124 interfector,

375 3147 428 3174 on
446 3136 623 3187 captivus
649 3135 786 3188 Scipio
803 3135 995 3188 Syphacis
1009 3135 1152 3189 fieret]
1179 3136 1251 3177 Ita

374 3199 518 3251 uulgo.
573 3201 712 3242 Locus
744 3205 813 3241 est
845 3200 968 3240 valde
1001 3206 1250 3252 corruptus,

373 3273 499 3315 quem
519 3275 543 3302 e
563 3261 877 3304 Pulmanninno
908 3267 1039 3316 atque
1062 3261 1251 3304 'Susiano

374 3334 608 3382 utcumque
627 3329 888 3381 corrigemus
905 3341 917 3369 ε
948 3339 973 3368 e
992 3326 1144 3381 quibus
1166 3327 1252 3380 pri·

375 3404 488 3432 mum
517 3393 580 3434 ita
611 3392 838 3444 legendum
859 3391 1082 3432 existimo:
1113 3391 1253 3443 Itaque

377 3457 522 3508 exiguo
540 3460 731 3497 momento
748 3455 932 3496 maxime
949 3454 1009 3495 rei
1026 3466 1138 3495 casus
1145 3455 1252 3507 fluc-

376 3522 518 3562 tuavit.
566 3519 740 3562 Deinde
757 3519 965 3574 reliquum
984 3519 1045 3561 ita
1064 3518 1253 3572 produnt

917 287 1095 328 NOTAE
1135 288 1466 329 VARIORUM
1510 292 1575 331 ΙΝ

1284 409 1373 460 jam
1410 408 1514 450 dicti
1551 409 1678 450 libri:
1725 414 1857 450 utrum
1891 411 2080 464 captivus,
2114 425 2169 454 an

1290 474 1415 513 victor
1451 471 1643 524 Syphacis
1693 474 1826 524 Scipio
1864 474 1998 527 fieret.
2055 476 2165 517 Quae

1292 535 1462 586 quidem
1485 535 1617 575 verba
1651 538 1832 576 multum
1865 537 2115 590 discrepant
2142 550 2168 578 a

1292 597 1465 647 vulgata
1499 597 1702 649 lectione,
1733 611 1836 639 vero
1870 604 2013 639 tamen
2042 612 2168 640 sensu

1293 659 1543 709 praevalent.
1599 660 1700 700 Non
1731 660 1843 701 enim
1869 662 2016 714 Scipio
2036 662 2168 703 inter-

1290 721 1431 763 sector
1441 723 1662 774 Syphacis,
1677 737 1800 776 quem
1809 726 2166 779 captivum,post·

1294 797 1345 825 ea
1364 786 1405 825 in
1425 799 1598 827 carcere
1617 794 1832 828 mortuum
1859 788 2054 830 scribunt
2080 802 2170 830 orn·

1292 861 1384 890 nes.
1410 851 1533 900 Pigh.

1352 912 1494 951 Utrum
1541 911 1788 964 interfector]
1832 912 1885 952 In
1924 912 2170 954 discrimine

1292 974 1390 1021 fuit,
1410 981 1550 1015 utrum
1580 975 1786 1026 Syphacis
1814 973 2088 1026 interfector,
2115 987 2171 1014 an

1295 1038 1490 1090 captivus
1508 1037 1675 1081 futurus
1703 1044 1818 1079 esset
1844 1038 2006 1091 Scipio.
2063 1040 2171 1079 Gum

1295 1101 1408 1140 enim
1428 1101 1544 1153 apud
1577 1113 1719 1153 regern
1750 1107 1884 1154 esset,
1905 1101 2174 1155 eundemque

1294 1162 1521 1203 barbarum
1542 1169 1587 1204 et
1602 1163 1796 1215 infidum,
1811 1163 1940 1204 facile
1960 1176 2037 1204 rex
2053 1164 2173 1204 illum

1297 1226 1494 1266 detinere
1514 1227 1728 1278 potuisset
1754 1227 1989 1279 captivum.
2045 1227 2173 1270 Quod

1300 1290 1335 1329 si
1365 1288 1555 1342 fecisset,
1571 1302 1596 1330 a
1621 1290 1822 1341 Scipione
1851 1302 2067 1344 nunquam
2085 1291 2173 1331 vic-

1299 1360 1386 1404 tus,
1403 1358 1447 1394 et
1467 1353 1510 1394 in
1531 1353 1790 1406 triumphum
1819 1354 1975 1395 ductus
2006 1353 2175 1395 fuisset.

1301 1419 1408 1459 Otiv.
2117 1451 2119 1453 .

1353 1484 1421 1535 §2
1447 1484 1542 1522 Jam
1566 1484 1614 1522 C'.
1637 1481 1828 1534 Coesaris]
1856 1481 2113 1522 Plutarchus
2132 1482 2176 1523 in

1299 1544 1390 1585 vita
1419 1545 1632 1585 Caesaris:
1671 1549 1683 1568 ‘
1700 1543 1876 1596 Caesar,'
1904 1543 2060 1597 inquit,
2087 1545 2100 1569 ⁸
2118 1544 2177 1586 A·

1306 1609 1506 1661 polloniae
1527 1608 1736 1659 residens,
1757 1608 1828 1648 ubi
1849 1619 2001 1660 purum
2035 1607 2181 1662 copia-

1300 1684 1394 1712 rum
1425 1672 1480 1712 ad
1517 1670 1823 1725 capessendam
1869 1682 2052 1723 pugnam
2098 1669 2180 1711 sibi

1302 1747 1396 1775 esse
1415 1735 1541 1785 vidit,
1571 1739 1834 1786 caeterasque
1853 1734 2001 1785 copias
2021 1745 2076 1772 ex
2091 1732 2181 1780 Ita,-

1302 1799 1358 1839 lia
1378 1799 1496 1839 lente
1518 1797 1751 1850 proficisci,
1767 1798 1810 1836 in
1839 1796 2015 1848 ancipiti
2037 1809 2180 1837 rerum

1301 1862 1616 1902 consultatione
1649 1872 1780 1913 grave
1811 1865 1858 1900 et
1895 1861 2179 1912 periculosum

1301 1928 1523 1968 consilium
1559 1926 1701 1967 inivit.
1757 1926 1869 1967 Num
1902 1938 1998 1966 cum
2034 1926 2181 1966 multis

1302 1991 1486 2032 hostium
1533 1989 1740 2030 classibus
1788 2000 1906 2029 mare
1945 1993 2180 2040 teneretur,

1302 2054 1478 2095 conscio
1523 2054 1709 2101 nemine,
1745 2064 1919 2105 parvam
1969 2063 2181 2093 remorum

1303 2116 1530 2157 duodecim
1549 2117 1749 2168 scapham
1779 2115 2011 2167 ingressus,
2043 2115 2182 2155 Brun·

1304 2179 1474 2219 dusium
1531 2179 1713 2219 transire
1761 2178 1972 2219 decrevit.
2036 2177 2182 2219 Nocte

1304 2243 1435 2296 igitur
1449 2243 1691 2284 clanculum
1706 2241 1851 2282 servili
1868 2240 2017 2282 habitu
2038 2252 2185 2282 ascen·

1306 2306 1430 2359 dens,
1448 2313 1496 2347 ut
1519 2318 1564 2346 se
1594 2304 1843 2347 vilissimum
1863 2303 2104 2357 quempiam
2123 2309 2186 2344 tn·

1307 2370 1419 2412 citus
1438 2369 1622 2422 abjecit:
1646 2368 1758 2408 Anio
1776 2366 1948 2409 finimine
1966 2367 2185 2419 navigium

1307 2434 1360 2474 ad
1380 2445 1497 2473 mare
1519 2445 1653 2486 usque
1673 2432 1859 2472 delatum
1879 2437 1962 2472 est.
2004 2431 2188 2482 Soletis,

1309 2510 1406 2538 cum
1425 2498 1638 2537 matutina
1658 2496 1852 2548 spirante
1877 2507 1982 2536 aura
2006 2493 2187 2536 fluctum

1307 2561 1438 2613 longe
1458 2560 1657 2612 repellat,
1675 2559 1791 2599 circa
1807 2558 1963 2600 ostium
1980 2558 2188 2611 tranquil-

1310 2624 1374 2664 lus
1406 2624 1540 2664 illabi.
1595 2624 1660 2663 Ea
1682 2634 1785 2663 vero
1816 2627 1944 2663 nocte
1964 2622 2113 2674 ingens
2131 2634 2187 2662 ex

1310 2692 1443 2739 ponto
1459 2692 1609 2727 ventus
1629 2684 1848 2738 perflarat,
1865 2697 1890 2724 a
1908 2697 1991 2737 quo
2021 2684 2188 2725 extinc-

1311 2756 1357 2791 ta
1374 2749 1592 2790 resederat
1612 2761 1739 2798 aura;
1769 2752 1975 2788 caeterum
1994 2759 2091 2787 cnm
2112 2747 2186 2788 ad-

1312 2828 1457 2857 versus
1477 2815 1690 2867 procellas
1704 2819 1748 2854 et
1765 2818 2067 2866 tempestatem
2078 2813 2189 2854 acri-

1310 2891 1361 2921 us
1378 2877 1536 2918 flumen
1561 2878 1837 2929 irrumperet,
1855 2876 2005 2928 ingens
2021 2877 2190 2918 attolle·

1312 2942 1438 2982 batur
1457 2942 1637 2988 sonitus,
1667 2946 1713 2981 et
1739 2939 1880 2992 rapidi
1898 2939 2192 2998 confligebant

1311 3005 1513 3046 vertices.
1585 3003 1872 3046 Quamobrem
1911 3003 2190 3055 gubernator,

1313 3076 1537 3123 postquam
1567 3069 1686 3109 nulla
1717 3068 1759 3108 vi
1792 3078 1998 3119 superare
2025 3071 2189 3118 sperat,

1312 3135 1587 3176 retrocedere
1621 3132 1789 3174 statuit.
1843 3131 2000 3183 Itaque
2028 3129 2190 3180 nautis,

1313 3205 1362 3240 ut
1381 3198 1706 3250 remigationem
1728 3196 2038 3246 permutarent,
2051 3191 2192 3244 jusse-

1313 3268 1399 3304 rat.
1426 3261 1555 3304 Quod
1574 3260 1643 3300 ubi
1665 3256 1877 3311 persensit
1896 3255 2056 3304 Cesar,
2077 3255 2190 3307 seip-

1314 3337 1406 3366 sum
1426 3323 1593 3364 detexit
1610 3335 1623 3372 3
1655 3320 1924 3374 apprehensa
1941 3317 2099 3358 deinde
2117 3330 2191 3370 gu-

1314 3386 1554 3430 bernatoris
1572 3385 1741 3435 dextra,
1755 3383 1827 3436 qui
1847 3382 1902 3422 ad
1930 3381 2025 3435 ejus
2045 3381 2193 3422 obstu-

1308 3456 1472 3506 puerat
1499 3454 1742 3502 aspectum,
1771 3447 1928 3497 Perge,
1945 3444 2100 3498 inquit,
2120 3456 2191 3484 au·

1318 3517 1469 3558 dacter
1505 3524 1653 3567 perge,
1688 3522 1766 3552 nec
1801 3509 2058 3550 extimescas
2078 3508 2193 3562 quic·
