<?xml version="1.0" encoding="UTF-8"?>
<!DOCTYPE html PUBLIC "-//W3C//DTD XHTML 1.0 Transitional//EN"
    "http://www.w3.org/TR/xhtml1/DTD/xhtml1-transitional.dtd">
<html xmlns="http://www.w3.org/1999/xhtml" xml:lang="en" lang="en">
 <head>
  <title>
</title>
<meta http-equiv="Content-Type" content="text/html;charset=utf-8" />
  <meta name='ocr-system' content='tesseract 3.04.00' />
  <meta name='ocr-capabilities' content='ocr_page ocr_carea ocr_par ocr_line ocrx_word'/>
</head>
<body>
  <div class='ocr_page' id='page_1' title='image "./factorumdictorum03valeuoft_0439.png"; bbox 0 0 2346 3996; ppageno 0'>
   <div class='ocr_carea' id='block_1_1' title="bbox 573 260 1662 316">
    <p class='ocr_par' dir='ltr' id='par_1_1' title="bbox 573 260 1662 316">
     <span class='ocr_line' id='line_1_1' title="bbox 573 260 1662 316; baseline -0.006 0"><span class='ocrx_word' id='word_1_1' title='bbox 573 272 838 316; x_wconf 67' lang='lat' dir='ltr'>VALnRu</span> <span class='ocrx_word' id='word_1_2' title='bbox 882 270 1121 310; x_wconf 76' lang='grc' dir='ltr'><strong>ΜΑΧιΜι</strong></span> <span class='ocrx_word' id='word_1_3' title='bbox 1166 273 1283 311; x_wconf 74' lang='lat' dir='ltr'>mn.</span> <span class='ocrx_word' id='word_1_4' title='bbox 1325 272 1415 311; x_wconf 81' lang='lat' dir='ltr'>1x.</span> <span class='ocrx_word' id='word_1_5' title='bbox 1453 260 1662 311; x_wconf 77' lang='lat' dir='ltr'>cAP.2.</span> 
     </span>
    </p>
   </div>
   <div class='ocr_carea' id='block_1_2' title="bbox 208 389 1116 3380">
    <p class='ocr_par' dir='ltr' id='par_1_2' title="bbox 208 389 1090 633">
     <span class='ocr_line' id='line_1_2' title="bbox 209 389 1087 450; baseline -0.018 -7"><span class='ocrx_word' id='word_1_6' title='bbox 209 405 342 443; x_wconf 80' lang='lat' dir='ltr'>tatem</span> <span class='ocrx_word' id='word_1_7' title='bbox 360 396 513 450; x_wconf 81' lang='lat' dir='ltr'>AEgina</span> <span class='ocrx_word' id='word_1_8' title='bbox 546 394 716 444; x_wconf 79' lang='lat' dir='ltr'>Piraeo3</span> <span class='ocrx_word' id='word_1_9' title='bbox 750 390 827 431; x_wconf 76' lang='lat' dir='ltr'>sed</span> <span class='ocrx_word' id='word_1_10' title='bbox 846 389 952 430; x_wconf 86' lang='lat' dir='ltr'>nihil</span> <span class='ocrx_word' id='word_1_11' title='bbox 971 389 1087 442; x_wconf 89' lang='lat' dir='ltr'>quod</span> 
     </span>
     <span class='ocr_line' id='line_1_3' title="bbox 208 453 1087 506; baseline -0.017 0"><span class='ocrx_word' id='word_1_12' title='bbox 208 463 383 506; x_wconf 85' lang='lat' dir='ltr'>crudele</span> <span class='ocrx_word' id='word_1_13' title='bbox 419 461 540 502; x_wconf 78' lang='lat' dir='ltr'>utile.</span> <span class='ocrx_word' id='word_1_14' title='bbox 606 459 687 498; x_wconf 87' lang='lat' dir='ltr'>Est</span> <span class='ocrx_word' id='word_1_15' title='bbox 721 455 835 495; x_wconf 88' lang='lat' dir='ltr'>enim</span> <span class='ocrx_word' id='word_1_16' title='bbox 872 453 1087 494; x_wconf 87' lang='lat' dir='ltr'>hominum</span> 
     </span>
     <span class='ocr_line' id='line_1_4' title="bbox 209 520 1090 579; baseline -0.014 -9"><span class='ocrx_word' id='word_1_17' title='bbox 209 534 393 578; x_wconf 80' lang='lat' dir='ltr'>natnroe,</span> <span class='ocrx_word' id='word_1_18' title='bbox 410 536 537 579; x_wconf 85' lang='lat' dir='ltr'>quam</span> <span class='ocrx_word' id='word_1_19' title='bbox 567 523 689 576; x_wconf 87' lang='lat' dir='ltr'>sequi</span> <span class='ocrx_word' id='word_1_20' title='bbox 721 520 945 571; x_wconf 88' lang='lat' dir='ltr'>debemus,</span> <span class='ocrx_word' id='word_1_21' title='bbox 973 531 1090 560; x_wconf 79' lang='lat' dir='ltr'>max·</span> 
     </span>
     <span class='ocr_line' id='line_1_5' title="bbox 213 584 928 633; baseline -0.013 -1"><span class='ocrx_word' id='word_1_22' title='bbox 213 594 297 633; x_wconf 87' lang='lat' dir='ltr'>ime</span> <span class='ocrx_word' id='word_1_23' title='bbox 314 589 488 630; x_wconf 85' lang='lat' dir='ltr'>inimica</span> <span class='ocrx_word' id='word_1_24' title='bbox 507 584 773 628; x_wconf 64' lang='lat' dir='ltr'>crudelitas!</span> <span class='ocrx_word' id='word_1_25' title='bbox 803 585 928 625; x_wconf 78' lang='lat' dir='ltr'>Idem·</span> 
     </span>
    </p>

    <p class='ocr_par' dir='ltr' id='par_1_3' title="bbox 209 648 1093 1076">
     <span class='ocr_line' id='line_1_6' title="bbox 262 648 1090 705; baseline -0.01 -10"><span class='ocrx_word' id='word_1_26' title='bbox 262 652 560 705; x_wconf 75' lang='lat' dir='ltr'>AEginensium]</span> <span class='ocrx_word' id='word_1_27' title='bbox 600 650 756 703; x_wconf 85' lang='lat' dir='ltr'>AEgina</span> <span class='ocrx_word' id='word_1_28' title='bbox 781 655 848 690; x_wconf 82' lang='lat' dir='ltr'>est</span> <span class='ocrx_word' id='word_1_29' title='bbox 876 648 1015 688; x_wconf 87' lang='lat' dir='ltr'>insula</span> <span class='ocrx_word' id='word_1_30' title='bbox 1043 652 1090 688; x_wconf 91' lang='lat' dir='ltr'>et</span> 
     </span>
     <span class='ocr_line' id='line_1_7' title="bbox 209 710 1089 770; baseline -0.01 -11"><span class='ocrx_word' id='word_1_31' title='bbox 209 717 329 768; x_wconf 83' lang='lat' dir='ltr'>urbs,</span> <span class='ocrx_word' id='word_1_32' title='bbox 348 717 392 757; x_wconf 88' lang='lat' dir='ltr'>in</span> <span class='ocrx_word' id='word_1_33' title='bbox 413 729 499 770; x_wconf 88' lang='lat' dir='ltr'>qua</span> <span class='ocrx_word' id='word_1_34' title='bbox 519 715 717 768; x_wconf 84' lang='lat' dir='ltr'>regnavit</span> <span class='ocrx_word' id='word_1_35' title='bbox 742 713 915 764; x_wconf 80' lang='lat' dir='ltr'>AEacus,</span> <span class='ocrx_word' id='word_1_36' title='bbox 937 710 992 751; x_wconf 88' lang='lat' dir='ltr'>ab</span> <span class='ocrx_word' id='word_1_37' title='bbox 1019 711 1089 751; x_wconf 75' lang='grc' dir='ltr'>ΙΕ-</span> 
     </span>
     <span class='ocr_line' id='line_1_8' title="bbox 211 775 1093 836; baseline -0.008 -14"><span class='ocrx_word' id='word_1_38' title='bbox 211 782 312 836; x_wconf 74' lang='lat' dir='ltr'>gina</span> <span class='ocrx_word' id='word_1_39' title='bbox 329 780 477 833; x_wconf 89' lang='lat' dir='ltr'>AEsopi</span> <span class='ocrx_word' id='word_1_40' title='bbox 495 780 582 820; x_wconf 85' lang='lat' dir='ltr'>filia</span> <span class='ocrx_word' id='word_1_41' title='bbox 599 778 876 820; x_wconf 81' lang='lat' dir='ltr'>denominata</span> <span class='ocrx_word' id='word_1_42' title='bbox 891 789 904 827; x_wconf 80' lang='lat'>3</span> <span class='ocrx_word' id='word_1_43' title='bbox 925 775 1002 817; x_wconf 88' lang='lat' dir='ltr'>sed</span> <span class='ocrx_word' id='word_1_44' title='bbox 1017 787 1093 816; x_wconf 83' lang='lat' dir='ltr'>an-</span> 
     </span>
     <span class='ocr_line' id='line_1_9' title="bbox 211 839 1091 896; baseline -0.009 -9"><span class='ocrx_word' id='word_1_45' title='bbox 211 852 285 887; x_wconf 88' lang='lat' dir='ltr'>tea</span> <span class='ocrx_word' id='word_1_46' title='bbox 317 844 544 886; x_wconf 81' lang='lat' dir='ltr'>dicebatur</span> <span class='ocrx_word' id='word_1_47' title='bbox 562 843 766 896; x_wconf 86' lang='lat' dir='ltr'>OEnopia,</span> <span class='ocrx_word' id='word_1_48' title='bbox 791 846 904 882; x_wconf 86' lang='lat' dir='ltr'>teste</span> <span class='ocrx_word' id='word_1_49' title='bbox 931 839 1091 881; x_wconf 87' lang='lat' dir='ltr'>Ovidio</span> 
     </span>
     <span class='ocr_line' id='line_1_10' title="bbox 213 904 1093 961; baseline -0.008 -10"><span class='ocrx_word' id='word_1_50' title='bbox 213 909 324 952; x_wconf 80' lang='lat' dir='ltr'>Met.</span> <span class='ocrx_word' id='word_1_51' title='bbox 346 920 434 950; x_wconf 84' lang='lat' dir='ltr'>vn.</span> <span class='ocrx_word' id='word_1_52' title='bbox 462 907 716 961; x_wconf 87' lang='lat' dir='ltr'>‘OEnopiam</span> <span class='ocrx_word' id='word_1_53' title='bbox 752 912 922 947; x_wconf 89' lang='lat' dir='ltr'>veteres</span> <span class='ocrx_word' id='word_1_54' title='bbox 942 904 1093 957; x_wconf 88' lang='lat' dir='ltr'>appel·</span> 
     </span>
     <span class='ocr_line' id='line_1_11' title="bbox 211 968 1093 1024; baseline -0.008 -10"><span class='ocrx_word' id='word_1_55' title='bbox 211 975 378 1023; x_wconf 81' lang='lat' dir='ltr'>lavere,</span> <span class='ocrx_word' id='word_1_56' title='bbox 395 972 472 1012; x_wconf 83' lang='lat' dir='ltr'>sed</span> <span class='ocrx_word' id='word_1_57' title='bbox 502 972 597 1024; x_wconf 87' lang='lat' dir='ltr'>ipse</span> <span class='ocrx_word' id='word_1_58' title='bbox 616 971 770 1012; x_wconf 85' lang='lat' dir='ltr'>AEacus</span> <span class='ocrx_word' id='word_1_59' title='bbox 790 968 985 1022; x_wconf 84' lang='lat' dir='ltr'>AEginam</span> <span class='ocrx_word' id='word_1_60' title='bbox 1018 979 1093 1020; x_wconf 89' lang='lat' dir='ltr'>ge-</span> 
     </span>
     <span class='ocr_line' id='line_1_12' title="bbox 213 1031 892 1076; baseline -0.007 0"><span class='ocrx_word' id='word_1_61' title='bbox 213 1034 392 1076; x_wconf 83' lang='lat' dir='ltr'>netricis</span> <span class='ocrx_word' id='word_1_62' title='bbox 410 1033 579 1075; x_wconf 88' lang='lat' dir='ltr'>nomine</span> <span class='ocrx_word' id='word_1_63' title='bbox 598 1031 739 1073; x_wconf 65' lang='lat' dir='ltr'>dixit!</span> <span class='ocrx_word' id='word_1_64' title='bbox 768 1032 892 1072; x_wconf 81' lang='lat' dir='ltr'>Idem.</span> 
     </span>
    </p>

    <p class='ocr_par' dir='ltr' id='par_1_4' title="bbox 214 1093 1100 1597">
     <span class='ocr_line' id='line_1_13' title="bbox 269 1093 1095 1149; baseline -0.008 -9"><span class='ocrx_word' id='word_1_65' title='bbox 269 1100 364 1140; x_wconf 73' lang='lat' dir='ltr'>Non</span> <span class='ocrx_word' id='word_1_66' title='bbox 380 1110 544 1149; x_wconf 70' lang='lat' dir='ltr'>agnosco</span> <span class='ocrx_word' id='word_1_67' title='bbox 562 1095 760 1148; x_wconf 71' lang='lat' dir='ltr'>Athenas]</span> <span class='ocrx_word' id='word_1_68' title='bbox 788 1096 896 1137; x_wconf 83' lang='lat' dir='ltr'>Cum</span> <span class='ocrx_word' id='word_1_69' title='bbox 916 1093 1095 1135; x_wconf 88' lang='lat' dir='ltr'>Atheni·</span> 
     </span>
     <span class='ocr_line' id='line_1_14' title="bbox 215 1158 1097 1212; baseline -0.007 -8"><span class='ocrx_word' id='word_1_70' title='bbox 215 1174 339 1204; x_wconf 87' lang='lat' dir='ltr'>enses</span> <span class='ocrx_word' id='word_1_71' title='bbox 383 1161 658 1203; x_wconf 86' lang='lat' dir='ltr'>humanitatis</span> <span class='ocrx_word' id='word_1_72' title='bbox 705 1171 877 1212; x_wconf 77' lang='lat' dir='ltr'><strong>semper</strong></span> <span class='ocrx_word' id='word_1_73' title='bbox 932 1158 1097 1199; x_wconf 84' lang='lat' dir='ltr'>fuerint</span> 
     </span>
     <span class='ocr_line' id='line_1_15' title="bbox 215 1219 1095 1280; baseline -0.007 -12"><span class='ocrx_word' id='word_1_74' title='bbox 215 1219 528 1280; x_wconf 69' lang='lat' dir='ltr'>preceptores,</span> <span class='ocrx_word' id='word_1_75' title='bbox 545 1226 709 1280; x_wconf 84' lang='lat' dir='ltr'>quippe</span> <span class='ocrx_word' id='word_1_76' title='bbox 728 1224 842 1277; x_wconf 85' lang='lat' dir='ltr'>apud</span> <span class='ocrx_word' id='word_1_77' title='bbox 862 1236 970 1277; x_wconf 88' lang='lat' dir='ltr'>quos</span> <span class='ocrx_word' id='word_1_78' title='bbox 991 1221 1095 1263; x_wconf 89' lang='lat' dir='ltr'>Phi-</span> 
     </span>
     <span class='ocr_line' id='line_1_16' title="bbox 214 1289 1098 1344; baseline -0.005 -13"><span class='ocrx_word' id='word_1_79' title='bbox 214 1291 488 1344; x_wconf 81' lang='lat' dir='ltr'>losophorum</span> <span class='ocrx_word' id='word_1_80' title='bbox 527 1295 749 1343; x_wconf 85' lang='lat' dir='ltr'>praecepta</span> <span class='ocrx_word' id='word_1_81' title='bbox 786 1289 1034 1340; x_wconf 89' lang='lat' dir='ltr'>viguerunt,</span> <span class='ocrx_word' id='word_1_82' title='bbox 1073 1300 1098 1327; x_wconf 90' lang='lat' dir='ltr'>a</span> 
     </span>
     <span class='ocr_line' id='line_1_17' title="bbox 216 1351 1099 1406; baseline -0.005 -11"><span class='ocrx_word' id='word_1_83' title='bbox 216 1353 370 1406; x_wconf 84' lang='lat' dir='ltr'>seipsis</span> <span class='ocrx_word' id='word_1_84' title='bbox 383 1354 557 1395; x_wconf 84' lang='lat' dir='ltr'>alienati</span> <span class='ocrx_word' id='word_1_85' title='bbox 571 1353 706 1393; x_wconf 84' lang='lat' dir='ltr'>fuisse</span> <span class='ocrx_word' id='word_1_86' title='bbox 720 1351 938 1404; x_wconf 88' lang='lat' dir='ltr'>videntur,</span> <span class='ocrx_word' id='word_1_87' title='bbox 952 1357 1002 1392; x_wconf 91' lang='lat' dir='ltr'>ut</span> <span class='ocrx_word' id='word_1_88' title='bbox 1016 1363 1099 1391; x_wconf 93' lang='lat' dir='ltr'>non</span> 
     </span>
     <span class='ocr_line' id='line_1_18' title="bbox 217 1416 1100 1472; baseline -0.006 -12"><span class='ocrx_word' id='word_1_89' title='bbox 217 1424 536 1472; x_wconf 83' lang='lat' dir='ltr'>cognoscantur</span> <span class='ocrx_word' id='word_1_90' title='bbox 556 1417 858 1468; x_wconf 78' lang='lat' dir='ltr'>Athenienses,</span> <span class='ocrx_word' id='word_1_91' title='bbox 874 1417 945 1470; x_wconf 91' lang='lat' dir='ltr'>qui</span> <span class='ocrx_word' id='word_1_92' title='bbox 974 1416 1100 1457; x_wconf 87' lang='lat' dir='ltr'>timo-</span> 
     </span>
     <span class='ocr_line' id='line_1_19' title="bbox 218 1481 1099 1534; baseline -0.006 -10"><span class='ocrx_word' id='word_1_93' title='bbox 218 1485 256 1524; x_wconf 91' lang='lat' dir='ltr'>ri</span> <span class='ocrx_word' id='word_1_94' title='bbox 275 1483 507 1524; x_wconf 87' lang='lat' dir='ltr'>remedium</span> <span class='ocrx_word' id='word_1_95' title='bbox 537 1495 562 1523; x_wconf 88' lang='lat' dir='ltr'>a</span> <span class='ocrx_word' id='word_1_96' title='bbox 593 1481 868 1532; x_wconf 83' lang='lat' dir='ltr'>crudelitate,</span> <span class='ocrx_word' id='word_1_97' title='bbox 895 1486 1099 1534; x_wconf 81' lang='lat' dir='ltr'>tanquam</span> 
     </span>
     <span class='ocr_line' id='line_1_20' title="bbox 219 1545 1029 1597; baseline -0.006 -8"><span class='ocrx_word' id='word_1_98' title='bbox 219 1547 413 1597; x_wconf 87' lang='lat' dir='ltr'>barbari,</span> <span class='ocrx_word' id='word_1_99' title='bbox 426 1546 610 1588; x_wconf 85' lang='lat' dir='ltr'>mutuari</span> <span class='ocrx_word' id='word_1_100' title='bbox 626 1545 871 1586; x_wconf 87' lang='lat' dir='ltr'>voluerunt.</span> <span class='ocrx_word' id='word_1_101' title='bbox 906 1545 1029 1585; x_wconf 82' lang='lat' dir='ltr'>Idem.</span> 
     </span>
    </p>

    <p class='ocr_par' dir='ltr' id='par_1_5' title="bbox 218 1609 1116 3380">
     <span class='ocr_line' id='line_1_21' title="bbox 274 1609 1099 1664; baseline -0.004 -13"><span class='ocrx_word' id='word_1_102' title='bbox 274 1612 343 1664; x_wconf 82' lang='lat'>§9</span> <span class='ocrx_word' id='word_1_103' title='bbox 369 1609 508 1651; x_wconf 71' lang='lat' dir='ltr'>Savus</span> <span class='ocrx_word' id='word_1_104' title='bbox 541 1609 681 1661; x_wconf 79' lang='lat' dir='ltr'>etiam]</span> <span class='ocrx_word' id='word_1_105' title='bbox 727 1609 872 1652; x_wconf 84' lang='lat' dir='ltr'>Quum</span> <span class='ocrx_word' id='word_1_106' title='bbox 905 1609 1099 1650; x_wconf 83' lang='lat' dir='ltr'>Phalaris</span> 
     </span>
     <span class='ocr_line' id='line_1_22' title="bbox 218 1672 1100 1727; baseline 0 -13"><span class='ocrx_word' id='word_1_107' title='bbox 218 1673 601 1727; x_wconf 79' lang='lat' dir='ltr'>Agrigentinorum</span> <span class='ocrx_word' id='word_1_108' title='bbox 620 1680 826 1726; x_wconf 84' lang='lat' dir='ltr'>tyrannus</span> <span class='ocrx_word' id='word_1_109' title='bbox 840 1672 1100 1714; x_wconf 84' lang='lat' dir='ltr'>crudelitate</span> 
     </span>
     <span class='ocr_line' id='line_1_23' title="bbox 220 1735 1100 1789; baseline -0.002 -11"><span class='ocrx_word' id='word_1_110' title='bbox 220 1737 534 1789; x_wconf 79' lang='lat' dir='ltr'>delectaretur,</span> <span class='ocrx_word' id='word_1_111' title='bbox 572 1737 760 1777; x_wconf 89' lang='lat' dir='ltr'>Perillus</span> <span class='ocrx_word' id='word_1_112' title='bbox 802 1735 1100 1788; x_wconf 84' lang='lat' dir='ltr'>Atheniensis,</span> 
     </span>
     <span class='ocr_line' id='line_1_24' title="bbox 218 1798 1102 1854; baseline -0.002 -13"><span class='ocrx_word' id='word_1_113' title='bbox 218 1801 287 1841; x_wconf 83' lang='lat' dir='ltr'>vir</span> <span class='ocrx_word' id='word_1_114' title='bbox 305 1800 568 1854; x_wconf 83' lang='lat' dir='ltr'>ingeniosus,</span> <span class='ocrx_word' id='word_1_115' title='bbox 597 1805 646 1840; x_wconf 90' lang='lat' dir='ltr'>ut</span> <span class='ocrx_word' id='word_1_116' title='bbox 681 1805 862 1851; x_wconf 80' lang='lat' dir='ltr'>tyranno</span> <span class='ocrx_word' id='word_1_117' title='bbox 883 1798 1102 1852; x_wconf 85' lang='lat' dir='ltr'>gratifica·</span> 
     </span>
     <span class='ocr_line' id='line_1_25' title="bbox 220 1862 1102 1916; baseline 0 -12"><span class='ocrx_word' id='word_1_118' title='bbox 220 1869 357 1916; x_wconf 84' lang='lat' dir='ltr'>retur,</span> <span class='ocrx_word' id='word_1_119' title='bbox 382 1864 500 1905; x_wconf 85' lang='lat' dir='ltr'>venit</span> <span class='ocrx_word' id='word_1_120' title='bbox 530 1862 834 1916; x_wconf 85' lang='lat' dir='ltr'>Agrigentum,</span> <span class='ocrx_word' id='word_1_121' title='bbox 870 1869 917 1904; x_wconf 89' lang='lat' dir='ltr'>et</span> <span class='ocrx_word' id='word_1_122' title='bbox 937 1876 991 1903; x_wconf 88' lang='lat' dir='ltr'>ex</span> <span class='ocrx_word' id='word_1_123' title='bbox 1013 1875 1102 1904; x_wconf 84' lang='lat' dir='ltr'>aere</span> 
     </span>
     <span class='ocr_line' id='line_1_26' title="bbox 221 1926 1103 1981; baseline 0 -13"><span class='ocrx_word' id='word_1_124' title='bbox 221 1933 388 1969; x_wconf 87' lang='lat' dir='ltr'>taurum</span> <span class='ocrx_word' id='word_1_125' title='bbox 425 1927 702 1969; x_wconf 86' lang='lat' dir='ltr'>artificiosum</span> <span class='ocrx_word' id='word_1_126' title='bbox 739 1926 989 1979; x_wconf 88' lang='lat' dir='ltr'>fabricavit,</span> <span class='ocrx_word' id='word_1_127' title='bbox 1018 1939 1103 1981; x_wconf 92' lang='lat' dir='ltr'>quo</span> 
     </span>
     <span class='ocr_line' id='line_1_27' title="bbox 220 1991 1104 2044; baseline 0 -12"><span class='ocrx_word' id='word_1_128' title='bbox 220 1998 425 2034; x_wconf 79' lang='lat' dir='ltr'>nocentes</span> <span class='ocrx_word' id='word_1_129' title='bbox 470 1991 640 2043; x_wconf 85' lang='lat' dir='ltr'>inclusi,</span> <span class='ocrx_word' id='word_1_130' title='bbox 684 1991 894 2043; x_wconf 88' lang='lat' dir='ltr'>subjectis</span> <span class='ocrx_word' id='word_1_131' title='bbox 932 1991 1104 2044; x_wconf 86' lang='lat' dir='ltr'>ignibus</span> 
     </span>
     <span class='ocr_line' id='line_1_28' title="bbox 220 2055 1106 2109; baseline 0.001 -13"><span class='ocrx_word' id='word_1_132' title='bbox 220 2060 543 2109; x_wconf 78' lang='lat' dir='ltr'>torquerentur,</span> <span class='ocrx_word' id='word_1_133' title='bbox 572 2055 646 2109; x_wconf 89' lang='lat' dir='ltr'>qui</span> <span class='ocrx_word' id='word_1_134' title='bbox 677 2057 905 2108; x_wconf 84' lang='lat' dir='ltr'>mugitum,</span> <span class='ocrx_word' id='word_1_135' title='bbox 938 2061 984 2097; x_wconf 90' lang='lat' dir='ltr'>et</span> <span class='ocrx_word' id='word_1_136' title='bbox 1021 2068 1106 2097; x_wconf 89' lang='lat' dir='ltr'>non</span> 
     </span>
     <span class='ocr_line' id='line_1_29' title="bbox 219 2119 1106 2172; baseline 0.001 -12"><span class='ocrx_word' id='word_1_137' title='bbox 219 2120 450 2160; x_wconf 86' lang='lat' dir='ltr'>humanam</span> <span class='ocrx_word' id='word_1_138' title='bbox 466 2131 613 2160; x_wconf 81' lang='lat' dir='ltr'>vocem</span> <span class='ocrx_word' id='word_1_139' title='bbox 627 2120 829 2161; x_wconf 85' lang='lat' dir='ltr'>emittere</span> <span class='ocrx_word' id='word_1_140' title='bbox 839 2119 1106 2172; x_wconf 88' lang='lat' dir='ltr'>viderentur,</span> 
     </span>
     <span class='ocr_line' id='line_1_30' title="bbox 222 2183 1106 2235; baseline 0.002 -12"><span class='ocrx_word' id='word_1_141' title='bbox 222 2187 274 2223; x_wconf 81' lang='lat' dir='ltr'>ut</span> <span class='ocrx_word' id='word_1_142' title='bbox 292 2188 501 2235; x_wconf 84' lang='lat' dir='ltr'>tyrannus</span> <span class='ocrx_word' id='word_1_143' title='bbox 517 2184 638 2223; x_wconf 88' lang='lat' dir='ltr'>nulla</span> <span class='ocrx_word' id='word_1_144' title='bbox 666 2183 884 2223; x_wconf 88' lang='lat' dir='ltr'>hominum</span> <span class='ocrx_word' id='word_1_145' title='bbox 916 2196 1023 2225; x_wconf 84' lang='lat' dir='ltr'>voce</span> <span class='ocrx_word' id='word_1_146' title='bbox 1051 2184 1106 2224; x_wconf 86' lang='lat' dir='ltr'>ad</span> 
     </span>
     <span class='ocr_line' id='line_1_31' title="bbox 222 2247 1108 2303; baseline 0.001 -14"><span class='ocrx_word' id='word_1_147' title='bbox 222 2248 562 2290; x_wconf 86' lang='lat' dir='ltr'>misericordiam</span> <span class='ocrx_word' id='word_1_148' title='bbox 582 2247 701 2290; x_wconf 86' lang='lat' dir='ltr'>flecti</span> <span class='ocrx_word' id='word_1_149' title='bbox 720 2255 886 2302; x_wconf 86' lang='lat' dir='ltr'>posset.</span> <span class='ocrx_word' id='word_1_150' title='bbox 915 2250 1005 2291; x_wconf 92' lang='lat' dir='ltr'>Pro</span> <span class='ocrx_word' id='word_1_151' title='bbox 1023 2262 1108 2303; x_wconf 91' lang='lat' dir='ltr'>quo</span> 
     </span>
     <span class='ocr_line' id='line_1_32' title="bbox 222 2313 1109 2355; baseline 0.001 -2"><span class='ocrx_word' id='word_1_152' title='bbox 222 2314 403 2354; x_wconf 83' lang='lat' dir='ltr'>invento</span> <span class='ocrx_word' id='word_1_153' title='bbox 437 2325 535 2355; x_wconf 89' lang='lat' dir='ltr'>cum</span> <span class='ocrx_word' id='word_1_154' title='bbox 561 2326 716 2355; x_wconf 89' lang='lat' dir='ltr'>munus</span> <span class='ocrx_word' id='word_1_155' title='bbox 748 2327 774 2355; x_wconf 83' lang='lat' dir='ltr'>a</span> <span class='ocrx_word' id='word_1_156' title='bbox 811 2313 1109 2355; x_wconf 87' lang='lat' dir='ltr'>crudelissimo</span> 
     </span>
     <span class='ocr_line' id='line_1_33' title="bbox 224 2378 1109 2432; baseline 0.001 -14"><span class='ocrx_word' id='word_1_157' title='bbox 224 2382 422 2430; x_wconf 80' lang='lat' dir='ltr'>tyranno,</span> <span class='ocrx_word' id='word_1_158' title='bbox 441 2378 514 2431; x_wconf 88' lang='lat' dir='ltr'>qui</span> <span class='ocrx_word' id='word_1_159' title='bbox 550 2378 670 2418; x_wconf 86' lang='lat' dir='ltr'>novis</span> <span class='ocrx_word' id='word_1_160' title='bbox 701 2384 747 2418; x_wconf 88' lang='lat' dir='ltr'>et</span> <span class='ocrx_word' id='word_1_161' title='bbox 775 2378 1004 2432; x_wconf 84' lang='lat' dir='ltr'>exquisitis</span> <span class='ocrx_word' id='word_1_162' title='bbox 1036 2379 1109 2419; x_wconf 89' lang='lat' dir='ltr'>ho-</span> 
     </span>
     <span class='ocr_line' id='line_1_34' title="bbox 223 2440 1109 2494; baseline 0.003 -15"><span class='ocrx_word' id='word_1_163' title='bbox 223 2440 385 2480; x_wconf 88' lang='lat' dir='ltr'>minum</span> <span class='ocrx_word' id='word_1_164' title='bbox 406 2442 631 2482; x_wconf 84' lang='lat' dir='ltr'>tormentis</span> <span class='ocrx_word' id='word_1_165' title='bbox 651 2441 968 2492; x_wconf 88' lang='lat' dir='ltr'>delectaretur,</span> <span class='ocrx_word' id='word_1_166' title='bbox 988 2442 1109 2494; x_wconf 87' lang='lat' dir='ltr'>inge·</span> 
     </span>
     <span class='ocr_line' id='line_1_35' title="bbox 223 2506 1110 2559; baseline 0 -13"><span class='ocrx_word' id='word_1_167' title='bbox 223 2506 369 2547; x_wconf 74' lang='lat' dir='ltr'>niosus</span> <span class='ocrx_word' id='word_1_168' title='bbox 407 2506 482 2546; x_wconf 91' lang='lat' dir='ltr'>ille</span> <span class='ocrx_word' id='word_1_169' title='bbox 515 2507 723 2558; x_wconf 88' lang='lat' dir='ltr'>magister</span> <span class='ocrx_word' id='word_1_170' title='bbox 756 2508 1030 2559; x_wconf 82' lang='lat' dir='ltr'>postulasset,</span> <span class='ocrx_word' id='word_1_171' title='bbox 1066 2507 1110 2547; x_wconf 91' lang='lat' dir='ltr'>in</span> 
     </span>
     <span class='ocr_line' id='line_1_36' title="bbox 229 2569 1111 2623; baseline 0.001 -14"><span class='ocrx_word' id='word_1_172' title='bbox 229 2569 303 2610; x_wconf 89' lang='lat' dir='ltr'>illo</span> <span class='ocrx_word' id='word_1_173' title='bbox 322 2569 416 2622; x_wconf 86' lang='lat' dir='ltr'>ipse</span> <span class='ocrx_word' id='word_1_174' title='bbox 433 2569 596 2610; x_wconf 86' lang='lat' dir='ltr'>includi</span> <span class='ocrx_word' id='word_1_175' title='bbox 621 2569 764 2622; x_wconf 86' lang='lat' dir='ltr'>jussus</span> <span class='ocrx_word' id='word_1_176' title='bbox 786 2581 812 2610; x_wconf 87' lang='lat' dir='ltr'>a</span> <span class='ocrx_word' id='word_1_177' title='bbox 830 2574 1032 2623; x_wconf 81' lang='lat' dir='ltr'>tyranno,</span> <span class='ocrx_word' id='word_1_178' title='bbox 1060 2582 1111 2610; x_wconf 89' lang='lat' dir='ltr'>ac</span> 
     </span>
     <span class='ocr_line' id='line_1_37' title="bbox 224 2632 1111 2687; baseline 0.001 -14"><span class='ocrx_word' id='word_1_179' title='bbox 224 2632 460 2685; x_wconf 78' lang='lat' dir='ltr'>suppositis</span> <span class='ocrx_word' id='word_1_180' title='bbox 503 2633 672 2686; x_wconf 83' lang='lat' dir='ltr'>ignibus</span> <span class='ocrx_word' id='word_1_181' title='bbox 707 2639 900 2685; x_wconf 84' lang='lat' dir='ltr'>exustus,</span> <span class='ocrx_word' id='word_1_182' title='bbox 950 2634 1111 2687; x_wconf 89' lang='lat' dir='ltr'>primus</span> 
     </span>
     <span class='ocr_line' id='line_1_38' title="bbox 227 2695 1111 2749; baseline 0.002 -13"><span class='ocrx_word' id='word_1_183' title='bbox 227 2695 402 2737; x_wconf 82' lang='lat' dir='ltr'>artificii</span> <span class='ocrx_word' id='word_1_184' title='bbox 445 2696 512 2736; x_wconf 88' lang='lat' dir='ltr'>sui</span> <span class='ocrx_word' id='word_1_185' title='bbox 560 2708 704 2737; x_wconf 87' lang='lat' dir='ltr'>verum</span> <span class='ocrx_word' id='word_1_186' title='bbox 764 2697 1111 2749; x_wconf 86' lang='lat' dir='ltr'>experimentum</span> 
     </span>
     <span class='ocr_line' id='line_1_39' title="bbox 224 2759 1111 2813; baseline 0.002 -12"><span class='ocrx_word' id='word_1_187' title='bbox 224 2760 429 2813; x_wconf 78' lang='lat' dir='ltr'>praebuit,</span> <span class='ocrx_word' id='word_1_188' title='bbox 455 2759 630 2801; x_wconf 86' lang='lat' dir='ltr'>dicente</span> <span class='ocrx_word' id='word_1_189' title='bbox 647 2761 729 2802; x_wconf 90' lang='lat' dir='ltr'>hoc</span> <span class='ocrx_word' id='word_1_190' title='bbox 749 2761 908 2802; x_wconf 87' lang='lat' dir='ltr'>Ovidio</span> <span class='ocrx_word' id='word_1_191' title='bbox 927 2762 983 2803; x_wconf 84' lang='lat' dir='ltr'>de</span> <span class='ocrx_word' id='word_1_192' title='bbox 1002 2761 1111 2803; x_wconf 84' lang='lat' dir='ltr'>Arte</span> 
     </span>
     <span class='ocr_line' id='line_1_40' title="bbox 228 2824 1112 2867; baseline 0.002 -2"><span class='ocrx_word' id='word_1_193' title='bbox 228 2824 399 2865; x_wconf 86' lang='lat' dir='ltr'>amandi</span> <span class='ocrx_word' id='word_1_194' title='bbox 417 2824 494 2865; x_wconf 87' lang='lat' dir='ltr'>lib.</span> <span class='ocrx_word' id='word_1_195' title='bbox 508 2836 541 2866; x_wconf 83' lang='lat'>1.</span> <span class='ocrx_word' id='word_1_196' title='bbox 555 2825 569 2848; x_wconf 91' lang='lat'>‘</span> <span class='ocrx_word' id='word_1_197' title='bbox 585 2825 644 2865; x_wconf 90' lang='lat' dir='ltr'>Et</span> <span class='ocrx_word' id='word_1_198' title='bbox 662 2825 858 2866; x_wconf 85' lang='lat' dir='ltr'>Phalaris</span> <span class='ocrx_word' id='word_1_199' title='bbox 879 2831 1005 2867; x_wconf 90' lang='lat' dir='ltr'>tauro</span> <span class='ocrx_word' id='word_1_200' title='bbox 1024 2827 1112 2867; x_wconf 90' lang='lat' dir='ltr'>vio·</span> 
     </span>
     <span class='ocr_line' id='line_1_41' title="bbox 225 2888 1113 2943; baseline 0 -12"><span class='ocrx_word' id='word_1_201' title='bbox 225 2889 335 2931; x_wconf 85' lang='lat' dir='ltr'>lenti</span> <span class='ocrx_word' id='word_1_202' title='bbox 362 2888 556 2930; x_wconf 85' lang='lat' dir='ltr'>membra</span> <span class='ocrx_word' id='word_1_203' title='bbox 583 2889 736 2929; x_wconf 89' lang='lat' dir='ltr'>Perilli</span> <span class='ocrx_word' id='word_1_204' title='bbox 767 2891 958 2943; x_wconf 87' lang='lat' dir='ltr'>Torruit,</span> <span class='ocrx_word' id='word_1_205' title='bbox 1006 2890 1113 2931; x_wconf 82' lang='lat' dir='ltr'>infe-</span> 
     </span>
     <span class='ocr_line' id='line_1_42' title="bbox 225 2953 1114 3007; baseline 0.004 -15"><span class='ocrx_word' id='word_1_206' title='bbox 225 2953 287 2992; x_wconf 85' lang='lat' dir='ltr'>lix</span> <span class='ocrx_word' id='word_1_207' title='bbox 304 2953 458 2994; x_wconf 87' lang='lat' dir='ltr'>imbuit</span> <span class='ocrx_word' id='word_1_208' title='bbox 475 2958 629 2994; x_wconf 80' lang='lat' dir='ltr'>auctor</span> <span class='ocrx_word' id='word_1_209' title='bbox 648 2953 789 3007; x_wconf 84' lang='lat' dir='ltr'>opus.&#39;</span> <span class='ocrx_word' id='word_1_210' title='bbox 835 2955 958 2996; x_wconf 89' lang='lat' dir='ltr'>Idem</span> <span class='ocrx_word' id='word_1_211' title='bbox 979 2957 1021 2996; x_wconf 91' lang='lat' dir='ltr'>in</span> <span class='ocrx_word' id='word_1_212' title='bbox 1042 2969 1114 2996; x_wconf 86' lang='lat' dir='ltr'>eo·</span> 
     </span>
     <span class='ocr_line' id='line_1_43' title="bbox 226 3017 1114 3077; baseline 0.005 -19"><span class='ocrx_word' id='word_1_213' title='bbox 226 3017 350 3059; x_wconf 73' lang='lat' dir='ltr'>deni:</span> <span class='ocrx_word' id='word_1_214' title='bbox 380 3017 510 3058; x_wconf 83' lang='lat' dir='ltr'>‘Nec</span> <span class='ocrx_word' id='word_1_215' title='bbox 547 3018 661 3058; x_wconf 90' lang='lat' dir='ltr'>enim</span> <span class='ocrx_word' id='word_1_216' title='bbox 699 3019 770 3058; x_wconf 79' lang='lat' dir='ltr'>lex</span> <span class='ocrx_word' id='word_1_217' title='bbox 808 3021 972 3073; x_wconf 86' lang='lat' dir='ltr'>aequior</span> <span class='ocrx_word' id='word_1_218' title='bbox 1010 3023 1114 3077; x_wconf 85' lang='lat' dir='ltr'>nlla,</span> 
     </span>
     <span class='ocr_line' id='line_1_44' title="bbox 227 3080 1116 3135; baseline 0.001 -11"><span class='ocrx_word' id='word_1_219' title='bbox 227 3083 368 3125; x_wconf 83' lang='lat' dir='ltr'>Quam</span> <span class='ocrx_word' id='word_1_220' title='bbox 385 3082 506 3122; x_wconf 89' lang='lat' dir='ltr'>necis</span> <span class='ocrx_word' id='word_1_221' title='bbox 524 3080 716 3122; x_wconf 85' lang='lat' dir='ltr'>artifices</span> <span class='ocrx_word' id='word_1_222' title='bbox 731 3089 827 3123; x_wconf 87' lang='lat' dir='ltr'>arte</span> <span class='ocrx_word' id='word_1_223' title='bbox 843 3084 988 3135; x_wconf 86' lang='lat' dir='ltr'>perire</span> <span class='ocrx_word' id='word_1_224' title='bbox 1010 3085 1116 3126; x_wconf 60' lang='lat' dir='ltr'>sual</span> 
     </span>
     <span class='ocr_line' id='line_1_45' title="bbox 227 3146 1114 3199; baseline 0.003 -13"><span class='ocrx_word' id='word_1_225' title='bbox 227 3146 367 3187; x_wconf 82' lang='lat' dir='ltr'>Extat</span> <span class='ocrx_word' id='word_1_226' title='bbox 399 3146 533 3187; x_wconf 86' lang='lat' dir='ltr'>etiam</span> <span class='ocrx_word' id='word_1_227' title='bbox 562 3146 743 3199; x_wconf 86' lang='lat' dir='ltr'>epistola</span> <span class='ocrx_word' id='word_1_228' title='bbox 775 3147 1026 3191; x_wconf 80' lang='lat' dir='ltr'>Phalaridis</span> <span class='ocrx_word' id='word_1_229' title='bbox 1060 3149 1114 3189; x_wconf 84' lang='lat' dir='ltr'>ad</span> 
     </span>
     <span class='ocr_line' id='line_1_46' title="bbox 227 3210 1114 3264; baseline 0.002 -13"><span class='ocrx_word' id='word_1_230' title='bbox 227 3210 530 3262; x_wconf 76' lang='lat' dir='ltr'>Athenienses,</span> <span class='ocrx_word' id='word_1_231' title='bbox 561 3211 635 3264; x_wconf 91' lang='lat' dir='ltr'>qui</span> <span class='ocrx_word' id='word_1_232' title='bbox 682 3212 736 3252; x_wconf 89' lang='lat' dir='ltr'>de</span> <span class='ocrx_word' id='word_1_233' title='bbox 783 3211 936 3252; x_wconf 92' lang='lat' dir='ltr'>Perilli</span> <span class='ocrx_word' id='word_1_234' title='bbox 971 3219 1114 3253; x_wconf 87' lang='lat' dir='ltr'>morte</span> 
     </span>
     <span class='ocr_line' id='line_1_47' title="bbox 229 3272 1114 3328; baseline 0.003 -15"><span class='ocrx_word' id='word_1_235' title='bbox 229 3273 346 3326; x_wconf 84' lang='lat' dir='ltr'>apud</span> <span class='ocrx_word' id='word_1_236' title='bbox 389 3281 622 3327; x_wconf 85' lang='lat' dir='ltr'>tyrannum</span> <span class='ocrx_word' id='word_1_237' title='bbox 664 3272 841 3315; x_wconf 82' lang='lat' dir='ltr'>fuerant</span> <span class='ocrx_word' id='word_1_238' title='bbox 875 3276 1114 3328; x_wconf 82' lang='lat' dir='ltr'>conquesti.</span> 
     </span>
     <span class='ocr_line' id='line_1_48' title="bbox 229 3336 1113 3380; baseline 0.006 -5"><span class='ocrx_word' id='word_1_239' title='bbox 229 3336 297 3375; x_wconf 87' lang='lat' dir='ltr'>De</span> <span class='ocrx_word' id='word_1_240' title='bbox 324 3337 405 3377; x_wconf 85' lang='lat' dir='ltr'>hoc</span> <span class='ocrx_word' id='word_1_241' title='bbox 435 3342 562 3378; x_wconf 81' lang='lat' dir='ltr'>tauro</span> <span class='ocrx_word' id='word_1_242' title='bbox 582 3338 739 3378; x_wconf 90' lang='lat' dir='ltr'>Cicero</span> <span class='ocrx_word' id='word_1_243' title='bbox 759 3337 803 3377; x_wconf 89' lang='lat' dir='ltr'>in</span> <span class='ocrx_word' id='word_1_244' title='bbox 823 3337 1016 3378; x_wconf 88' lang='lat' dir='ltr'>Verrinis</span> <span class='ocrx_word' id='word_1_245' title='bbox 1035 3338 1113 3380; x_wconf 88' lang='lat' dir='ltr'>lib.</span> 
     </span>
    </p>
   </div>
   <div class='ocr_carea' id='block_1_3' title="bbox 229 3398 1122 3453">
    <p class='ocr_par' dir='ltr' id='par_1_6' title="bbox 229 3398 1122 3453">
     <span class='ocr_line' id='line_1_49' title="bbox 229 3398 1122 3453; baseline 0.006 -15"><span class='ocrx_word' id='word_1_246' title='bbox 229 3409 276 3439; x_wconf 88' lang='lat' dir='ltr'>v.</span> <span class='ocrx_word' id='word_1_247' title='bbox 303 3398 560 3440; x_wconf 85' lang='lat' dir='ltr'>mentionem</span> <span class='ocrx_word' id='word_1_248' title='bbox 578 3399 689 3441; x_wconf 78' lang='lat' dir='ltr'>facit</span> <span class='ocrx_word' id='word_1_249' title='bbox 708 3413 803 3442; x_wconf 86' lang='lat' dir='ltr'>cum</span> <span class='ocrx_word' id='word_1_250' title='bbox 825 3402 1122 3453; x_wconf 87' lang='lat' dir='ltr'>pulcherrimo·</span> 
     </span>
    </p>
   </div>
   <div class='ocr_carea' id='block_1_4' title="bbox 229 3461 1113 3581">
    <p class='ocr_par' dir='ltr' id='par_1_7' title="bbox 229 3461 1113 3581">
     <span class='ocr_line' id='line_1_50' title="bbox 229 3461 1113 3516; baseline 0.006 -15"><span class='ocrx_word' id='word_1_251' title='bbox 229 3461 446 3514; x_wconf 86' lang='lat' dir='ltr'>Scipionis</span> <span class='ocrx_word' id='word_1_252' title='bbox 481 3463 627 3504; x_wconf 87' lang='lat' dir='ltr'>edicto</span> <span class='ocrx_word' id='word_1_253' title='bbox 645 3485 652 3487; x_wconf 90' lang='lat'>-</span> <span class='ocrx_word' id='word_1_254' title='bbox 677 3464 732 3504; x_wconf 87' lang='lat' dir='ltr'>ad</span> <span class='ocrx_word' id='word_1_255' title='bbox 783 3463 1113 3516; x_wconf 87' lang='lat' dir='ltr'>Agrigentinos.</span> 
     </span>
     <span class='ocr_line' id='line_1_51' title="bbox 231 3524 1112 3581; baseline 0.007 -17"><span class='ocrx_word' id='word_1_256' title='bbox 231 3524 392 3565; x_wconf 87' lang='lat' dir='ltr'>Verum</span> <span class='ocrx_word' id='word_1_257' title='bbox 413 3525 608 3566; x_wconf 87' lang='lat' dir='ltr'>Phalaris</span> <span class='ocrx_word' id='word_1_258' title='bbox 628 3526 669 3566; x_wconf 89' lang='lat' dir='ltr'>in</span> <span class='ocrx_word' id='word_1_259' title='bbox 689 3527 770 3568; x_wconf 88' lang='lat' dir='ltr'>hac</span> <span class='ocrx_word' id='word_1_260' title='bbox 790 3539 874 3568; x_wconf 89' lang='lat' dir='ltr'>una</span> <span class='ocrx_word' id='word_1_261' title='bbox 894 3540 940 3568; x_wconf 89' lang='lat' dir='ltr'>re</span> <span class='ocrx_word' id='word_1_262' title='bbox 963 3529 1112 3581; x_wconf 84' lang='lat' dir='ltr'>justis-</span> 
     </span>
    </p>
   </div>
   <div class='ocr_carea' id='block_1_5' title="bbox 1879 254 2020 311">
    <p class='ocr_par' dir='ltr' id='par_1_8' title="bbox 1879 254 2020 311">
     <span class='ocr_line' id='line_1_52' title="bbox 1879 254 2020 311; baseline 0.014 -1"><span class='ocrx_word' id='word_1_263' title='bbox 1879 254 2020 311; x_wconf 81' lang='lat'>1339</span> 
     </span>
    </p>
   </div>
   <div class='ocr_carea' id='block_1_6' title="bbox 1147 388 2056 3580">
    <p class='ocr_par' dir='ltr' id='par_1_9' title="bbox 1147 388 2026 637">
     <span class='ocr_line' id='line_1_53' title="bbox 1147 388 2021 443; baseline 0.001 -14"><span class='ocrx_word' id='word_1_264' title='bbox 1147 390 1276 431; x_wconf 87' lang='lat' dir='ltr'>simus</span> <span class='ocrx_word' id='word_1_265' title='bbox 1310 390 1442 432; x_wconf 81' lang='lat' dir='ltr'>fuisse</span> <span class='ocrx_word' id='word_1_266' title='bbox 1469 391 1706 443; x_wconf 87' lang='lat' dir='ltr'>judicatur,</span> <span class='ocrx_word' id='word_1_267' title='bbox 1735 388 1807 443; x_wconf 92' lang='lat' dir='ltr'>qui</span> <span class='ocrx_word' id='word_1_268' title='bbox 1841 395 1927 429; x_wconf 85' lang='lat' dir='ltr'>tam</span> <span class='ocrx_word' id='word_1_269' title='bbox 1946 388 2021 430; x_wconf 87' lang='lat' dir='ltr'>foe-</span> 
     </span>
     <span class='ocr_line' id='line_1_54' title="bbox 1149 454 2022 504; baseline -0.002 -10"><span class='ocrx_word' id='word_1_270' title='bbox 1149 454 1214 494; x_wconf 87' lang='lat' dir='ltr'>dae</span> <span class='ocrx_word' id='word_1_271' title='bbox 1260 454 1529 496; x_wconf 86' lang='lat' dir='ltr'>crudelitatis</span> <span class='ocrx_word' id='word_1_272' title='bbox 1573 455 1844 495; x_wconf 85' lang='lat' dir='ltr'>inventorem</span> <span class='ocrx_word' id='word_1_273' title='bbox 1890 454 2022 504; x_wconf 85' lang='lat' dir='ltr'>ipsam</span> 
     </span>
     <span class='ocr_line' id='line_1_55' title="bbox 1151 517 2026 571; baseline 0.001 -14"><span class='ocrx_word' id='word_1_274' title='bbox 1151 517 1451 558; x_wconf 86' lang='lat' dir='ltr'>crudelitatem</span> <span class='ocrx_word' id='word_1_275' title='bbox 1480 519 1664 571; x_wconf 88' lang='lat' dir='ltr'>primum</span> <span class='ocrx_word' id='word_1_276' title='bbox 1691 517 1882 571; x_wconf 88' lang='lat' dir='ltr'>experiri</span> <span class='ocrx_word' id='word_1_277' title='bbox 1910 518 2026 558; x_wconf 90' lang='lat' dir='ltr'>volu-</span> 
     </span>
     <span class='ocr_line' id='line_1_56' title="bbox 1150 581 1950 637; baseline 0.003 -16"><span class='ocrx_word' id='word_1_278' title='bbox 1150 581 1251 621; x_wconf 87' lang='lat' dir='ltr'>erit.</span> <span class='ocrx_word' id='word_1_279' title='bbox 1282 582 1431 621; x_wconf 82' lang='lat' dir='ltr'>Oliver.</span> <span class='ocrx_word' id='word_1_280' title='bbox 1946 634 1950 637; x_wconf 71' lang='lat'>,</span> 
     </span>
    </p>

    <p class='ocr_par' dir='ltr' id='par_1_10' title="bbox 1153 644 2026 751">
     <span class='ocr_line' id='line_1_57' title="bbox 1204 644 2026 700; baseline 0 -16"><span class='ocrx_word' id='word_1_281' title='bbox 1204 645 1409 698; x_wconf 81' lang='lat' dir='ltr'>Inventor]</span> <span class='ocrx_word' id='word_1_282' title='bbox 1451 646 1652 698; x_wconf 88' lang='lat' dir='ltr'>Perillus,</span> <span class='ocrx_word' id='word_1_283' title='bbox 1673 646 1746 700; x_wconf 87' lang='lat' dir='ltr'>qui</span> <span class='ocrx_word' id='word_1_284' title='bbox 1765 651 1811 687; x_wconf 91' lang='lat' dir='ltr'>et</span> <span class='ocrx_word' id='word_1_285' title='bbox 1829 644 2026 686; x_wconf 86' lang='lat' dir='ltr'>Perilaus</span> 
     </span>
     <span class='ocr_line' id='line_1_58' title="bbox 1153 709 1398 751; baseline 0.004 -2"><span class='ocrx_word' id='word_1_286' title='bbox 1153 709 1295 751; x_wconf 86' lang='lat' dir='ltr'>dictus</span> <span class='ocrx_word' id='word_1_287' title='bbox 1315 716 1398 750; x_wconf 83' lang='lat' dir='ltr'>est.</span> 
     </span>
    </p>

    <p class='ocr_par' dir='ltr' id='par_1_11' title="bbox 1151 774 2031 942">
     <span class='ocr_line' id='line_1_59' title="bbox 1205 774 2031 827; baseline 0 -14"><span class='ocrx_word' id='word_1_288' title='bbox 1205 774 1409 827; x_wconf 81' lang='lat' dir='ltr'>Mugitus]</span> <span class='ocrx_word' id='word_1_289' title='bbox 1422 774 1520 814; x_wconf 87' lang='lat' dir='ltr'>Vox</span> <span class='ocrx_word' id='word_1_290' title='bbox 1536 775 1647 815; x_wconf 91' lang='lat' dir='ltr'>enim</span> <span class='ocrx_word' id='word_1_291' title='bbox 1662 775 1935 827; x_wconf 86' lang='lat' dir='ltr'>patientium,</span> <span class='ocrx_word' id='word_1_292' title='bbox 1953 786 2031 827; x_wconf 87' lang='lat' dir='ltr'>per</span> 
     </span>
     <span class='ocr_line' id='line_1_60' title="bbox 1151 836 2026 893; baseline 0.003 -16"><span class='ocrx_word' id='word_1_293' title='bbox 1151 836 1318 878; x_wconf 85' lang='lat' dir='ltr'>fistulas</span> <span class='ocrx_word' id='word_1_294' title='bbox 1340 837 1540 890; x_wconf 85' lang='lat' dir='ltr'>quasdam</span> <span class='ocrx_word' id='word_1_295' title='bbox 1559 849 1802 892; x_wconf 82' lang='lat' dir='ltr'>erumpens,</span> <span class='ocrx_word' id='word_1_296' title='bbox 1820 839 2026 893; x_wconf 84' lang='lat' dir='ltr'>mugitum</span> 
     </span>
     <span class='ocr_line' id='line_1_61' title="bbox 1153 901 1593 942; baseline 0 0"><span class='ocrx_word' id='word_1_297' title='bbox 1153 901 1416 942; x_wconf 81' lang='lat' dir='ltr'>imitabatur.</span> <span class='ocrx_word' id='word_1_298' title='bbox 1446 901 1593 942; x_wconf 82' lang='lat' dir='ltr'>Oliver.</span> 
     </span>
    </p>

    <p class='ocr_par' dir='ltr' id='par_1_12' title="bbox 1155 965 2039 1391">
     <span class='ocr_line' id='line_1_62' title="bbox 1208 965 2032 1019; baseline 0.004 -14"><span class='ocrx_word' id='word_1_299' title='bbox 1208 965 1438 1006; x_wconf 77' lang='lat' dir='ltr'>Phalaridis</span> <span class='ocrx_word' id='word_1_300' title='bbox 1481 967 1661 1019; x_wconf 75' lang='lat' dir='ltr'>tyranni]</span> <span class='ocrx_word' id='word_1_301' title='bbox 1718 967 1887 1008; x_wconf 90' lang='lat' dir='ltr'>Plinius</span> <span class='ocrx_word' id='word_1_302' title='bbox 1923 968 2032 1008; x_wconf 89' lang='lat' dir='ltr'>libro</span> 
     </span>
     <span class='ocr_line' id='line_1_63' title="bbox 1155 1029 2034 1083; baseline 0.001 -12"><span class='ocrx_word' id='word_1_303' title='bbox 1155 1029 1382 1080; x_wconf 77' lang='lat' dir='ltr'>trigesimo</span> <span class='ocrx_word' id='word_1_304' title='bbox 1395 1036 1567 1083; x_wconf 75' lang='lat' dir='ltr'>quarm,</span> <span class='ocrx_word' id='word_1_305' title='bbox 1581 1032 1726 1083; x_wconf 89' lang='lat' dir='ltr'>capite</span> <span class='ocrx_word' id='word_1_306' title='bbox 1744 1038 1915 1072; x_wconf 83' lang='lat' dir='ltr'>octavo.</span> <span class='ocrx_word' id='word_1_307' title='bbox 1942 1033 2034 1072; x_wconf 90' lang='lat' dir='ltr'>Do-</span> 
     </span>
     <span class='ocr_line' id='line_1_64' title="bbox 1156 1093 2036 1135; baseline 0 -1"><span class='ocrx_word' id='word_1_308' title='bbox 1156 1093 1330 1135; x_wconf 88' lang='lat' dir='ltr'>rotheus</span> <span class='ocrx_word' id='word_1_309' title='bbox 1363 1094 1406 1134; x_wconf 91' lang='lat' dir='ltr'>in</span> <span class='ocrx_word' id='word_1_310' title='bbox 1437 1093 1566 1135; x_wconf 87' lang='lat' dir='ltr'>rebus</span> <span class='ocrx_word' id='word_1_311' title='bbox 1593 1094 1764 1135; x_wconf 88' lang='lat' dir='ltr'>Siculis.</span> <span class='ocrx_word' id='word_1_312' title='bbox 1821 1095 2036 1135; x_wconf 87' lang='lat' dir='ltr'>Lucianns</span> 
     </span>
     <span class='ocr_line' id='line_1_65' title="bbox 1159 1156 2039 1209; baseline 0.001 -12"><span class='ocrx_word' id='word_1_313' title='bbox 1159 1156 1308 1198; x_wconf 84' lang='lat' dir='ltr'>scribit</span> <span class='ocrx_word' id='word_1_314' title='bbox 1329 1164 1499 1197; x_wconf 88' lang='lat' dir='ltr'>taurum</span> <span class='ocrx_word' id='word_1_315' title='bbox 1519 1157 1631 1198; x_wconf 85' lang='lat' dir='ltr'>hunc</span> <span class='ocrx_word' id='word_1_316' title='bbox 1649 1163 1805 1209; x_wconf 86' lang='lat' dir='ltr'>postea</span> <span class='ocrx_word' id='word_1_317' title='bbox 1834 1171 1860 1198; x_wconf 87' lang='lat' dir='ltr'>a</span> <span class='ocrx_word' id='word_1_318' title='bbox 1884 1158 2039 1198; x_wconf 87' lang='lat' dir='ltr'>Phala-</span> 
     </span>
     <span class='ocr_line' id='line_1_66' title="bbox 1159 1219 2038 1274; baseline 0.001 -14"><span class='ocrx_word' id='word_1_319' title='bbox 1159 1220 1254 1260; x_wconf 90' lang='lat' dir='ltr'>ride</span> <span class='ocrx_word' id='word_1_320' title='bbox 1273 1219 1462 1273; x_wconf 86' lang='lat' dir='ltr'>Apollini</span> <span class='ocrx_word' id='word_1_321' title='bbox 1494 1220 1708 1274; x_wconf 88' lang='lat' dir='ltr'>Delphico</span> <span class='ocrx_word' id='word_1_322' title='bbox 1734 1221 1865 1262; x_wconf 80' lang='lat' dir='ltr'>fuisse</span> <span class='ocrx_word' id='word_1_323' title='bbox 1890 1232 2038 1262; x_wconf 87' lang='lat' dir='ltr'>conse-</span> 
     </span>
     <span class='ocr_line' id='line_1_67' title="bbox 1159 1285 2039 1338; baseline 0 -13"><span class='ocrx_word' id='word_1_324' title='bbox 1159 1291 1326 1326; x_wconf 90' lang='lat' dir='ltr'>cratum</span> <span class='ocrx_word' id='word_1_325' title='bbox 1344 1298 1356 1335; x_wconf 89' lang='lat'>;</span> <span class='ocrx_word' id='word_1_326' title='bbox 1373 1285 1558 1325; x_wconf 79' lang='lat' dir='ltr'>Timaeus</span> <span class='ocrx_word' id='word_1_327' title='bbox 1579 1297 1679 1326; x_wconf 88' lang='lat' dir='ltr'>vero</span> <span class='ocrx_word' id='word_1_328' title='bbox 1707 1285 1763 1326; x_wconf 89' lang='lat' dir='ltr'>ab</span> <span class='ocrx_word' id='word_1_329' title='bbox 1781 1285 2039 1338; x_wconf 86' lang='lat' dir='ltr'>Agragenti-</span> 
     </span>
     <span class='ocr_line' id='line_1_68' title="bbox 1160 1348 2013 1391; baseline 0.001 -2"><span class='ocrx_word' id='word_1_330' title='bbox 1160 1350 1226 1389; x_wconf 89' lang='lat' dir='ltr'>nis</span> <span class='ocrx_word' id='word_1_331' title='bbox 1246 1350 1287 1389; x_wconf 90' lang='lat' dir='ltr'>in</span> <span class='ocrx_word' id='word_1_332' title='bbox 1307 1361 1425 1390; x_wconf 86' lang='lat' dir='ltr'>mare</span> <span class='ocrx_word' id='word_1_333' title='bbox 1446 1349 1686 1390; x_wconf 85' lang='lat' dir='ltr'>demersum</span> <span class='ocrx_word' id='word_1_334' title='bbox 1700 1348 1850 1391; x_wconf 83' lang='lat' dir='ltr'>refert.</span> <span class='ocrx_word' id='word_1_335' title='bbox 1883 1350 2013 1390; x_wconf 64' lang='grc' dir='ltr'>(ἴοιεν.</span> 
     </span>
    </p>

    <p class='ocr_par' dir='ltr' id='par_1_13' title="bbox 1162 1413 2050 2481">
     <span class='ocr_line' id='line_1_69' title="bbox 1215 1413 2038 1468; baseline -0.001 -14"><span class='ocrx_word' id='word_1_336' title='bbox 1215 1416 1239 1468; x_wconf 58' lang='grc' dir='ltr'><strong>ς</strong></span> <span class='ocrx_word' id='word_1_337' title='bbox 1261 1418 1312 1455; x_wconf 90' lang='grc'>10</span> <span class='ocrx_word' id='word_1_338' title='bbox 1339 1415 1398 1454; x_wconf 80' lang='lat' dir='ltr'>At</span> <span class='ocrx_word' id='word_1_339' title='bbox 1429 1427 1476 1454; x_wconf 83' lang='lat' dir='ltr'>ne</span> <span class='ocrx_word' id='word_1_340' title='bbox 1504 1414 1714 1466; x_wconf 76' lang='lat' dir='ltr'>Hetrusci]</span> <span class='ocrx_word' id='word_1_341' title='bbox 1756 1413 1943 1454; x_wconf 89' lang='lat' dir='ltr'>Perillus</span> <span class='ocrx_word' id='word_1_342' title='bbox 1963 1425 2038 1454; x_wconf 91' lang='lat' dir='ltr'>no-</span> 
     </span>
     <span class='ocr_line' id='line_1_70' title="bbox 1162 1477 2038 1532; baseline -0.003 -11"><span class='ocrx_word' id='word_1_343' title='bbox 1162 1492 1262 1521; x_wconf 87' lang='lat' dir='ltr'>vum</span> <span class='ocrx_word' id='word_1_344' title='bbox 1273 1479 1539 1531; x_wconf 81' lang='lat' dir='ltr'>excogitavit</span> <span class='ocrx_word' id='word_1_345' title='bbox 1552 1479 1752 1532; x_wconf 87' lang='lat' dir='ltr'>supplicii</span> <span class='ocrx_word' id='word_1_346' title='bbox 1771 1491 1919 1530; x_wconf 86' lang='lat' dir='ltr'>genus.</span> <span class='ocrx_word' id='word_1_347' title='bbox 1950 1477 2038 1518; x_wconf 88' lang='lat' dir='ltr'>He-</span> 
     </span>
     <span class='ocr_line' id='line_1_71' title="bbox 1163 1542 2042 1594; baseline -0.003 -10"><span class='ocrx_word' id='word_1_348' title='bbox 1163 1544 1295 1585; x_wconf 89' lang='lat' dir='ltr'>trusci</span> <span class='ocrx_word' id='word_1_349' title='bbox 1316 1555 1417 1584; x_wconf 87' lang='lat' dir='ltr'>vero</span> <span class='ocrx_word' id='word_1_350' title='bbox 1434 1555 1522 1584; x_wconf 90' lang='lat' dir='ltr'>non</span> <span class='ocrx_word' id='word_1_351' title='bbox 1553 1543 1690 1583; x_wconf 87' lang='lat' dir='ltr'>minus</span> <span class='ocrx_word' id='word_1_352' title='bbox 1722 1542 1919 1582; x_wconf 71' lang='lat' dir='ltr'>crudeles</span> <span class='ocrx_word' id='word_1_353' title='bbox 1951 1553 2042 1594; x_wconf 90' lang='lat' dir='ltr'>poe-</span> 
     </span>
     <span class='ocr_line' id='line_1_72' title="bbox 1163 1607 2043 1657; baseline -0.007 -8"><span class='ocrx_word' id='word_1_354' title='bbox 1163 1621 1239 1649; x_wconf 91' lang='lat' dir='ltr'>nas</span> <span class='ocrx_word' id='word_1_355' title='bbox 1259 1609 1532 1657; x_wconf 88' lang='lat' dir='ltr'>invenerunt,</span> <span class='ocrx_word' id='word_1_356' title='bbox 1552 1613 1601 1647; x_wconf 87' lang='lat' dir='ltr'>ut</span> <span class='ocrx_word' id='word_1_357' title='bbox 1614 1607 1713 1646; x_wconf 83' lang='lat' dir='ltr'>viva</span> <span class='ocrx_word' id='word_1_358' title='bbox 1731 1617 1918 1656; x_wconf 88' lang='lat' dir='ltr'>corpora</span> <span class='ocrx_word' id='word_1_359' title='bbox 1933 1616 2043 1644; x_wconf 91' lang='lat' dir='ltr'>mor-</span> 
     </span>
     <span class='ocr_line' id='line_1_73' title="bbox 1163 1670 2044 1724; baseline -0.005 -11"><span class='ocrx_word' id='word_1_360' title='bbox 1163 1673 1248 1714; x_wconf 91' lang='lat' dir='ltr'>tuis</span> <span class='ocrx_word' id='word_1_361' title='bbox 1267 1672 1440 1724; x_wconf 84' lang='lat' dir='ltr'>alligata</span> <span class='ocrx_word' id='word_1_362' title='bbox 1458 1670 1750 1711; x_wconf 87' lang='lat' dir='ltr'>tabescerent.</span> <span class='ocrx_word' id='word_1_363' title='bbox 1789 1670 1916 1711; x_wconf 85' lang='lat' dir='ltr'>Quod</span> <span class='ocrx_word' id='word_1_364' title='bbox 1932 1681 2044 1710; x_wconf 86' lang='lat' dir='ltr'>mor-</span> 
     </span>
     <span class='ocr_line' id='line_1_74' title="bbox 1163 1731 2045 1787; baseline -0.005 -12"><span class='ocrx_word' id='word_1_365' title='bbox 1163 1735 1220 1776; x_wconf 89' lang='lat' dir='ltr'>tis</span> <span class='ocrx_word' id='word_1_366' title='bbox 1249 1746 1383 1787; x_wconf 91' lang='lat' dir='ltr'>genus</span> <span class='ocrx_word' id='word_1_367' title='bbox 1417 1731 1759 1774; x_wconf 88' lang='lat' dir='ltr'>crudelissimum</span> <span class='ocrx_word' id='word_1_368' title='bbox 1795 1731 1892 1772; x_wconf 85' lang='lat' dir='ltr'>fuit.</span> <span class='ocrx_word' id='word_1_369' title='bbox 1949 1731 2045 1772; x_wconf 85' lang='lat' dir='ltr'>Hoc</span> 
     </span>
     <span class='ocr_line' id='line_1_75' title="bbox 1164 1796 2047 1851; baseline -0.006 -12"><span class='ocrx_word' id='word_1_370' title='bbox 1164 1804 1309 1839; x_wconf 85' lang='lat' dir='ltr'>autem</span> <span class='ocrx_word' id='word_1_371' title='bbox 1327 1797 1443 1851; x_wconf 90' lang='lat' dir='ltr'>quod</span> <span class='ocrx_word' id='word_1_372' title='bbox 1461 1796 1661 1838; x_wconf 89' lang='lat' dir='ltr'>Valerius</span> <span class='ocrx_word' id='word_1_373' title='bbox 1686 1796 1933 1846; x_wconf 84' lang='lat' dir='ltr'>Hetruscis,</span> <span class='ocrx_word' id='word_1_374' title='bbox 1947 1796 2047 1835; x_wconf 88' lang='lat' dir='ltr'>Vir·</span> 
     </span>
     <span class='ocr_line' id='line_1_76' title="bbox 1164 1860 2047 1915; baseline -0.002 -13"><span class='ocrx_word' id='word_1_375' title='bbox 1164 1862 1288 1915; x_wconf 88' lang='lat' dir='ltr'>gilius</span> <span class='ocrx_word' id='word_1_376' title='bbox 1306 1861 1526 1902; x_wconf 88' lang='lat' dir='ltr'>Mezentio</span> <span class='ocrx_word' id='word_1_377' title='bbox 1543 1872 1691 1902; x_wconf 89' lang='lat' dir='ltr'>eorum</span> <span class='ocrx_word' id='word_1_378' title='bbox 1719 1861 1809 1913; x_wconf 88' lang='lat' dir='ltr'>regi</span> <span class='ocrx_word' id='word_1_379' title='bbox 1830 1860 2047 1911; x_wconf 85' lang='lat' dir='ltr'>attribuit,</span> 
     </span>
     <span class='ocr_line' id='line_1_77' title="bbox 1164 1924 2048 1967; baseline -0.002 -1"><span class='ocrx_word' id='word_1_380' title='bbox 1164 1925 1273 1967; x_wconf 89' lang='lat' dir='ltr'>dicit</span> <span class='ocrx_word' id='word_1_381' title='bbox 1291 1925 1405 1966; x_wconf 84' lang='lat' dir='ltr'>enim</span> <span class='ocrx_word' id='word_1_382' title='bbox 1423 1924 1520 1966; x_wconf 88' lang='lat' dir='ltr'>AEn.</span> <span class='ocrx_word' id='word_1_383' title='bbox 1541 1935 1644 1966; x_wconf 74' lang='lat' dir='ltr'><strong>vnn.</strong></span> <span class='ocrx_word' id='word_1_384' title='bbox 1660 1925 1797 1967; x_wconf 82' lang='lat' dir='ltr'>‘Quid</span> <span class='ocrx_word' id='word_1_385' title='bbox 1819 1936 2048 1965; x_wconf 86' lang='lat' dir='ltr'>memorem</span> 
     </span>
     <span class='ocr_line' id='line_1_78' title="bbox 1165 1987 2046 2043; baseline -0.002 -13"><span class='ocrx_word' id='word_1_386' title='bbox 1165 1988 1363 2030; x_wconf 86' lang='lat' dir='ltr'>infandas</span> <span class='ocrx_word' id='word_1_387' title='bbox 1382 1989 1555 2031; x_wconf 83' lang='lat' dir='ltr'>caedes?</span> <span class='ocrx_word' id='word_1_388' title='bbox 1591 1989 1692 2043; x_wconf 88' lang='lat' dir='ltr'>quid</span> <span class='ocrx_word' id='word_1_389' title='bbox 1729 1987 1846 2030; x_wconf 86' lang='lat' dir='ltr'>facta</span> <span class='ocrx_word' id='word_1_390' title='bbox 1875 1989 2046 2040; x_wconf 83' lang='lat' dir='ltr'>tyranni</span> 
     </span>
     <span class='ocr_line' id='line_1_79' title="bbox 1167 2053 2049 2107; baseline -0.002 -12"><span class='ocrx_word' id='word_1_391' title='bbox 1167 2053 1345 2096; x_wconf 83' lang='lat' dir='ltr'>Effera?</span> <span class='ocrx_word' id='word_1_392' title='bbox 1401 2054 1458 2094; x_wconf 87' lang='lat' dir='ltr'>Di</span> <span class='ocrx_word' id='word_1_393' title='bbox 1489 2054 1622 2107; x_wconf 89' lang='lat' dir='ltr'>capiti</span> <span class='ocrx_word' id='word_1_394' title='bbox 1653 2054 1786 2107; x_wconf 88' lang='lat' dir='ltr'>ipsius</span> <span class='ocrx_word' id='word_1_395' title='bbox 1814 2053 2049 2106; x_wconf 88' lang='lat' dir='ltr'>generique</span> 
     </span>
     <span class='ocr_line' id='line_1_80' title="bbox 1169 2118 2048 2172; baseline -0.002 -12"><span class='ocrx_word' id='word_1_396' title='bbox 1169 2123 1409 2160; x_wconf 87' lang='lat' dir='ltr'>reservent.</span> <span class='ocrx_word' id='word_1_397' title='bbox 1445 2119 1623 2159; x_wconf 86' lang='lat' dir='ltr'>Mortua</span> <span class='ocrx_word' id='word_1_398' title='bbox 1641 2118 1877 2172; x_wconf 87' lang='lat' dir='ltr'>quinetiam</span> <span class='ocrx_word' id='word_1_399' title='bbox 1889 2119 2048 2171; x_wconf 85' lang='lat' dir='ltr'>junge-</span> 
     </span>
     <span class='ocr_line' id='line_1_81' title="bbox 1167 2182 2049 2235; baseline -0.002 -11"><span class='ocrx_word' id='word_1_400' title='bbox 1167 2184 1246 2225; x_wconf 86' lang='lat' dir='ltr'>bat</span> <span class='ocrx_word' id='word_1_401' title='bbox 1265 2195 1446 2235; x_wconf 90' lang='lat' dir='ltr'>corpora</span> <span class='ocrx_word' id='word_1_402' title='bbox 1473 2183 1597 2235; x_wconf 82' lang='lat' dir='ltr'>vivis,</span> <span class='ocrx_word' id='word_1_403' title='bbox 1622 2183 1894 2235; x_wconf 89' lang='lat' dir='ltr'>Componens</span> <span class='ocrx_word' id='word_1_404' title='bbox 1914 2182 2049 2223; x_wconf 89' lang='lat' dir='ltr'>mani·</span> 
     </span>
     <span class='ocr_line' id='line_1_82' title="bbox 1168 2246 2046 2300; baseline -0.002 -13"><span class='ocrx_word' id='word_1_405' title='bbox 1168 2247 1332 2300; x_wconf 89' lang='lat' dir='ltr'>busque</span> <span class='ocrx_word' id='word_1_406' title='bbox 1366 2258 1535 2293; x_wconf 61' lang='lat' dir='ltr'>mamm,</span> <span class='ocrx_word' id='word_1_407' title='bbox 1587 2252 1716 2299; x_wconf 87' lang='lat' dir='ltr'>atque</span> <span class='ocrx_word' id='word_1_408' title='bbox 1754 2246 1900 2287; x_wconf 89' lang='lat' dir='ltr'>oribus</span> <span class='ocrx_word' id='word_1_409' title='bbox 1952 2257 2046 2297; x_wconf 89' lang='lat' dir='ltr'>ora,</span> 
     </span>
     <span class='ocr_line' id='line_1_83' title="bbox 1168 2310 2048 2366; baseline -0.003 -14"><span class='ocrx_word' id='word_1_410' title='bbox 1168 2311 1412 2366; x_wconf 85' lang='lat' dir='ltr'>(Tormenti</span> <span class='ocrx_word' id='word_1_411' title='bbox 1447 2310 1616 2365; x_wconf 78' lang='lat' dir='ltr'>genuS,)</span> <span class='ocrx_word' id='word_1_412' title='bbox 1644 2316 1690 2351; x_wconf 91' lang='lat' dir='ltr'>et</span> <span class='ocrx_word' id='word_1_413' title='bbox 1719 2311 1836 2351; x_wconf 87' lang='lat' dir='ltr'>sanie</span> <span class='ocrx_word' id='word_1_414' title='bbox 1857 2310 2048 2362; x_wconf 83' lang='lat' dir='ltr'>taboque</span> 
     </span>
     <span class='ocr_line' id='line_1_84' title="bbox 1168 2375 2050 2427; baseline -0.005 -11"><span class='ocrx_word' id='word_1_415' title='bbox 1168 2376 1352 2416; x_wconf 89' lang='lat' dir='ltr'>fluentes</span> <span class='ocrx_word' id='word_1_416' title='bbox 1385 2375 1625 2427; x_wconf 87' lang='lat' dir='ltr'>Complexu</span> <span class='ocrx_word' id='word_1_417' title='bbox 1652 2375 1695 2415; x_wconf 90' lang='lat' dir='ltr'>in</span> <span class='ocrx_word' id='word_1_418' title='bbox 1733 2376 1888 2416; x_wconf 90' lang='lat' dir='ltr'>misero</span> <span class='ocrx_word' id='word_1_419' title='bbox 1918 2375 2050 2426; x_wconf 86' lang='lat' dir='ltr'>longa</span> 
     </span>
     <span class='ocr_line' id='line_1_85' title="bbox 1173 2438 1813 2481; baseline -0.002 0"><span class='ocrx_word' id='word_1_420' title='bbox 1173 2442 1236 2481; x_wconf 87' lang='lat' dir='ltr'>sic</span> <span class='ocrx_word' id='word_1_421' title='bbox 1258 2447 1395 2481; x_wconf 84' lang='lat' dir='ltr'>morte</span> <span class='ocrx_word' id='word_1_422' title='bbox 1415 2438 1631 2480; x_wconf 86' lang='lat' dir='ltr'>necabat.’</span> <span class='ocrx_word' id='word_1_423' title='bbox 1663 2440 1813 2480; x_wconf 80' lang='lat' dir='ltr'>Oliver.</span> 
     </span>
    </p>

    <p class='ocr_par' dir='ltr' id='par_1_14' title="bbox 1172 2501 2055 2811">
     <span class='ocr_line' id='line_1_86' title="bbox 1228 2501 2047 2556; baseline -0.004 -12"><span class='ocrx_word' id='word_1_424' title='bbox 1228 2506 1312 2552; x_wconf 75' lang='lat' dir='ltr'>Qui</span> <span class='ocrx_word' id='word_1_425' title='bbox 1330 2504 1503 2545; x_wconf 75' lang='lat' dir='ltr'>virorum</span> <span class='ocrx_word' id='word_1_426' title='bbox 1520 2516 1682 2556; x_wconf 71' lang='lat' dir='ltr'>corpora</span> <span class='ocrx_word' id='word_1_427' title='bbox 1698 2501 1949 2544; x_wconf 72' lang='lat' dir='ltr'>cadaver-ibus</span> <span class='ocrx_word' id='word_1_428' title='bbox 1978 2503 2047 2541; x_wconf 77' lang='lat' dir='ltr'>ad-</span> 
     </span>
     <span class='ocr_line' id='line_1_87' title="bbox 1172 2565 2049 2619; baseline -0.007 -10"><span class='ocrx_word' id='word_1_429' title='bbox 1172 2581 1285 2609; x_wconf 81' lang='lat' dir='ltr'>versa</span> <span class='ocrx_word' id='word_1_430' title='bbox 1299 2568 1476 2609; x_wconf 74' lang='lat' dir='ltr'>adversis</span> <span class='ocrx_word' id='word_1_431' title='bbox 1492 2567 1680 2619; x_wconf 75' lang='lat' dir='ltr'>alligata]</span> <span class='ocrx_word' id='word_1_432' title='bbox 1725 2566 1796 2607; x_wconf 88' lang='lat' dir='ltr'>Ita</span> <span class='ocrx_word' id='word_1_433' title='bbox 1813 2567 1956 2617; x_wconf 82' lang='lat' dir='ltr'>vulgo.</span> <span class='ocrx_word' id='word_1_434' title='bbox 1995 2565 2049 2605; x_wconf 86' lang='lat' dir='ltr'>In</span> 
     </span>
     <span class='ocr_line' id='line_1_88' title="bbox 1173 2629 2050 2685; baseline -0.007 -11"><span class='ocrx_word' id='word_1_435' title='bbox 1173 2632 1421 2685; x_wconf 84' lang='lat' dir='ltr'>Campensi,</span> <span class='ocrx_word' id='word_1_436' title='bbox 1439 2630 1757 2681; x_wconf 85' lang='lat' dir='ltr'>Gemblacensi,</span> <span class='ocrx_word' id='word_1_437' title='bbox 1789 2636 1836 2671; x_wconf 90' lang='lat' dir='ltr'>et</span> <span class='ocrx_word' id='word_1_438' title='bbox 1854 2629 2050 2670; x_wconf 87' lang='lat' dir='ltr'>Winche-</span> 
     </span>
     <span class='ocr_line' id='line_1_89' title="bbox 1173 2695 2055 2748; baseline -0.003 -12"><span class='ocrx_word' id='word_1_439' title='bbox 1173 2697 1301 2743; x_wconf 86' lang='lat' dir='ltr'>liano,</span> <span class='ocrx_word' id='word_1_440' title='bbox 1354 2696 1421 2748; x_wconf 79' lang='lat' dir='ltr'>qui</span> <span class='ocrx_word' id='word_1_441' title='bbox 1460 2696 1637 2736; x_wconf 76' lang='lat' dir='ltr'>vivorum</span> <span class='ocrx_word' id='word_1_442' title='bbox 1678 2707 1852 2748; x_wconf 78' lang='lat' dir='ltr'>corpora.</span> <span class='ocrx_word' id='word_1_443' title='bbox 1899 2695 2055 2735; x_wconf 87' lang='lat' dir='ltr'>Recte.</span> 
     </span>
     <span class='ocr_line' id='line_1_90' title="bbox 1177 2761 1303 2811; baseline -0.008 -11"><span class='ocrx_word' id='word_1_444' title='bbox 1177 2761 1303 2811; x_wconf 73' lang='lat' dir='ltr'>Pigh.</span> 
     </span>
    </p>

    <p class='ocr_par' dir='ltr' id='par_1_15' title="bbox 1232 2822 2029 2875">
     <span class='ocr_line' id='line_1_91' title="bbox 1232 2822 2029 2875; baseline -0.005 -10"><span class='ocrx_word' id='word_1_445' title='bbox 1232 2822 1463 2875; x_wconf 84' lang='lat' dir='ltr'>Tabescere]</span> <span class='ocrx_word' id='word_1_446' title='bbox 1491 2824 1782 2872; x_wconf 87' lang='lat' dir='ltr'>Marcescere,</span> <span class='ocrx_word' id='word_1_447' title='bbox 1797 2822 2029 2874; x_wconf 88' lang='lat' dir='ltr'>corrumpi.</span> 
     </span>
    </p>

    <p class='ocr_par' dir='ltr' id='par_1_16' title="bbox 1176 2885 2056 3252">
     <span class='ocr_line' id='line_1_92' title="bbox 1228 2885 2056 2940; baseline -0.005 -12"><span class='ocrx_word' id='word_1_448' title='bbox 1228 2888 1375 2929; x_wconf 77' lang='lat' dir='ltr'>Amori</span> <span class='ocrx_word' id='word_1_449' title='bbox 1388 2888 1558 2940; x_wconf 75' lang='lat' dir='ltr'>puriter,</span> <span class='ocrx_word' id='word_1_450' title='bbox 1576 2887 1665 2940; x_wconf 54' lang='grc' dir='ltr'>ἔξω]</span> <span class='ocrx_word' id='word_1_451' title='bbox 1695 2886 1799 2930; x_wconf 72' lang='lat' dir='ltr'>‚Qui</span> <span class='ocrx_word' id='word_1_452' title='bbox 1819 2885 1919 2926; x_wconf 91' lang='lat' dir='ltr'>dum</span> <span class='ocrx_word' id='word_1_453' title='bbox 1938 2885 2056 2925; x_wconf 83' lang='lat' dir='ltr'>vivos</span> 
     </span>
     <span class='ocr_line' id='line_1_93' title="bbox 1177 2948 2053 3003; baseline -0.006 -10"><span class='ocrx_word' id='word_1_454' title='bbox 1177 2959 1402 3003; x_wconf 84' lang='lat' dir='ltr'>necarent,</span> <span class='ocrx_word' id='word_1_455' title='bbox 1447 2964 1527 2992; x_wconf 90' lang='lat' dir='ltr'>nec</span> <span class='ocrx_word' id='word_1_456' title='bbox 1573 2951 1753 2992; x_wconf 89' lang='lat' dir='ltr'>mortuis</span> <span class='ocrx_word' id='word_1_457' title='bbox 1789 2948 2053 3003; x_wconf 86' lang='lat' dir='ltr'>parcebant:</span> 
     </span>
     <span class='ocr_line' id='line_1_94' title="bbox 1177 3012 2054 3068; baseline -0.008 -11"><span class='ocrx_word' id='word_1_458' title='bbox 1177 3018 1242 3057; x_wconf 89' lang='lat' dir='ltr'>sic</span> <span class='ocrx_word' id='word_1_459' title='bbox 1261 3017 1376 3057; x_wconf 89' lang='lat' dir='ltr'>enim</span> <span class='ocrx_word' id='word_1_460' title='bbox 1396 3016 1439 3056; x_wconf 90' lang='lat' dir='ltr'>in</span> <span class='ocrx_word' id='word_1_461' title='bbox 1459 3014 1697 3068; x_wconf 90' lang='lat' dir='ltr'>sepulchris</span> <span class='ocrx_word' id='word_1_462' title='bbox 1716 3019 1761 3054; x_wconf 89' lang='lat' dir='ltr'>et</span> <span class='ocrx_word' id='word_1_463' title='bbox 1778 3012 1949 3053; x_wconf 89' lang='lat' dir='ltr'>sedibus</span> <span class='ocrx_word' id='word_1_464' title='bbox 1966 3012 2054 3051; x_wconf 86' lang='lat' dir='ltr'>suis</span> 
     </span>
     <span class='ocr_line' id='line_1_95' title="bbox 1177 3074 2052 3135; baseline -0.009 -14"><span class='ocrx_word' id='word_1_465' title='bbox 1177 3080 1488 3135; x_wconf 85' lang='lat' dir='ltr'>conquiescere</span> <span class='ocrx_word' id='word_1_466' title='bbox 1524 3090 1609 3119; x_wconf 90' lang='lat' dir='ltr'>non</span> <span class='ocrx_word' id='word_1_467' title='bbox 1646 3077 1941 3130; x_wconf 87' lang='lat' dir='ltr'>patiebantur,</span> <span class='ocrx_word' id='word_1_468' title='bbox 1976 3074 2052 3114; x_wconf 88' lang='lat' dir='ltr'>sed</span> 
     </span>
     <span class='ocr_line' id='line_1_96' title="bbox 1176 3141 2052 3199; baseline -0.009 -12"><span class='ocrx_word' id='word_1_469' title='bbox 1176 3147 1405 3199; x_wconf 85' lang='lat' dir='ltr'>sepulchra</span> <span class='ocrx_word' id='word_1_470' title='bbox 1465 3144 1776 3199; x_wconf 85' lang='lat' dir='ltr'>quodammodo</span> <span class='ocrx_word' id='word_1_471' title='bbox 1824 3141 2052 3182; x_wconf 82' lang='lat' dir='ltr'>violabant.</span> 
     </span>
     <span class='ocr_line' id='line_1_97' title="bbox 1179 3212 1288 3252; baseline -0.009 0"><span class='ocrx_word' id='word_1_472' title='bbox 1179 3212 1288 3252; x_wconf 80' lang='lat' dir='ltr'>Oliv.</span> 
     </span>
    </p>

    <p class='ocr_par' dir='ltr' id='par_1_17' title="bbox 1229 3270 1766 3328">
     <span class='ocr_line' id='line_1_98' title="bbox 1229 3270 1766 3328; baseline -0.017 -11"><span class='ocrx_word' id='word_1_473' title='bbox 1229 3277 1253 3328; x_wconf 83' lang='lat'>§</span> <span class='ocrx_word' id='word_1_474' title='bbox 1275 3278 1324 3316; x_wconf 93' lang='lat' dir='ltr'>ll</span> <span class='ocrx_word' id='word_1_475' title='bbox 1355 3271 1552 3325; x_wconf 78' lang='lat' dir='ltr'>Barbari]</span> <span class='ocrx_word' id='word_1_476' title='bbox 1578 3270 1766 3323; x_wconf 85' lang='lat' dir='ltr'>Scythae.</span> 
     </span>
    </p>

    <p class='ocr_par' dir='ltr' id='par_1_18' title="bbox 1175 3329 2053 3580">
     <span class='ocr_line' id='line_1_99' title="bbox 1227 3329 2053 3381; baseline -0.016 -1"><span class='ocrx_word' id='word_1_477' title='bbox 1227 3339 1419 3380; x_wconf 76' lang='lat' dir='ltr'>Laniutui</span> <span class='ocrx_word' id='word_1_478' title='bbox 1435 3338 1516 3377; x_wconf 75' lang='lat' dir='ltr'>sint</span> <span class='ocrx_word' id='word_1_479' title='bbox 1534 3330 1784 3381; x_wconf 73' lang='lat' dir='ltr'>animalibus]</span> <span class='ocrx_word' id='word_1_480' title='bbox 1824 3329 1892 3369; x_wconf 87' lang='lat' dir='ltr'>Ita</span> <span class='ocrx_word' id='word_1_481' title='bbox 1914 3330 2053 3380; x_wconf 82' lang='lat' dir='ltr'>vulgo.</span> 
     </span>
     <span class='ocr_line' id='line_1_100' title="bbox 1175 3393 2051 3447; baseline -0.014 -4"><span class='ocrx_word' id='word_1_482' title='bbox 1175 3402 1347 3443; x_wconf 89' lang='lat' dir='ltr'>Monuit</span> <span class='ocrx_word' id='word_1_483' title='bbox 1366 3413 1434 3442; x_wconf 89' lang='lat' dir='ltr'>me</span> <span class='ocrx_word' id='word_1_484' title='bbox 1464 3399 1637 3447; x_wconf 84' lang='lat' dir='ltr'>amicus,</span> <span class='ocrx_word' id='word_1_485' title='bbox 1663 3396 1855 3436; x_wconf 84' lang='lat' dir='ltr'>Isaacum</span> <span class='ocrx_word' id='word_1_486' title='bbox 1892 3393 2051 3433; x_wconf 85' lang='lat' dir='ltr'>Ponta-</span> 
     </span>
     <span class='ocr_line' id='line_1_101' title="bbox 1175 3457 2053 3511; baseline -0.013 -5"><span class='ocrx_word' id='word_1_487' title='bbox 1175 3478 1276 3506; x_wconf 89' lang='lat' dir='ltr'>num</span> <span class='ocrx_word' id='word_1_488' title='bbox 1297 3463 1563 3511; x_wconf 87' lang='lat' dir='ltr'>emendasse,</span> <span class='ocrx_word' id='word_1_489' title='bbox 1577 3459 1751 3500; x_wconf 74' lang='lat' dir='ltr'>saniatui</span> <span class='ocrx_word' id='word_1_490' title='bbox 1768 3457 1848 3498; x_wconf 77' lang='lat' dir='ltr'>sint</span> <span class='ocrx_word' id='word_1_491' title='bbox 1874 3457 2053 3496; x_wconf 75' lang='lat' dir='ltr'>animali-</span> 
     </span>
     <span class='ocr_line' id='line_1_102' title="bbox 1175 3520 2049 3580; baseline -0.013 -11"><span class='ocrx_word' id='word_1_492' title='bbox 1175 3530 1268 3577; x_wconf 86' lang='lat' dir='ltr'>bus,·</span> <span class='ocrx_word' id='word_1_493' title='bbox 1287 3529 1409 3580; x_wconf 88' lang='lat' dir='ltr'>cnjus</span> <span class='ocrx_word' id='word_1_494' title='bbox 1428 3523 1656 3566; x_wconf 84' lang='lat' dir='ltr'>sententiae</span> <span class='ocrx_word' id='word_1_495' title='bbox 1677 3520 1945 3562; x_wconf 87' lang='lat' dir='ltr'>subscribere</span> <span class='ocrx_word' id='word_1_496' title='bbox 1965 3531 2049 3559; x_wconf 90' lang='lat' dir='ltr'>non</span> 
     </span>
    </p>
   </div>
  </div>
 </body>
</html>
