2346 3996
574 280 833 323 VALERII
873 279 1115 319 MAXIMI

229 410 339 450 hanc
365 415 536 449 causam
563 401 693 444 fuisse
727 399 890 450 ferunt,
921 398 1036 452 quod
1066 398 1110 437 in

229 470 426 514 convivio
444 467 651 510 invitatus
669 477 694 505 a
714 463 898 518 quodam
913 468 963 503 ut
982 472 1111 503 cane·

232 540 318 585 ret,
357 544 404 574 se
448 530 603 572 fidibus
647 528 816 569 nescire
861 524 1111 579 respondit:

232 596 346 650 quod
375 607 402 635 a
430 591 641 635 nonnullis
670 590 759 632 risu
787 593 1033 641 exceptum,
1061 586 1114 627 ad

231 661 445 703 Musicam
464 657 792 712 perdiscendam
822 656 941 696 illum
966 653 1116 695 incita-

234 726 311 778 vit,
342 729 390 765 ut
426 735 524 764 sero
556 722 715 776 potius,
733 732 859 774 quam
887 728 1120 772 nunquam,

234 788 340 830 artis
371 788 483 829 illius
515 787 722 827 rationem
756 790 942 826 teneret.
997 783 1120 825 Fides

235 853 394 896 chorda
412 853 456 894 iu
475 852 643 893 cithara
663 851 730 892 vel
750 852 859 905 lyra,
891 849 1031 890 aliove
1057 848 1121 888 in·

233 923 472 960 strumento
491 921 687 957 extensa.
709 915 834 955 Idem.

293 984 317 1035 c>
340 985 368 1022 9
395 981 606 1031 Isocrates,
636 978 727 1031 &fc-J
763 979 827 1019 Ut
856 988 1025 1018 omnem
1055 974 1119 1015 ina

239 1044 416 1085 dustriae
437 1043 650 1084 rationem
685 1041 730 1082 in
760 1053 845 1082 uuo
863 1040 1036 1082 homine
1053 1037 1122 1079 fu-

235 1108 321 1148 isse
347 1104 782 1158 comprehendamus,
812 1102 1020 1145 Isocratis
1048 1114 1122 1143 ex·

239 1171 425 1223 emplum
439 1168 674 1211 lectoribus
692 1167 982 1220 subjiciamus.
1024 1166 1123 1207 Fuit

239 1241 383 1276 autem
404 1234 621 1274 Isocrates
655 1233 840 1274 Graeeus
861 1232 1021 1273 Orator
1042 1231 1125 1272 cla·

238 1298 444 1348 tissimus,
464 1296 641 1349 Gorgiae
675 1296 861 1345 auditor,
893 1298 1123 1337 multorum

239 1362 597 1413 Philosophorum
622 1362 883 1413 Praeceptor
925 1361 1124 1413 eximius,

241 1432 293 1467 ut
337 1425 591 1466 Macrobius
635 1431 835 1466 testatur.
892 1426 968 1477 Et,
1013 1431 1127 1466 teste

244 1489 527 1542 Quintiliano,
542 1487 627 1530 fuit
658 1490 828 1530 diverso
856 1489 1027 1541 dicendi
1055 1502 1127 1542 ge-

243 1565 349 1594 nere
384 1551 545 1594 nitidus
581 1558 628 1594 et
663 1559 877 1606 comptus,
911 1555 1127 1606 palaestrae

243 1616 380 1669 magis
417 1628 542 1670 quam
577 1629 733 1669 pugnae
764 1618 1130 1668 accommodatus,

245 1693 393 1721 omnes
429 1680 613 1722 diceudo
643 1693 821 1722 veneres
850 1687 1058 1734 sectatus,
1085 1682 1130 1722 in

246 1745 494 1786 inventione
521 1744 675 1798 facilis,
709 1746 878 1787 honesti
899 1745 1132 1798 studiosus,

243 1810 290 1850 in
326 1810 639 1863 compositione
677 1809 789 1851 adeo
837 1810 1037 1863 diligens,
1081 1816 1131 1851 ut

245 1886 350 1915 cura
368 1873 463 1928 ejus
483 1874 823 1927 reprehendatur
838 1875 880 1914 in
902 1879 1032 1915 aetate
1038 1874 1130 1927 jam

246 1937 462 1990 confecta,
482 1937 684 1979 videlicet
699 1938 943 1991 decrepita.
990 1939 1130 1981 Quar-

247 2008 341 2044 tum
373 2007 420 2043 et
451 2002 777 2055 nonagesimum
807 2014 938 2055 agens
957 2014 1131 2053 annum,

248 2070 364 2108 teste
399 2065 610 2117 Cicerone
654 2065 699 2106 in
732 2066 900 2107 Catone
942 2065 1131 2118 Maiore,

246 2129 406 2170 librum
445 2129 687 2181 composuit
724 2129 798 2182 qui
845 2127 1134 2176 Παναθηναϊκὸς

249 2193 517 2244 inscribitur,
547 2195 678 2235 totius
708 2191 892 2235 Graeciae
921 2199 970 2235 et
999 2195 1132 2246 inpri-

249 2257 329 2299 mis
346 2257 611 2299 Athenarum
631 2263 753 2310 gesta
779 2258 1012 2311 laudesque
1033 2271 1134 2299 con>-

251 2321 408 2370 tineus,
435 2325 482 2362 et
511 2322 657 2362 studia
689 2322 820 2373 urbis,
851 2335 977 2375 quem
1012 2327 1135 2363 tanta

251 2384 434 2425 scientia
461 2391 633 2426 constat
661 2384 796 2426 fuisse
831 2385 1060 2437 refertum,
1088 2391 1137 2426 ut

253 2449 569 2490 admirarentur
588 2461 751 2500 omnes,
778 2450 821 2490 in
854 2461 905 2490 ea
924 2455 1054 2491 aetate
1075 2451 1138 2490 in-

254 2512 372 2564 genii
387 2513 501 2553 vires
521 2518 685 2553 tautum
709 2513 908 2554 valuisse.
964 2515 1030 2554 Ex
1050 2527 1137 2567 quo

251 2575 380 2617 facile
404 2577 712 2629 comprehendi
743 2583 905 2630 potest,
932 2578 976 2618 iu
1006 2578 1138 2619 homi-

252 2638 379 2681 nibus
399 2652 583 2693 corpora
601 2641 775 2694 quidem
796 2653 1036 2694 senescere,
1050 2642 1140 2684 ani·

253 2715 346 2745 mos
364 2715 469 2746 vero
486 2715 720 2759 nunquam,
738 2706 773 2746 si
801 2707 897 2760 quis
916 2707 1026 2748 bene
1045 2707 1138 2748 dili·

254 2772 490 2821 genterque
526 2768 713 2810 coluerit
743 2781 832 2810 eos.
898 2770 1054 2812 Cicero
1082 2772 1138 2812 de

251 2831 478 2873 Isocrate:
499 2833 512 2856 ‘
527 2834 609 2873 Est
630 2834 760 2874 etiam
778 2833 940 2887 quiete,
958 2841 1001 2875 et
1017 2848 1139 2888 pure,

255 2900 389 2948 atque
409 2896 634 2948 eleganter
652 2903 765 2938 actae
798 2899 942 2939 aetatis
970 2899 1141 2952 placida

255 2970 308 2999 ac
325 2958 434 2999 lenis
457 2965 673 3013 senectus,
705 2962 873 3014 qualem
895 2963 1140 3015 accepimus

254 3022 470 3075 Platonis,
483 3024 556 3078 qui
573 3029 619 3065 et
629 3025 894 3076 octogesimo
908 3037 1020 3066 anuo
1035 3028 1139 3067 scri-

256 3084 363 3126 bens
379 3092 448 3127 est
466 3091 674 3138 mortuus,
693 3089 953 3141 qualemque
971 3089 1139 3130 Isocra—

256 3150 331 3200 tis,
350 3149 422 3202 qui
442 3162 538 3192 eum
557 3150 727 3203 librum,
753 3151 826 3204 qui
854 3151 1141 3200 Παναθηναϊκὸς

255 3212 520 3266 inscribitur,
566 3220 723 3267 quarto
769 3219 816 3255 et
864 3215 1140 3267 nonagesimo

258 3287 370 3317 auno
383 3277 604 3330 scripsisse
617 3278 791 3329 dicitur,
809 3278 1005 3331 vixitque
1021 3281 1139 3332 quin·

259 3339 492 3390 quennium
512 3340 694 3391 postea!
712 3341 838 3382 Idem.

313 3400 339 3450 ς
369 3403 420 3440 10
452 3401 664 3442 Citerioris
689 3403 822 3444 «etatis
839 3402 980 3455 metas]
1027 3405 1139 3447 Quia

260 3474 347 3503 non
384 3462 438 3503 ad
477 3464 685 3506 Isocratis
718 3473 892 3509 aetatem
923 3470 1140 3520 pervenit,

259 3526 342 3567 hoc
378 3531 462 3577 est,
494 3538 579 3569 non
616 3533 738 3570 tanto
766 3535 963 3584 tempore
1000 3532 1137 3573 vixit:

370 3592 515 3645 Delph.
537 3599 577 3634 et
597 3595 692 3636 Var.
716 3597 822 3637 ctas.

1072 3600 1156 3639 Vul.
1180 3599 1293 3638 Max.

1909 263 2050 316 1297

1171 407 1270 436 nam
1287 396 1519 447 Isocrates,
1545 401 1594 437 ut
1618 394 1815 447 diximus,
1832 406 1985 436 novem
2007 401 2054 436 et

1173 459 1409 511 nonaginta
1427 457 1618 501 confecit
1641 470 1788 499 annos.
1843 457 1932 498 Hic
1953 458 2055 499 vero

1176 523 1230 565 ad
1249 524 1559 576 octogesimum
1586 521 1883 564 tantummodo
1902 533 2055 574 perve-

1176 587 1244 628 nit
1278 599 1460 629 auuum:
1494 600 1598 641 ergo
1635 587 1864 636 citerioris,
1899 586 1944 626 id
1975 591 2058 636 est,

1178 652 1390 693 brevioris
1410 653 1547 694 aetatis
1567 653 1783 694 terminos.
1815 653 1921 693 Oliv.

1237 715 1469 768 Chrysippi]
1499 717 1584 756 Hic
1621 717 1889 769 Chrysippus
1926 715 2060 768 Apol-

1181 780 1285 820 lonii
1321 780 1510 821 Solensis
1545 780 1673 828 filius,
1703 782 1794 820 sive
1825 781 2064 832 Tarsensis,

1181 843 1467 895 Philosophus
1487 843 1772 895 acutissimus,
1786 841 1895 884 adeo
1914 849 1964 883 ut
1976 849 2061 884 tes-

1184 914 1330 949 tentur
1360 906 1497 949 ferme
1534 920 1697 957 omnes,
1729 908 1882 950 Jovem
1920 910 2062 960 ipsum

1158 279 1281 317 ΜΒ.
1308 279 1443 317 viu.
1481 278 1619 317 GAP.
1643 265 1696 317 7.

1183 972 1279 1024 ejus
1308 972 1571 1016 acutioribus
1609 973 1874 1023 argumentis
1899 972 1971 1011 vix
2000 983 2067 1011 re-

1157 1053 1160 1059 ·
1183 1036 1340 1076 sistere
1374 1036 1583 1089 potuisse,
1612 1036 1646 1076 si
1667 1036 1710 1075 in
1732 1041 1868 1076 terras
1887 1036 2066 1076 descen-

1185 1100 1336 1142 disset.
1390 1100 1492 1140 Fuit
1518 1110 1620 1151 ergo
1640 1099 1882 1151 ingeniosus
1904 1104 1948 1139 et
1968 1110 2069 1139 acu·

1186 1171 1255 1206 tus
1291 1165 1335 1205 in
1381 1165 1495 1206 omni
1536 1177 1697 1218 genere
1737 1167 1960 1207 orationis.
2015 1165 2068 1206 In

1188 1230 1405 1283 plerisque
1429 1242 1453 1270 a
1473 1230 1649 1272 Zenone
1678 1230 1878 1272 dissentit
1905 1237 1951 1272 et
1972 1231 2069 1272 Cle-

1188 1297 1331 1338 anthe.
1389 1298 1567 1339 Quoties
1587 1298 1793 1338 adversus
1814 1299 2069 1339 Cleanthem

1189 1361 1442 1401 disserendo
1474 1362 1650 1414 egisset,
1681 1368 1804 1402 tanta
1832 1362 2072 1408 ducebatur

1190 1424 1462 1476 poenitentia,
1479 1431 1526 1466 ut
1541 1426 1695 1466 crebro
1705 1426 1897 1467 diceret:
1913 1427 1925 1446 ‘
1941 1426 2073 1477 Equi-

1189 1486 1287 1528 dem
1301 1488 1406 1528 alias
1420 1487 1663 1529 fortunatus
1677 1501 1768 1529 sum
1784 1494 2072 1542 praeterquam

1191 1551 1236 1591 in
1264 1550 1549 1593 Cleanthem:
1584 1552 1627 1592 iu
1660 1552 1745 1593 hoc
1773 1565 1866 1592 sum
1893 1551 2076 1592 infelix!

1192 1615 1264 1667 Et,
1299 1619 1348 1655 ut
1382 1609 1498 1656 dixit
1530 1615 1684 1657 Cicero
1718 1616 1772 1657 de
1806 1617 1913 1657 Nat.
1942 1615 2078 1657 Deor.'

1192 1685 1319 1719 natus
1337 1684 1403 1719 est
1434 1680 1561 1720 homo
1590 1680 1856 1733 Chrysippus
1882 1679 1935 1730 ad
1957 1691 2077 1720 muu-

1194 1743 1296 1783 dum
1335 1743 1712 1796 contemplandum
1747 1751 1877 1797 atque
1923 1744 2077 1783 mirau-

1195 1807 1312 1848 duui.
1368 1809 1497 1859 Nam,
1535 1813 1647 1850 teste
1686 1808 1877 1860 Laertio,
1915 1808 2080 1860 septin-

1195 1878 1327 1924 genta
1355 1873 1569 1915 volumina
1605 1874 1760 1922 edidit,
1792 1878 1840 1915 et
1871 1873 2079 1928 quicquid

1194 1936 1434 1989 incidebat,
1466 1938 1702 1979 mandabat
1720 1938 1872 1990 literis,
1898 1942 1944 1977 et
1960 1949 2080 1989 saepe

1195 2001 1470 2054 emendabat,
1495 2007 1542 2043 et
1561 2014 1716 2054 magna
1736 2001 2081 2042 testimoniorum

1196 2064 1310 2105 nube
1342 2066 1560 2107 utebatur.
1604 2066 1730 2110 Quod
1769 2066 1878 2107 adeo
1911 2066 1955 2105 in
1983 2077 2083 2107 cou-

1195 2129 1426 2170 suetudine
1465 2130 1631 2181 habuit,
1667 2137 1716 2171 ut
1751 2130 1796 2170 in
1825 2129 2081 2183 quibusdam

1196 2193 1284 2232 suis
1322 2194 1539 2244 opusculis
1568 2199 1704 2234 totam
1738 2192 1955 2246 Euripidis
1986 2194 2084 2233 Me·

1197 2253 1322 2295 deam
1354 2256 1580 2309 insereret,
1619 2257 1872 2310 petentique
1909 2256 2082 2297 cuidam

1197 2318 1253 2358 ab
1272 2319 1411 2360 altero
1441 2321 1611 2371 legente
1645 2317 1925 2374 quidnamid
1951 2320 2083 2373 esset,

1197 2382 1309 2436 quod
1348 2384 1517 2435 legeret
1550 2385 1628 2434 illi,
1659 2385 1890 2438 Chrysippi
1921 2384 2084 2426 Medea

1199 2451 1283 2487 est.
1338 2447 1485 2490 Quare
1513 2448 1568 2489 de
1597 2450 1674 2489 illo
1702 2449 1764 2490 ait
1794 2449 2082 2503 Apollodorus

1201 2509 1474 2551 Atheniensis
1494 2524 1505 2551 ε
1524 2512 1594 2554 ‘Si
1608 2513 1704 2566 quis
1726 2514 1851 2555 tollat
1869 2514 1924 2554 de
1945 2514 2082 2565 Chry-

1200 2575 1313 2626 sippi
1347 2575 1480 2627 libris,
1500 2572 1609 2629 'quae
1638 2577 1779 2617 aliena
1798 2583 1915 2630 sunt,
1933 2578 2084 2618 charta

1199 2640 1262 2679 illi
1302 2652 1436 2680 vacua
1473 2641 1758 2694 relinquitur:
1795 2642 1887 2694 ejus
1937 2647 2083 2683 tamen

1198 2701 1298 2742 libri
1317 2703 1557 2754 clarissimi,
1583 2711 1630 2744 et
1647 2704 1693 2744 in
1712 2704 1954 2746 Dialectica
1974 2718 2082 2758 prae-

1200 2766 1342 2818 cipue,
1372 2766 1415 2806 in
1445 2779 1528 2820 qua
1559 2765 1644 2808 fuit
1673 2769 1781 2810 adeo
1810 2769 2006 2822 insignis,
2035 2774 2085 2809 ut

1200 2829 1398 2870 dicerent
1436 2832 1473 2871 si
1510 2831 1626 2883 apud
1655 2832 1773 2876 Deos
1801 2833 1846 2873 iu
1870 2845 1950 2873 usu
1970 2838 2084 2874 esset

1200 2894 1456 2947 Dialectica,
1475 2908 1560 2936 nou
1585 2895 1774 2937 futuram
1801 2898 1927 2938 aliam
1957 2910 2083 2951 quam

1201 2954 1541 3010 Chrysippeam?
1598 2961 1708 3001 Erat
1727 2965 1955 3013 praeterea,
1972 2967 2084 3002 teste

1202 3020 1392 3074 Lae'rtio,
1419 3022 1625 3063 imbecilli
1662 3025 1867 3077 tenuique
1904 3037 2082 3078 corpus-

1202 3086 1316 3136 culo,
1343 3087 1454 3139 quod
1475 3099 1530 3133 ex
1558 3086 1653 3140 ejus
1684 3089 1867 3141 imagine
1887 3089 1993 3130 dicit
2013 3103 2084 3142 ap·

1203 3160 1372 3200 parere,
1394 3151 1775 3205 potationibusque
1794 3152 1987 3193 deditum
2014 3151 2080 3193 fu-

1200 3211 1283 3252 isse
1301 3213 1451 3254 refert.
1510 3216 1654 3266 Unde,
1682 3222 1798 3256 >teste
1824 3216 2081 3268 Hermippo,

1202 3289 1226 3316 a
1263 3277 1486 3332 discipulis
1527 3280 1582 3319 ad
1619 3280 1870 3320 sacrificium
1910 3279 2083 3329 ductus,

1201 3339 1328 3381 dulce
1346 3354 1509 3382 merum
1528 3342 1637 3383 adeo
1656 3342 1778 3392 bibit,
1808 3347 1855 3381 ut
1874 3340 2081 3394 fatigatus

1202 3405 1410 3455 augustiis
1429 3406 1602 3458 spiritus
1617 3416 1711 3445 eum
1728 3404 1878 3457 quinta
1896 3405 1965 3444 die
1982 3409 2082 3457 post

1203 3467 1441 3521 reliquerit,
1461 3480 1557 3508 cum
1579 3473 1693 3508 esset
1712 3468 1931 3518 octogiuta
1950 3468 2080 3508 trium

1201 3541 1433 3573 annorum:
1458 3536 1556 3572 sunt
1576 3531 1648 3584 qui
1668 3529 1817 3572 dicant
1836 3542 1932 3570 eum
1949 3531 2079 3572 nimio

1872 3600 1969 3639 4N
