2288 3990
589 265 845 306 vALnRu
893 263 1130 302 ΜΛΧιΜι
1179 264 1293 303 LIB.
1338 265 1426 302 ιιι.
1469 263 1601 303 cAP.
1629 250 1679 302 1.

219 387 391 440 Lipsius
409 385 462 426 ad
477 384 624 426 Taciti
654 383 856 430 Annales,
879 395 971 437 quae
991 382 1098 422 mili-

220 458 307 491 tem
343 450 547 490 liberaret
585 459 695 489 anno
732 448 900 487 demum
951 447 1096 487 aetatis

217 512 581 567 quinquagesimo.

273 576 485 628 Coronam]
505 576 720 618 Quernarn
736 588 789 615 ex
803 580 972 615 servato
987 574 1095 615 cive.

269 641 337 692 §2
365 639 449 679 Hic
474 639 655 692 spiritus]
692 640 909 682 Quantum
938 637 1094 679 futurae

213 704 399 744 Virtutis
421 704 636 754 specimen
671 712 714 744 et
744 704 1045 744 documentum
1071 714 1095 743 a

212 767 398 818 pucritia
417 766 470 806 dc
485 779 531 807 se
549 769 657 808 Cato
678 767 864 817 dederit,
882 774 925 807 et
942 768 983 806 iu
1000 767 1095 816 boc,

211 836 258 871 et
287 831 332 871 in
363 832 561 884 sequenti
589 833 784 884 exemplo
814 832 960 871 videre
979 832 1094 874 licet.

212 892 320 934 Cum
344 894 514 946 judicia
550 894 605 935 ab
636 894 827 948 equestri
859 895 1010 934 ordine
1048 895 1090 934 in

209 959 467 1000 senatoriam
490 959 743 1012 dignitatem
780 965 924 1000 essent
955 965 1091 1000 trans·

207 1021 312 1072 lata,
333 1034 468 1076 eaque
487 1023 567 1063 sibi
596 1024 728 1063 vellet
757 1023 966 1076 equestris
986 1024 1091 1064 ordo

209 1084 442 1137 vindicare,
457 1086 644 1127 Senatus
664 1087 728 1127 M.
751 1087 934 1127 Drusum
958 1087 1090 1127 tribu·

206 1159 307 1189 num
362 1150 500 1203 plebis
559 1152 739 1203 creavit,
799 1157 848 1192 ut
903 1152 1087 1192 Senatus

206 1218 354 1264 partes
389 1220 597 1256 tueretur.
675 1215 774 1265 Hic,
821 1222 869 1256 ut
916 1214 1088 1256 facilius

205 1283 544 1330 consequeretur
582 1279 694 1332 quod
726 1279 908 1319 Senatus
942 1280 1088 1331 cupie-

205 1339 296 1392 bat,
333 1343 500 1383 Latinis
537 1343 760 1385 civitatem
798 1345 1009 1397 permisit,
1042 1350 1090 1386 ut

204 1416 351 1446 eorum
390 1408 548 1449 auxilio
597 1408 801 1449 adversus
845 1419 1088 1463 equestrem

203 1469 399 1510 ordinem
419 1478 627 1513 uteretur.
682 1474 747 1513 Eo
765 1479 958 1525 tempore
977 1477 1087 1515 Dru·

201 1544 271 1573 sus
304 1533 531 1587 Catonem,
558 1537 682 1588 cujus
715 1539 949 1578 avunculus
975 1545 1087 1589 erat,

199 1595 358 1637 alebat.
413 1598 520 1638 Cum
535 1598 668 1652 igitur
686 1600 815 1651 legati
837 1601 1084 1642 Latinorum

200 1659 255 1699 ad
274 1673 369 1701 eum
390 1663 620 1715 venissent,
642 1669 689 1704 ut
711 1666 962 1716 promissam
982 1667 1083 1707 civi-

197 1731 328 1766 tatem
349 1730 509 1781 populo
529 1730 828 1782 impetrarent,
843 1731 974 1771 etiam
988 1734 1083 1785 ipso

197 1790 465 1840 potissimum
498 1793 641 1850 Druso
666 1796 924 1848 interprete,
954 1797 1082 1837 Cato-

196 1864 292 1894 nem
313 1867 493 1906 puerum
510 1859 841 1913 conspicientes,
862 1868 1084 1915 rogarunt,

197 1922 246 1957 ut
265 1917 348 1958 sibi
377 1920 493 1972 apud
529 1925 787 1965 avunculum
807 1927 966 1967 auxilio
986 1939 1080 1967 esse

194 1983 327 2023 vellet
344 1983 398 2023 ad
418 1985 641 2029 civitatem
656 1987 949 2042 obtinendam,
966 1991 1079 2044 quod

195 2057 242 2085 se
289 2058 562 2102 nequaquam
606 2049 823 2093 facturum
861 2055 1080 2095 constanti

193 2111 316 2150 vultu
335 2112 574 2164 respondit.
616 2115 725 2157 otio.

245 2173 398 2227 Socios]
425 2178 676 2220 Notandum
698 2182 871 2223 Latinos
891 2189 936 2224 et
955 2184 1078 2225 Itali-

193 2248 267 2277 cos
300 2250 419 2291 saepe
454 2241 649 2283 absolute
676 2247 816 2286 socios
851 2249 1077 2300 appellari.

191 2299 307 2342 Quin
341 2307 388 2343 et
419 2304 652 2358 aliquando
681 2308 824 2348 Latini
859 2317 903 2350 et
932 2311 1078 2352 Italici

191 2362 583 2409 confundebantur.
623 2369 694 2410 Ita
713 2371 911 2412 Valerius
932 2374 1077 2427 Pelig-

191 2438 284 2478 nos,
304 2429 374 2480 qui
403 2430 548 2471 Latini
577 2444 661 2473 non
693 2441 833 2487 erant,
850 2437 912 2477 ita
930 2443 1078 2478 tamen

189 2493 440 2543 appellavit.
494 2497 663 2538 Latium
693 2506 837 2541 autem
869 2502 1077 2545 discrevit

189 2554 367 2597 Latinos
400 2558 454 2599 ab
476 2559 655 2612 Italicis,
684 2564 754 2615 qui
775 2576 857 2604 non
878 2572 1004 2607 erant
1029 2567 1074 2607 in

187 2619 334 2660 Latio:
359 2619 499 2663 foedus
520 2623 576 2665 ab
595 2625 648 2665 iis
669 2626 835 2667 civibus
856 2629 1075 2681 Romanis,

184 2683 257 2734 qui
277 2696 424 2736 agrum
443 2686 680 2729 Romanum
702 2691 980 2742 possidebant
998 2701 1073 2736 aut

186 2747 387 2789 colebant
418 2750 460 2790 in
498 2752 656 2803 Latio;
679 2754 754 2806 jus
787 2755 902 2796 Latii
937 2758 991 2798 ab
1021 2759 1071 2799 iis

185 2809 364 2863 Latinis,
383 2813 456 2865 qui
485 2825 581 2854 cum
602 2828 752 2868 agrum
781 2819 978 2860 Latinum
1006 2828 1069 2862 te-

182 2881 352 2924 nerent,
369 2876 454 2916 noh
471 2882 614 2918 tamen
629 2880 743 2920 Latii
752 2882 851 2933 jure
867 2883 1068 2926 frueban-

183 2940 266 2978 tur.
323 2938 390 2977 Ex
427 2938 591 2981 foedere
624 2951 783 2996 autem,
819 2947 931 2999 qnod
970 2962 1067 2991 cum

180 2999 343 3041 Latinis
371 3007 439 3042 est
458 3015 721 3058 percussum,
733 3008 808 3060 jus
824 3011 931 3051 illud
952 3025 1067 3054 ema-

161 3065 312 3106 ·navit.
366 3067 493 3109 Quod
526 3075 594 3109 est
605 3069 678 3121 jus
705 3072 832 3123 Latii,
861 3076 930 3116 vel
952 3078 1067 3119 Lati·

179 3129 292 3170 nitas
329 3134 594 3186 appellatur,
628 3139 739 3188 quod
777 3146 947 3182 constat
974 3144 1066 3196 qui-

179 3191 278 3234 dem
298 3194 398 3246 jure
430 3196 588 3238 civium
617 3200 903 3244 Romanorum
932 3204 1064 3248 fuisse

180 3254 386 3310 deterius,
435 3260 589 3302 Italico
635 3275 736 3306 vero
781 3271 1061 3313 commodius.

178 3318 378 3370 Sigonius.

235 3384 435 3437 Expressa
451 3392 509 3428 est
523 3388 657 3442 iraque
675 3392 746 3434 illa
759 3407 836 3435 vox
848 3397 1060 3451 hominum,

185 3446 439 3490 Gratulemur
454 3453 566 3494 nobis
598 3456 751 3508 Latini,
776 3460 864 3511 θα]
895 3463 1061 3514 Scribo,

177 3511 248 3550 illa
275 3524 352 3552 voa·
382 3515 539 3558 homini.
595 3519 664 3558 De
693 3520 921 3575 Poppedio
949 3527 1059 3566 enim

1897 250 2041 304 1065

1157 383 1248 436 ipso
1267 385 1538 437 capiendum,
1551 384 1640 438 qui,
1658 389 1706 424 ut
1720 395 1775 424 ex
1794 383 2038 424 narratione

1158 449 1389 488 Valeriana
1408 455 1452 488 et
1482 449 1637 489 clarius
1656 460 1680 488 e
1709 447 1947 488 Plutarcho
1964 458 2038 496 ap-

1159 516 1299 562 paret,
1328 518 1479 552 auctor
1507 525 1614 553 rmus
1643 509 1885 552 honorificae
1913 510 2037 561 hujus

1157 574 1199 615 in
1220 576 1426 616 Catonem
1449 577 1578 617 vocis.
1609 576 1782 628 Lipsius.

1215 640 1373 688 Tenere,
1420 641 1506 692 esc]
1568 641 1676 681 Cum
1727 639 1865 680 adhuc
1923 643 2038 678 esset

1157 716 1278 757 puer.

1210 768 1355 819 Capita
1380 767 1708 819 proscriptorum]
1735 767 1821 810 Qui
1856 765 2041 818 proscri-

1153 830 1383 881 bebantur,
1421 844 1571 872 eorum
1601 833 1772 873 nomina
1792 831 1964 888 >scripta
1993 829 2036 870 in

1152 896 1313 937 tabella
1330 896 1374 935 in
1403 894 1498 936 foro
1527 898 1872 948 exponebantur,
1899 901 1943 935 et
1965 895 2037 947 jus

1151 959 1347 1000 omnibus
1378 964 1473 999 erat
1503 971 1576 1000 eos
1606 959 1909 1000 interficiendi.
1964 958 2037 998 Illi

1153 1035 1254 1063 vero
1290 1023 1363 1063 ubi
1399 1023 1714 1063 intellexissent
1749 1035 1796 1063 se
1825 1035 1917 1063 esse
1938 1035 2036 1075 pro-

1149 1088 1347 1140 scriptos,
1366 1088 1570 1129 continuo
1590 1101 1635 1128 se
1656 1100 1680 1129 e
1701 1088 1881 1128 civitate
1901 1087 2036 1140 prori-

1150 1152 1342 1204 piebant.
1399 1153 1557 1192 Eorum
1577 1164 1680 1192 vero
1700 1152 1808 1193 bona
1828 1164 1908 1205 pro
1926 1152 2037 1191 arbi-

1151 1216 1235 1257 trio
1263 1218 1573 1269 proscribentis
1599 1217 1932 1268 tractabantur3
1959 1217 2035 1257 sed

1150 1281 1272 1321 multi
1303 1288 1531 1335 autequam
1561 1274 1942 1335 proscriberentur
1961 1282 2036 1321 de-

1150 1346 1308 1397 prensi,
1325 1345 1651 1398 occidebantur,
1667 1351 1712 1387 et
1728 1358 1876 1386 eorum
1891 1346 2036 1398 capita

1151 1407 1460 1450 deferebantur
1481 1410 1534 1449 ad
1555 1410 1730 1463 Syllam.
1764 1411 1914 1450 Oliver.

1203 1474 1342 1527 Lecto]
1368 1473 1548 1527 Antiqui
1581 1474 1768 1515 stibadia
1798 1487 1883 1515 non
1910 1474 2036 1514 habe-

1149 1536 1272 1589 bant,
1289 1538 1365 1578 sed
1396 1539 1543 1579 stratis
1564 1539 1699 1579 tribus
1730 1539 1858 1579 lectis
1886 1538 2034 1590 epula-

1148 1600 1306 1642 bantur
1325 1617 1337 1653 ;
1367 1602 1481 1643 unde
1498 1609 1542 1643 et
1563 1603 1796 1642 triclinium
1814 1602 1947 1641 sterni
1968 1601 2033 1640 di-

1147 1663 1274 1705 citur.
1331 1666 1401 1705 Sic
1430 1666 1583 1707 Cicero
1611 1666 1743 1706 sterni
1772 1665 1962 1706 triclinia
1989 1669 2035 1704 et

1147 1728 1187 1767 in
1204 1727 1298 1769 foro
1310 1730 1512 1781 jubebat.
1541 1730 1667 1770 Unde
1688 1736 1870 1782 apparet
1885 1741 2031 1769 errare

1145 1805 1236 1845 eos,
1261 1795 1333 1848 qui
1353 1794 1506 1835 dicunt
1525 1795 1774 1835 Triclinium
1794 1806 1891 1834 esse
1912 1794 2032 1834 Basi-

1142 1857 1269 1897 licam
1298 1858 1452 1910 ipsam,
1475 1859 1541 1898 vel
1561 1858 1862 1898 coenationem.
1918 1858 2031 1898 Haec

1141 1920 1330 1962 Servius.
1352 1921 1514 1962 Eadem
1533 1928 1656 1962 vetus
1673 1921 1929 1962 scholiastes
1954 1921 2032 1963 Ju-

1143 1987 1306 2026 venalis
1335 1988 1424 2026 Sat.
1459 1998 1529 2028 111.
1548 1998 1609 2026 vs.
1631 1988 1697 2026 17.
1746 1986 1817 2025 De
1837 1984 1963 2025 modo
1984 1985 2030 2025 in

1141 2049 1270 2090 lectis
1290 2049 1608 2100 discumbendi,
1627 2055 1672 2090 et
1692 2048 1883 2102 quisnam
1899 2050 2030 2089 liono-

1142 2114 1278 2154 ratior
1313 2113 1446 2154 fuerit
1478 2114 1615 2164 locus,
1652 2113 1749 2154 vide
1786 2114 1953 2154 Comm.
1983 2113 2029 2152 in

1139 2177 1314 2219 Sallust.
1335 2190 1432 2231 pag.
1451 2181 1548 2218 457.
1589 2178 1697 2220 Quae
1713 2178 1783 2219 hic
1800 2190 1885 2218 non
1905 2189 2030 2230 repe·

1141 2243 1285 2283 timus.

1195 2307 1404 2359 Equestris
1422 2308 1587 2360 ordinis,
1603 2309 1690 2361 Em]
1720 2310 1790 2350 Sc.
1809 2308 1895 2349 duo
1909 2309 2027 2350 milia

1139 2369 1313 2411 delecta
1331 2376 1431 2411 sunt
1459 2371 1513 2411 ad
1530 2373 1807 2425 supplicium.

1193 2435 1331 2486 Ipsum
1380 2435 1582 2488 Marium]
1628 2437 1900 2488 Verosimile,
1946 2437 2025 2478 sed

1138 2498 1277 2539 minus
1326 2498 1536 2539 mirabile.
1592 2500 1725 2540 Marii
1775 2501 1904 2553 enim,
1938 2514 2025 2542 non

1138 2563 1317 2604 Catonis
1335 2563 1438 2604 vitae
1463 2563 1751 2606 insidiabatur
1770 2565 1901 2618 Sylla.
1939 2567 2024 2606 Ba-

1135 2627 1239 2668 dius.

1191 2693 1258 2744 §3
1290 2690 1417 2741 Cnjus
1435 2690 1593 2745 filium]
1620 2692 1875 2744 Exemplum
1905 2691 2024 2733 indo·

1134 2755 1186 2795 lis
1208 2755 1253 2796 C.
1276 2756 1428 2796 Cassii.
1472 2755 1571 2796 Fuit
1587 2761 1730 2795 autem
1745 2756 1814 2796 hic
1831 2756 2020 2807 Cassius,

1132 2819 1206 2872 qui
1243 2821 1459 2860 Caesarem
1493 2819 1719 2860 interfecit
1756 2821 1800 2860 in
1843 2821 2022 2862 Senatu.

1134 2883 1331 2935 Contigit
1349 2883 1404 2924 A.
1426 2884 1482 2924 U.
1507 2895 1768 2925 Dczxxvm.

1187 2947 1399 2999 Faustum]
1414 2947 1534 3000 Sylla
1548 2953 1646 2999 post
1661 2947 1885 2988 victoriam
1900 2959 2019 2987 crea-

1133 3018 1202 3053 tus
1222 3012 1421 3052 Dictator
1442 3019 1694 3063 perpetuus,
1715 3011 1853 3051 voluit
1874 3023 1919 3050 se
1938 3012 2018 3050 Fe-

1127 3078 1270 3125 licem,
1290 3077 1449 3118 liberos
1475 3089 1577 3117 vero
1606 3077 1800 3127 Faustos,
1827 3078 1908 3116 hoc
1937 3081 2017 3125 est,

1127 3152 1291 3181 marem
1319 3141 1541 3191 Faustum,
1565 3146 1611 3180 et
1640 3139 1858 3180 foeminam
1889 3141 2015 3179 Faus-

1128 3211 1217 3246 tam
1238 3205 1465 3258 appellari.
1495 3205 1665 3245 Badius.

1182 3271 1346 3312 Publica
1355 3269 1587 3323 parricidio]
1606 3269 1778 3309 Cassius
1794 3279 1889 3307 cum
1909 3268 2015 3306 Bru-

1125 3340 1172 3376 to
1191 3336 1407 3376 Caesarem
1436 3332 1768 3381 interfecerunt,
1797 3330 1915 3382 quasi
1937 3342 2011 3382 pa-

1125 3405 1292 3440 rentem
1331 3398 1512 3450 patriae:
1555 3397 1635 3435 hoc
1667 3394 1765 3434 ideo
1799 3393 1922 3446 dicit,
1951 3406 2012 3434 1ne

1123 3462 1304 3502 laederet
1335 3460 1593 3511 Augustum,
1623 3470 1677 3498 ex
1706 3469 1758 3497 eo
1789 3458 1900 3510 quod
1920 3458 2010 3498 lau-

1124 3526 1272 3565 dasset
1294 3524 1505 3564 Cassium.
