2358 4036
533 304 791 343 VALERH
837 302 1074 340 MAXIM!
1124 302 1239 338 [AB.
1281 301 1319 337 1.
1360 299 1493 337 GAP.
1522 285 1571 336 1.

160 426 244 466 tius
263 422 397 478 (iinde
416 434 539 463 sacra
555 422 647 475 ejus
667 426 763 461 orta
783 417 1037 471 credebant)

157 491 306 530 decem
326 487 440 527 viros
459 485 513 526 ad
531 486 669 525 Deam
697 484 780 525 rite
801 482 1038 536 propitian-

157 551 257 590 dmn
274 550 450 590 mittere
470 548 667 589 voluisse.
713 547 833 587 Idem
855 547 1038 586 Lactan-

158 614 243 655 tius
275 612 528 653 Divinarum
561 610 890 651 Institutionum
927 608 1039 648 libro

156 675 346 718 secundo
378 675 541 716 tradit:
570 677 583 698 ‘
599 675 802 728 Denique
822 673 1039 714 Graccha-

156 739 252 791 nis,’
268 740 445 793 iuquit,‘
462 739 726 792 temporibus
740 738 916 779 turbata
931 737 1039 788 Rep.

157 803 441 844 seditionibus
469 809 515 844 et
545 803 744 853 ostentis,
776 813 872 842 cum
891 812 1038 852 reper-

158 873 249 908 tum
265 874 378 907 esset
395 867 437 906 in
454 866 712 908 carminibus
727 863 948 917 Sibyllinis
968 875 1040 903 an·

161 931 438 984 tiqnissimam
458 932 663 972 Cererem
679 929 836 970 debere
852 928 1012 981 placari
1026 942 1038 978 ;

159 994 291 1045 legati
340 997 439 1034 sunt
483 995 648 1034 Ennam
696 992 843 1034 missi:
898 993 1041 1033 Multo

159 1059 288 1098 etiam
328 1059 588 1100 luculentius
626 1059 779 1100 Cicero
815 1058 870 1100 de
911 1058 1041 1111 siguis

159 1123 341 1168 Vei-rina
376 1129 502 1164 sexta
528 1125 620 1165 haec
656 1124 820 1166 refert:
852 1124 864 1147 ‘
889 1125 1042 1177 Itaque

161 1186 275 1237 apud
297 1191 438 1238 patres
454 1193 625 1228 nostros
643 1189 782 1228 atroci
801 1200 852 1229 ac
878 1187 1041 1228 difficili

162 1249 343 1300 Reipub.
365 1257 574 1303 tempore,
589 1264 686 1292 cum
706 1251 805 1293 Tib.
844 1252 1042 1292 Graccho

160 1313 302 1353 occiso
319 1326 567 1365 magnorum
591 1315 877 1367 periculorum
906 1322 1044 1356 metus

162 1389 214 1416 ex
237 1378 418 1416 ostentis
435 1379 782 1430 portenderetur,
802 1380 855 1420 P.
878 1379 1043 1430 Mucio,

165 1441 213 1480 L.
250 1439 487 1491 Calpurnio
523 1442 645 1484 coss.
678 1443 842 1484 aditum
881 1450 945 1484 est
989 1443 1043 1483 ad

161 1503 298 1542 libros
313 1504 562 1557 Sibyllinos,
579 1506 622 1546 in
645 1507 799 1558 quibus
822 1507 1044 1548 inventum

163 1572 248 1613 est,
282 1566 484 1607 Cererem
517 1569 853 1622 antiquissimam
883 1571 1045 1622 placari

163 1633 382 1679 oportere.
436 1631 548 1670 Tum
581 1643 636 1673 ex
665 1632 928 1684 amplissimo
957 1634 1044 1674 col-

162 1690 275 1742 legio
302 1691 580 1734 decemvirali
608 1695 856 1735 sacerdotes
895 1696 1045 1748 populi

162 1754 361 1804 Romani,
387 1768 486 1796 cum
519 1763 638 1799 esset
673 1758 718 1798 in
756 1759 861 1799 urbe
898 1765 1046 1800 nostra

163 1818 493 1868 pulcherrimum
514 1826 559 1859 et
578 1820 1045 1872 magnificentissimum

163 1883 387 1934 templum,
419 1890 561 1923 tamen
596 1897 729 1937 usque
755 1886 920 1926 Ennam
950 1899 1046 1938 pro·

162 1942 270 1985 fecti
290 1951 406 1988 sunt.
451 1946 595 1988 Tanta
611 1948 724 1990 enim
743 1954 838 1989 erat
857 1951 1046 1990 auctori-

164 2013 230 2048 tas
251 2013 297 2048 et
312 2015 502 2052 vetustas
515 2011 624 2051 illius
639 2013 872 2065 religionis,
884 2020 932 2054 nt
950 2027 1046 2055 cum

163 2071 264 2112 iiiuc
284 2073 412 2124 irent,
430 2086 519 2116 non
534 2074 588 2114 ad
609 2076 744 2116 aedem
765 2077 952 2129 Cereris,
969 2079 1046 2120 sed

163 2135 218 2174 ad
238 2135 376 2187 ipsam
389 2138 591 2179 Cererem
612 2139 829 2191 proficisci
849 2142 1046 2183 videren-

166 2199 266 2240 tur!
305 2199 416 2240 Haec
432 2202 605 2255 Cicero,
623 2216 677 2245 ex
696 2205 816 2258 quus
831 2206 933 2246 item
953 2219 1046 2248 ver-

165 2263 230 2302 bis
258 2265 463 2314 colligere
489 2273 572 2317 est,
601 2281 681 2320 pro
711 2269 1050 2325 quindecimviroe,

162 2327 398 2367 decemviros
423 2328 465 2368 iu
486 2330 664 2371 Valerio
693 2333 843 2383 reponi
871 2334 1047 2376 debere.

169 2390 371 2432 Nondum
398 2392 511 2432 enim
532 2399 660 2433 aucto
680 2395 879 2447 collegio,
899 2409 953 2437 ex
973 2398 1049 2438 de·

125 2484 130 2487 .
165 2453 368 2495 cemviris
382 2466 614 2506 sacrorum,
642 2458 966 2509 quindecimviri
999 2474 1052 2502 eo

165 2522 364 2569 tempore
395 2516 502 2559 facti
532 2527 682 2566 erant:
713 2523 881 2575 quando
911 2524 1050 2566 adhuc

171 2578 363 2619 Mariano
392 2580 505 2620 bello
535 2594 586 2622 ac
620 2584 823 2625 Cinnanis
852 2588 1051 2639 tempori·

171 2641 251 2680 bus
291 2641 526 2684 decemviri
557 2643 736 2699 fuerint,
775 2648 904 2702 idque
937 2663 1049 2692 anno

169 2704 286 2745 urbis
314 2717 483 2747 ncnxx.
531 2708 582 2748 L.
606 2709 828 2762 Scipione,
859 2713 909 2754 C.
939 2714 1050 2754 Nor-

168 2767 280 2808 bano
310 2769 428 2810 Coss.
458 2770 610 2822 quibus
638 2772 948 2826 conflagratum
982 2782 1052 2817 est

169 2830 446 2882 Capitolium,
475 2838 523 2872 ut
556 2844 610 2873 ex
632 2834 828 2888 Dionysii
852 2837 1051 2879 Halicar-

168 2902 280 2931 nass.
297 2891 371 2933 lib.
388 2894 736 2937 immanifestum
753 2903 834 2939 est.
864 2900 1049 2950 Pighius.

170 2955 263 2996 Cic.
279 2956 406 2998 Verr.
429 2969 492 2998 vr.

224 3016 430 3070 Sibyllinis
444 3020 575 3073 libris]
601 3023 743 3063 Variae
763 3023 886 3065 fuere
906 3028 1050 3081 Sibyl·
1079 3024 1083 3027 ’

163 3080 222 3124 ‚1ae
237 3095 248 3121 ς
279 3093 375 3133 quae
387 3083 622 3136 Tarquinio
637 3085 768 3126 libros
781 3088 954 3140 obtulit,
969 3092 1051 3132 Cu·

100 3170 103 3172 »
170 3155 296 3187 mana
311 3143 411 3186 fuit.
467 3148 630 3200 Sibylla
648 3156 791 3191 autem
813 3158 945 3193 tantae
965 3154 1052 3196 fuit

170 3208 285 3259 apud
305 3209 520 3250 Romanos
541 3212 800 3265 autoritatis,
817 3221 864 3256 ut
878 3223 968 3258 tres
987 3220 1052 3259 Si-

166 3269 300 3322 'hyliae
337 3278 500 3313 statuas
538 3275 700 3326 positas
737 3275 869 3318 fuisse
907 3281 1053 3322 tradat

172 3331 353 3385 Plinius,
385 3334 582 3389 illiusque
617 3338 736 3378 libris
765 3343 952 3384 maxima
978 3346 1052 3386 ha-

164 3394 262 3436 ‚bita
282 3399 504 3438 autoritas.
533 3399 706 3440 Praeter
719 3402 950 3456 Sibyllinos
972 3420 1053 3448 cae-

173 3462 290 3500 teros
309 3458 511 3502 fatidicos
525 3463 656 3504 libros
669 3466 929 3520 combustos,
947 3472 1051 3512 Sue-

177 3523 313 3565 tonius
347 3525 391 3565 in
427 3525 624 3578 Augusto
652 3530 827 3574 scribit:
860 3536 871 3555 ‘
895 3535 950 3575 Et
977 3537 1052 3576 hos

1878 285 1986 336 917

1102 429 1291 471 quoque,
1309 417 1484 458 delectu
1498 414 1662 466 habito,
1675 414 1870 458 condidit
1884 415 1988 455 duo-

1103 483 1181 522 bus
1200 481 1348 522 forulis
1366 479 1526 522 auratis
1545 480 1622 519 sub
1644 478 1832 518 Palatini
1856 478 1991 530 Apol·

1103 545 1201 585 linis
1225 543 1343 586 basi!

1165 607 1334 659 Ermum]
1388 606 1658 660 oppidulum
1704 605 1858 647 Siciliae
1907 617 1990 645 non

1105 672 1259 724 procul
1279 672 1333 712 ab
1353 672 1479 712 AEtna
1495 677 1668 712 monte:
1699 670 1754 710 de
1773 682 1855 722 qua
1885 667 1993 710 dicit

1103 735 1262 776 Strabo
1294 735 1371 776 lib.
1405 747 1468 776 vi.
1500 733 1512 758 ‘
1534 735 1656 776 Intra
1692 733 1885 775 Insulam
1923 739 1992 773 est

1107 799 1248 849 Enna,
1263 799 1442 839 modicis
1454 798 1627 851 quidem
1641 809 1836 850 possessa
1854 796 1993 849 inqui-

1106 862 1218 915 linis,
1233 874 1366 915 snper
1384 863 1536 903 collem
1554 863 1726 914 jacens,
1745 862 1789 902 in
1809 873 1891 914 qna
1912 861 1994 901 Ce-

1107 928 1216 968 reris
1248 927 1364 968 aedes
1401 926 1497 967 est.'
1554 927 1619 966 Ea
1651 931 1874 966 montanas
1906 937 1994 964 am-

1106 991 1316 1043 plectitur
1330 991 1536 1044 planicies
1552 995 1666 1030 totas
1679 989 1875 1029 arabiles.
1909 989 1995 1028 Oli-

1105 1067 1188 1094 ver.
1238 1055 1310 1095 De
1332 1056 1490 1095 Cerere
1512 1054 1678 1094 Ennaea
1694 1054 1756 1094 ita
1776 1053 1931 1093 Cicero
1952 1054 1995 1092 in

1106 1118 1312 1159 Verrem:
1333 1117 1346 1140 ‘
1362 1119 1504 1158 Vetus
1519 1117 1616 1169 est,'
1628 1116 1788 1170 inquit,
1804 1117 1817 1139 ‘
1833 1115 1996 1168 opinio,

1107 1181 1135 1223 J
1140 1181 1304 1233 udices,
1323 1194 1418 1234 quae
1434 1187 1604 1222 constat
1621 1193 1674 1220 ex
1691 1180 1996 1232 antiquissimis

1109 1245 1365 1286 Graecorum
1396 1245 1536 1286 literis
1555 1250 1687 1298 atque
1707 1243 2000 1293 monimentis,
2061 1276 2065 1282 .

1107 1311 1301 1352 Insulam
1329 1312 1487 1352 Siciliae
1517 1317 1651 1353 totam
1673 1322 1766 1351 esse
1785 1310 1935 1351 Cereri
1953 1317 1999 1350 et

1110 1375 1279 1416 Liberae
1299 1382 1610 1417 consecratam.
1668 1375 1767 1415 Hoc
1793 1386 1890 1414 cum
1911 1385 1999 1414 cae-

1110 1444 1216 1480 terae
1237 1446 1387 1493 gentes
1406 1440 1469 1481 sic
1483 1440 1767 1491 arbitrantur,
1786 1444 1875 1480 tum
1891 1439 1999 1491 ipsis

1110 1502 1264 1545 Siculis
1283 1509 1372 1542 tam
1394 1515 1647 1555 persuasum
1666 1508 1751 1554 est,
1776 1508 1826 1542 ut
1847 1501 1999 1542 animi·

1111 1576 1258 1605 eornm
1278 1565 1454 1605 insitum
1470 1570 1598 1619 atque
1615 1566 1810 1606 innatum
1825 1577 1918 1606 esse
1939 1565 2000 1605 vi-

1111 1627 1295 1678 deatum
1328 1640 1425 1669 uam
1446 1634 1493 1669 et
1512 1635 1636 1669 natas
1669 1641 1762 1671 esse
1781 1629 1856 1670 has
1883 1629 1926 1670 in
1952 1629 2002 1668 iis

1111 1691 1239 1730 terris
1278 1692 1410 1738 Deas,
1445 1697 1492 1732 et
1527 1691 1676 1745 fruges
1709 1691 1754 1733 in
1791 1705 1844 1733 ea
1881 1696 2001 1733 terra

1111 1755 1295 1807 primum
1324 1762 1446 1796 natas
1466 1755 1746 1808 arbitrantur,
1767 1761 1813 1797 et
1833 1760 2001 1807 raptam

1111 1831 1204 1860 esse
1223 1819 1442 1871 Liberam,
1461 1832 1589 1872 quam
1622 1819 1807 1861 eandem
1824 1820 2001 1861 Proser-

1111 1882 1256 1934 pinam
1273 1889 1448 1934 vocant,
1464 1896 1521 1923 ex
1536 1883 1799 1923 Enneusium
1815 1895 2003 1935 nemore,

1112 1946 1185 1998 qni
1205 1946 1342 1997 locus,
1378 1946 1494 1999 quod
1525 1947 1571 1986 in
1599 1946 1744 1987 media
1770 1946 1909 1987 insula
1936 1957 2003 1988 est

1111 2009 1235 2061 situs,
1269 2009 1282 2032 ‘
1312 2010 1553 2051 Umbilicus
1587 2008 1770 2051 Siciliae’
1809 2011 2001 2063 appella-

1111 2072 1215 2114 tur!

1165 2139 1300 2180 Matri
1331 2139 1483 2192 Deum]
1515 2140 1632 2183 'Quae
1672 2139 1837 2192 Cybele
1867 2139 2002 2192 dicta,

1111 2201 1264 2242 eadem
1297 2201 1574 2243 existimatur
1607 2214 1704 2243 cum
1737 2200 1918 2243 Astarte
1938 2203 2002 2243 Si·

1110 2266 1352 2319 doniorum,
1381 2273 1428 2307 et
1461 2279 1560 2307 cum
1590 2267 1711 2307 Luna
1735 2279 1904 2320 quoque
1930 2267 2000 2307 AE-

1111 2331 1254 2382 gyptii
1274 2329 1616 2381 confundebant,
1629 2335 1678 2371 ut
1692 2336 1880 2372 testatur
1898 2333 2000 2372 Plu-

1114 2394 1249 2434 tarch.
1279 2395 1334 2434 de
1363 2394 1481 2435 Iside
1514 2399 1560 2433 et
1594 2394 1797 2445 Osiride;
1824 2396 1925 2448 quin
1957 2402 2002 2437 et

1113 2455 1264 2496 eadem
1282 2457 1443 2496 Urania
1462 2454 1686 2508 Afrorum,
1719 2458 1774 2498 de
1807 2471 1891 2511 qua
1912 2459 2001 2499 He-

1114 2519 1278 2560 rodian.
1304 2519 1378 2560 lib.
1411 2531 1455 2560 v.
1501 2519 1681 2571 Mylitta
1712 2521 1830 2573 Syris
1869 2521 2004 2562 Geni-

1115 2586 1203 2626 trix
1222 2586 1401 2635 dicitnr,
1421 2567 1500 2623 '1¹2’
1525 2587 1640 2628 enim
1654 2588 1834 2638 gignere.
1890 2590 2000 2631 Quae

1114 2655 1160 2689 et
1177 2649 1326 2691 Persis
1353 2650 1536 2700 Mithra,
1558 2650 1649 2690 sive
1669 2652 1859 2702 Mather,
1887 2653 2003 2705 quod

1114 2712 1367 2763 genitricem
1386 2718 1431 2753 et
1449 2718 1634 2752 matrem
1646 2713 1795 2754 Persis
1810 2715 2003 2755 denotat.

1118 2775 1239 2826 Thys.

1169 2837 1463 2889 Pessinuntem]
1501 2838 1728 2890 Oppidum
1764 2847 1834 2880 est
1866 2841 2004 2894 Phry-

1115 2900 1306 2952 giae,ubi
1335 2901 1519 2954 Cybeles
1552 2902 1855 2945 simulachrum
1889 2906 2001 2946 cole—

1116 2963 1260 3012 batur,
1289 2964 1405 3016 qnod
1440 2977 1538 3004 cum
1569 2977 1594 3005 e
1627 2965 1889 3007 Pessinunte
1910 2980 2001 3007 ora-

1115 3030 1211 3069 culo
1262 3029 1476 3082 Apollinis
1524 3032 1709 3085 Romam
1746 3034 2002 3074 translatum

1115 3099 1249 3146 esset,
1269 3095 1382 3146 apud
1411 3095 1654 3147 Scipionem
1682 3096 1887 3136 Nasicam
1907 3109 2005 3136 con-

1116 3169 1243 3197 sensu
1281 3162 1458 3198 senatus
1492 3159 1750 3199 collocatum
1782 3166 1865 3210 est,
1901 3162 2003 3212 qnia

1116 3232 1366 3271 responsum
1386 3219 1530 3260 fuerat
1551 3222 1609 3261 ab
1625 3223 1812 3271 oraculo,
1837 3229 1885 3262 ut
1904 3236 2001 3264 cum

1116 3283 1296 3323 Romam
1314 3280 1407 3323 Dea
1440 3284 1642 3334 venisset,
1672 3290 1763 3323 tum
1783 3291 2004 3337 curarent,

1117 3352 1165 3384 ut
1184 3357 1279 3385 eam
1299 3346 1372 3398 qui
1391 3347 1577 3397 optimus
1597 3353 1707 3385 esset
1728 3347 1874 3388 Romae
1907 3350 2001 3390 hos-

1117 3408 1224 3459 pitio
1265 3411 1507 3461 acciperet:
1552 3410 1606 3448 de
1644 3410 1766 3461 cujus
1810 3412 1998 3454 adventu

1117 3487 1194 3514 suo
1222 3475 1318 3516 loco
1351 3476 1544 3516 dicemus
1574 3475 1646 3516 lib.
1674 3487 1776 3517 vm.
1799 3490 1895 3530 cap.
1917 3480 1997 3520 ult.

1120 3538 1268 3578 Oliver.
