2320 4004
319 281 460 336 1178

318 418 516 454 censeret
560 413 806 466 Scipionum
854 427 1020 457 nomen.
1076 417 1190 459 Quid

318 477 440 528 illud,
460 477 574 530 quod
597 479 874 529 amplissimos
902 480 963 519 illi
983 486 1028 520 et
1056 493 1190 532 prope

319 539 484 580 divinos
514 541 694 580 honores
730 542 957 593 aliquando
988 543 1191 583 detulisse

316 601 472 652 fertur,
500 616 604 655 quos
633 604 702 643 ille
735 606 1038 656 reciperenon
1067 608 1192 646 susti-

318 667 423 716 nuit,
455 679 550 706 eum
571 673 824 717 perpetuum
846 669 1074 721 consulem,
1095 669 1192 710 Dic-

319 734 590 780 tatoremque
627 742 772 770 creare
822 732 1050 782 voluerint,
1096 745 1192 772 cum

319 797 483 832 statuas
514 793 577 831 illi
608 793 649 832 in
676 792 865 846 comitio,
894 795 936 835 in
969 797 1131 846 rostris,
1150 797 1192 836 iu

319 856 456 906 curia,
481 856 523 895 in
557 855 769 907 Capitolio
798 857 889 898 fieri
921 859 1192 909 decreverit3

319 930 459 958 nonne
477 919 585 970 grati
608 921 736 959 animi
760 922 882 973 signa
905 929 1002 962 sunt
1022 936 1101 963 non
1123 924 1196 963 ob-

322 982 475 1020 scura?
522 982 649 1023 Quod
687 982 721 1021 si
755 996 807 1024 ex
840 985 994 1024 talibus
1026 986 1195 1026 indiciis

319 1045 474 1085 civium
494 1046 621 1091 animi
643 1046 846 1086 metiendi
875 1054 984 1094 sunt,
1007 1062 1089 1088 non
1110 1056 1196 1090 tam

319 1107 488 1159 ingrata
520 1109 669 1148 civitas
701 1110 741 1148 in
771 1111 1008 1162 abjicienda
1039 1113 1198 1152 benefi-

321 1172 480 1211 ciorum
516 1173 732 1223 memoria,
761 1186 885 1225 quain
911 1175 952 1213 in
974 1177 1199 1217 toleranda.

319 1234 479 1285 injuria
499 1235 605 1274 lenis
628 1236 849 1288 mollisque,
866 1238 1081 1277 censenda
1100 1239 1197 1280 erit.

321 1297 456 1340 Pauci
485 1299 593 1338 enim
620 1297 758 1345 fuere,
778 1301 849 1351 qui
872 1301 1043 1353 reliquis
1062 1302 1197 1352 indig-

319 1361 516 1401 nantibus
536 1362 619 1401 tale
639 1360 802 1401 facinus
820 1363 1058 1403 audendum
1074 1371 1196 1416 puta-

318 1432 432 1467 runt.
487 1428 596 1467 Sunt
632 1429 759 1468 etiam
798 1431 868 1482 qui
908 1438 1064 1482 putant
1092 1444 1197 1472 nun-

322 1502 446 1542 quam
484 1490 730 1542 Scipionem
771 1492 901 1532 fuisse
939 1493 1199 1544 damnatum,

319 1553 392 1593 sed
433 1554 581 1605 gloriae
613 1555 815 1596 satietate
848 1562 1022 1609 captum
1045 1560 1198 1598 consti·

325 1617 457 1657 tuisse
492 1619 642 1669 procul
679 1631 704 1658 a
739 1618 832 1660 foro
879 1627 926 1660 et
967 1621 1197 1662 ambitione

322 1681 510 1733 quietam
546 1694 673 1733 agere
707 1683 863 1725 vitam:
900 1690 945 1725 et
976 1686 1089 1726 hunc
1119 1687 1201 1727 sibi

320 1744 459 1784 locum
480 1746 598 1796 quasi
631 1745 685 1785 ad
719 1746 764 1786 id
793 1753 939 1799 aptum
970 1749 1199 1801 delegisse,

324 1809 541 1851 Caeterum
574 1810 677 1849 illud
712 1813 990 1854 verosimilius
1015 1822 1095 1866 est,
1111 1815 1200 1855 Sci-

323 1873 509 1924 pionem,
543 1879 592 1912 ut
620 1880 713 1914 erat
744 1878 884 1927 magni
919 1883 964 1917 et
997 1878 1201 1929 sapientis

325 1937 452 1976 animi
471 1937 612 1990 homo,
630 1938 898 1980 inimicorum
918 1942 1120 1981 invidiam
1143 1942 1204 1982 fa·

324 1999 407 2039 cile
439 2006 785 2042 contemnentem
823 2003 980 2044 cedere
1014 2017 1065 2043 ex
1097 2006 1204 2045 urbe

324 2063 539 2114 maluisse,
577 2077 702 2116 quam
734 2066 949 2106 intestinis
979 2068 1205 2109 discordiis

327 2125 549 2166 civitatem
570 2134 781 2171 evertere.
815 2130 965 2170 Oliver.

381 2189 548 2239 Ingrata
561 2191 714 2242 patria]
735 2194 805 2232 De
826 2195 1050 2244 sepulchro
1065 2201 1109 2236 et
1124 2196 1211 2236 exi·

326 2258 375 2292 tu
408 2254 619 2306 Scipionis
647 2256 766 2296 varia
795 2257 1013 2298 tradidere
1034 2260 1214 2312 scripto·

327 2329 409 2356 res.
467 2317 555 2357 Alii
586 2319 732 2358 Romae
780 2326 995 2361 mortuum
1031 2323 1214 2364 relatum

327 2380 458 2420 fuisse
477 2382 688 2434 scribunt,
706 2387 751 2423 et
781 2383 834 2423 ad
853 2383 980 2425 fidem
1006 2385 1132 2437 hujus
1152 2386 1215 2426 rei

328 2452 647 2486 monumentum
668 2446 720 2486 ad
742 2452 908 2498 portam
938 2449 1154 2501 Capenam
1175 2449 1217 2489 ei

328 2506 508 2560 factum,
541 2514 587 2549 et
620 2515 706 2549 tres
738 2515 902 2550 statuas
922 2512 1216 2563 superlocatas

330 2569 477 2611 ferunt
493 2585 504 2621 ;
534 2585 712 2623 quarum
726 2573 837 2625 duae,
851 2574 906 2614 P.
923 2585 969 2615 et
987 2575 1035 2616 L.
1053 2575 1216 2627 Scipio·

331 2644 432 2672 num
451 2632 648 2675 dicantur
680 2648 789 2682 esse,
811 2637 939 2677 tertia
959 2638 1086 2677 Ennii
1109 2638 1218 2678 Poe-

333 2702 408 2737 tae.
465 2697 580 2739 Huic
612 2700 839 2740 sententiae
872 2701 979 2740 illud
1000 2701 1218 2742 Ciceronis

334 2759 565 2812 suffragari
585 2762 778 2806 videtur:
819 2765 831 2786 ‘
849 2764 1040 2815 Cliarus,'
1068 2765 1220 2818 inquit,

334 2823 568 2864 ‘Africano
599 2826 810 2877 superiori
843 2825 926 2866 fuit
960 2833 1105 2867 noster
1138 2829 1220 2867 En-

334 2886 455 2928 nius!
511 2889 570 2928 Et
597 2888 762 2928 Plinius
793 2889 896 2930 Nat.
918 2889 1040 2930 Hist.
1057 2890 1134 2930 lib.
1155 2902 1218 2932 ιν.

332 2951 344 2972 ‘
365 2951 518 3003 Prior,'
548 2951 702 3004 inquit,
735 2952 747 2974 ‘
763 2951 994 2992 Africanus
1016 2954 1072 2995 Q.
1095 2953 1222 2997 Ennii

336 3020 523 3057 statuam
541 3015 766 3067 sepulchro
787 3027 863 3055 suo
884 3015 1045 3066 imponi
1058 3016 1221 3068 jussit3

336 3079 497 3119 clarum
509 3078 615 3120 illud
631 3090 800 3129 nomen,
815 3078 899 3118 imo
919 3090 1020 3118 vere
1040 3080 1220 3130 spolium

337 3155 392 3184 ex
408 3143 538 3184 tertia
552 3143 665 3185 orbis
681 3149 805 3194 parte
820 3148 1008 3194 raptum,
1024 3143 1065 3183 in
1081 3144 1224 3183 cinere

338 3220 536 3260 supremo
557 3219 652 3247 cum
673 3206 824 3246 Poetae
846 3206 974 3246 titulo
993 3205 1105 3257 legi)
1135 3205 1225 3246 Alii

340 3277 538 3311 auctores
558 3274 671 3320 sunt,
689 3269 802 3308 inter
829 3280 932 3320 quos
953 3274 997 3308 et
1014 3268 1226 3319 Valerius,

341 3340 388 3375 et
424 3347 476 3374 ea
510 3334 727 3386 vulgatior
760 3331 878 3374 fama
912 3338 994 3384 est,
1032 3333 1226 3375 Linterni

342 3396 593 3438 Africanum
630 3401 860 3447 mortuum,
905 3396 1050 3448 ibique
1089 3398 1227 3446 sepul-

343 3467 448 3510 tum,
467 3466 516 3501 ut
536 3472 667 3513 supra
683 3459 865 3500 diximus
881 3473 894 3509 ;
912 3466 1228 3500 monumentum

344 3524 386 3565 ei
420 3523 586 3566 factum
619 3536 670 3566 ac
715 3528 904 3566 statuam
950 3523 1229 3577 suppositam,

893 298 1070 337 NOTAE

1257 2189 1465 2229 vmanibus
1504 2189 1678 2240 eripuit.
1726 2190 1833 2232 Oliv.

1116 298 1443 340 VARIORUM
1487 301 1552 340 IN

1254 431 1377 471 quam
1399 425 1655 472 tempestate
1674 421 1895 472 disjectam
1918 419 2062 460 Livius
2090 429 2135 458 se

1253 483 1410 523 vidisse
1422 489 1615 524 testatur.
1636 485 1874 536 Propterea
1886 485 1998 536 apud
2013 484 2136 535 caje-

1255 549 1339 585 tam
1371 547 1412 585 in
1435 559 1668 587 marmoreo
1687 548 1914 599 sepulchro
1935 558 2136 598 aeneaque

1258 621 1363 648 urna
1384 610 1475 648 haec
1497 610 1656 661 scripta
1675 611 1975 662 reperiuntur:
2015 613 2026 633 ‘
2047 611 2136 648 De·
2187 623 2189 625 ·

1260 671 1371 711 victo
1389 670 1614 723 Annibale,
1638 668 1687 713 ‘et
1712 679 1839 725 capta
1865 674 2142 724 Carthagine,

1259 739 1304 774 et
1339 739 1465 774 aucto
1503 734 1703 786 Imperio,
1727 737 1805 775 hoc
1836 737 2000 781 cineres
2029 747 2138 776 mara

1258 811 1376 838 more
1395 799 1532 838 lector
1552 799 1683 838 habes
1701 813 1710 838 :
1739 799 1818 837 Cui
1839 811 1920 839 non
1951 790 2141 850 Europe,

1259 873 1342 900 non
1362 860 1533 900 obstitit
1563 859 1712 901 Africa
1744 862 1970 913 quondam,
1988 861 2139 912 Respi-

1260 936 1380 965 ceres
1417 925 1644 975 hominem,
1682 937 1805 976 quem
1844 925 1985 963 brevis
2034 936 2140 964 urna

1262 986 1446 1039 premit?
1474 987 1614 1026 Periit
1630 993 1770 1027 autem
1786 988 1928 1040 Scipio
1951 998 2024 1028 LX.
2044 994 2088 1026 et
2108 998 2139 1026 1.

1263 1062 1349 1090 suae
1372 1050 1512 1089 aetatis
1535 1063 1659 1091 auno.
1700 1052 1804 1091 Oliv.

1319 1114 1425 1157 Quid
1443 1115 1520 1153 ista
1535 1119 1662 1154 autem
1682 1117 1923 1168 necessitate]
1950 1117 2062 1159 Quia
2081 1116 2143 1157 in-

1262 1176 1372 1217 vitus
1391 1176 1444 1216 de
1464 1179 1608 1228 patria
1625 1187 1883 1231 conquestus
1903 1185 1982 1221 est.

1322 1239 1496 1289 Ultione]
1517 1240 1629 1281 Quia
1649 1240 1725 1280 hoc
1746 1241 1870 1280 modo
1890 1241 2143 1293 denegando

1262 1302 1413 1354 patriae
1450 1315 1538 1341 suae
1571 1315 1678 1352 ossa,
1703 1304 1814 1344 illam
1834 1304 2144 1356 quodammodo

1261 1366 1377 1405 ultus
1391 1378 1484 1405 esse
1497 1366 1682 1416 videtur,
1697 1379 1791 1406 cum
1806 1379 1961 1418 magna
1973 1366 2144 1419 quidem

1262 1429 1487 1476 modestia,
1500 1429 1572 1482 qui
1586 1442 1669 1469 non
1683 1430 1912 1482 armis,'non
1925 1430 2054 1481 bello,
2062 1441 2147 1471 non

1263 1492 1448 1544 denique
1468 1493 1554 1531 ulla
1574 1493 1615 1531 vi
1633 1492 1832 1543 injuriam
1851 1491 2146 1532 vindicandam

1264 1568 1358 1595 esse
1390 1555 1569 1607 censuit,
1601 1562 1648 1596 ut
1670 1556 1938 1606 Coriolanum,
1959 1561 2004 1596 ut
2032 1555 2148 1596 Alci-

1263 1619 1425 1669 biades,
1444 1626 1492 1659 ut
1520 1620 1641 1659 multi
1663 1620 1749 1669 alii,
1769 1621 1839 1672 qui
1864 1621 2004 1672 patria
2024 1619 2149 1672 pulsi,

1265 1684 1415 1736 patriae
1438 1684 1597 1723 bellum
1614 1684 1864 1724 intulerunt.
1896 1683 2003 1725 Oliv-

1321 1749 1433 1788 Talia
1464 1760 1596 1801 passo,
1627 1747 1715 1802 ξω]
1767 1747 1962 1799 Contigit
1995 1745 2053 1788 A.
2090 1746 2147 1788 U·

1264 1822 1422 1853 Dcxvr.

1318 1873 1369 1915 In
1395 1885 1585 1913 carcerem
1614 1873 1721 1925 duci]
1752 1873 1831 1914 Cui
1846 1873 2032 1927 judicio,
2061 1880 2151 1914 tam

1266 1936 1396 1988 impio
1429 1942 1600 1989 tamque
1629 1938 1791 1990 iniquo,
1809 1938 1907 1979 Tib.
1925 1939 2150 1990 Gracchus

1267 1999 1477 2051 Scipionis
1529 2000 1737 2051 iuimicus,
1789 2001 1851 2040 rei
1897 2001 2153 2052 indignitate

1269 2070 1520 2115 commotus,
1553 2075 1637 2103 non
1670 2063 1988 2104 dissimulanter
2021 2063 2156 2104 inter·

1271 2127 1418 2176 cessit,
1454 2133 1500 2167 et
1537 2127 1590 2166 L.
1627 2127 1872 2179 Scipionem
1905 2140 1929 2167 e
1958 2127 2154 2167 lictorum

1887 2190 1943 2230 Et
1962 2190 2002 2228 in
2026 2198 2156 2230 carce·

1274 2265 1355 2292 rem
1379 2252 1487 2304 duci]
1520 2253 1617 2292 Non
1649 2259 1789 2293 tamen
1810 2254 1961 2293 ductus
1980 2260 2063 2305 est,
2090 2266 2160 2295 ve-

1275 2321 1397 2355 tante
1417 2315 1460 2355 id
1482 2315 1657 2355 Tiberio
1671 2316 1889 2367 Graccho,
1905 2322 1952 2357 ut
1965 2317 2159 2369 superius

1277 2379 1438 2420 dictum
1460 2384 1541 2419 est.
1571 2379 1738 2420 Badius.

1331 2443 1564 2495 Raptorem]
1611 2444 1864 2496 Respondet
1899 2446 2161 2499 objectioni:

1278 2505 1436 2546 Posset
1466 2506 1615 2558 aliquis
1647 2506 1809 2559 dicere,
1839 2509 1943 2549 nihil
1962 2514 2028 2550 est
2047 2509 2163 2563 quod

1278 2569 1598 2621 ingratitudinis
1617 2572 1817 2622 populum
1838 2573 2073 2613 Romanum
2093 2586 2162 2615 ac-

1280 2646 1418 2675 cuseS.
1473 2635 1626 2687 Neque
1645 2636 1754 2676 enirn
1777 2638 1963 2689 Scipioni
1981 2638 2087 2679 fecit
2102 2638 2164 2678 in·

1274 2698 1449 2750 juriam,
1480 2697 1555 2737 sed
1587 2699 1788 2739 innocens
1817 2699 1914 2742 fuit.
1969 2702 2080 2741 Nam
2101 2701 2163 2741 ita

1281 2768 1362 2808 est,
1396 2762 1559 2814 inquit;
1586 2764 1759 2803 namin
1793 2775 1845 2803 eo
1879 2764 1950 2816 qui
1987 2763 2042 2804 de
2073 2765 2164 2816 ejus

1280 2830 1420 2865 morte
1457 2826 1614 2865 nullam
1649 2826 1691 2866 in
1737 2826 1830 2867 foro
1881 2830 2166 2880 quaestionem

1281 2889 1446 2940 habuit,
1474 2889 1670 2942 iujuriam
1715 2891 1907 2942 Scipioni
1940 2892 2164 2934 maximam

1282 2951 1414 2993 fecit:
1435 2965 1530 2992 nam
1545 2965 1693 3004 passus
1710 2959 1778 2994 est
1796 2954 2014 3006 indignam
2033 2960 2079 2994 et
2093 2967 2167 2995 ne-

1283 3015 1454 3056 fandam
1481 3018 1571 3067 ejus
1596 3017 1757 3056 caedem
1784 3018 1978 3059 inultam.
2033 3019 2168 3060 Varia

1285 3081 1493 3131 suspicati
1511 3086 1610 3120 sunt
1626 3081 1812 3121 homines
1827 3081 1880 3122 de
1898 3088 2037 3122 morte
2057 3083 2166 3134 ejus.

1285 3142 1372 3183 Alii
1385 3143 1647 3193 Carbonem,
1667 3144 1738 3183 alii
1751 3145 2042 3197 Semproniam
2064 3156 2166 3184 uxo-

1287 3218 1391 3255 rem,
1411 3212 1602 3257 utsupra
1615 3206 1814 3257 diximuS,
1828 3214 2046 3246 auctorem
2060 3219 2170 3248 mor-

1288 3270 1343 3310 tis
1361 3269 1492 3309 fuisse
1513 3269 1801 3311 crediderunt.
1847 3270 1952 3310 Oliv.

1345 3334 1446 3379 Quis
1465 3334 1638 3384 ignorat,
1651 3332 1734 3383 ξω]
1767 3333 1848 3372 Ηίο
1856 3332 2040 3384 junioris
2054 3332 2172 3373 Afri-

1290 3397 1385 3437 cani
1417 3396 1619 3448 patruelis
1649 3395 1746 3440 fuit,
1777 3395 1848 3446 qui
1875 3395 2005 3435 totius
2026 3396 2171 3448 populi

1284 3459 1450 3511 judicio
1470 3460 1653 3510 optimus
1669 3458 1850 3497 omnium
1859 3457 2076 3509 judicatus
2090 3464 2171 3507 est,

1292 3536 1374 3578 quo
1412 3528 1604 3576 tempore
1640 3524 1833 3565 Deorum
1862 3527 2001 3576 mater
2032 3522 2174 3563 Pessi-
