2346 3996
521 237 785 279 VALEun
830 225 1620 278 MAXJM11AB.V1.0AP.6.

151 366 244 407 Lex
279 362 398 405 Julia
434 358 742 413 perduellionis
774 367 870 397 eum
900 356 1032 396 etiam

151 442 248 471 esse
279 439 395 469 reum
429 424 578 474 voluit,
607 423 731 475 cujus
772 432 908 474 opera
947 431 1032 459 ma-

151 495 356 546 gistratus
376 502 475 543 pop.
498 487 681 529 Romani
700 486 866 528 occisus
886 483 1034 524 fuerit.

210 555 358 597 Primoe
375 553 527 605 classis]
546 553 613 592 Ex
632 551 822 603 quinque
851 548 1035 597 scilicet,

151 621 197 661 in
242 631 345 672 quas
386 617 570 669 populus
617 616 833 655 Romanus
879 611 1037 652 divisus

155 688 251 724 erat
268 681 503 723 secundum
519 680 728 719 rationem
749 688 914 718 census
932 675 1039 716 Bau.

211 746 440 799 Claudium]
486 744 617 797 Cujus
664 753 819 783 nomen
857 745 902 781 et
937 751 1040 792 gens

157 810 273 864 plebi
286 821 457 862 semper
474 809 612 848 invisa
630 806 730 847 fnit.

211 876 234 927 ξ
253 878 280 915 4
300 871 590 923 Sacrosanctae]
612 872 751 914 Quam
777 869 938 910 violare
970 879 1042 907 ne·

158 938 223 979 fas
243 943 374 979 esset.

216 1001 427 1053 Obtentui]
447 1000 704 1041 Praetextui.

212 1064 416 1117 Sacrario]
460 1065 514 1105 In
561 1064 702 1118 aliquo
753 1061 930 1114 templo,
972 1058 1046 1100 ubi

162 1135 280 1172 tutus
298 1130 473 1180 lateret,
493 1128 606 1170 uude
635 1126 806 1169 extrahi
833 1139 916 1167 non
951 1137 1047 1178 pos-

162 1198 245 1236 set.

215 1260 240 1312 §
259 1263 284 1299 6
307 1259 430 1309 Cujus
462 1261 507 1298 ut
535 1259 588 1298 ad
619 1255 759 1309 alium]
791 1256 870 1296 Cn.
898 1253 1049 1294 Domi·

165 1323 248 1365 tius
262 1323 323 1364 Μ.
339 1323 549 1364 Scaurum
565 1322 804 1363 accusavit.
860 1319 947 1360 Hic
965 1320 1052 1360 Do-

166 1387 313 1428 mitius
332 1385 434 1436 fuit,
452 1387 524 1440 qui
543 1392 695 1440 quarto
716 1385 944 1426 consulatu
957 1385 1052 1425 Ma·

166 1450 218 1490 rii
237 1448 445 1491 Pontifex
474 1450 690 1490 Maximus
722 1449 870 1502 populi
903 1447 1053 1489 suffra-

168 1514 239 1566 gio
259 1518 433 1554 creatus
452 1518 534 1554 est,
590 1514 793 1554 Scaurum
825 1519 969 1553 autem
986 1525 1058 1553 ac.

167 1575 334 1617 cusavit
366 1577 446 1617 hac
483 1575 538 1617 de
574 1575 731 1628 causa‘j:
773 1576 932 1616 Consul
959 1588 1058 1616 cum

169 1640 319 1680 Cassio
339 1638 436 1692 fuit,
463 1645 510 1680 et
538 1651 667 1693 quum
686 1643 804 1680 esset
822 1639 922 1680 trib.
942 1640 1058 1692 pleb.

168 1703 304 1744 iratus
332 1703 512 1754 Scauro,
532 1702 647 1756 quod
667 1715 762 1743 eum
785 1703 827 1742 in
850 1715 1057 1755 angurum

169 1767 400 1821 collegium
430 1780 515 1808 non
544 1773 844 1820 cooptaverat,
872 1768 987 1808 diem
1017 1769 1056 1808 ei

171 1829 284 1871 dixit
302 1831 359 1871 ad
386 1832 608 1884 populum,
640 1837 687 1871 et
718 1832 922 1872 mulctam
953 1832 1058 1873 irro-

170 1894 306 1947 gavit,
335 1895 450 1948 quod
481 1895 572 1947 ejus
610 1906 743 1947 opera
770 1907 893 1935 sacra
922 1896 1058 1936 multa

171 1969 274 2010 pop.
312 1957 438 1999 Rom.
475 1957 702 1999 imminuta
737 1969 830 1998 esse
874 1957 1057 2000 diceret.

151 2023 353 2074 *Crimini
393 2022 529 2070 dabat
573 2036 693 2064 sacra
736 2024 910 2076 publica
956 2037 1059 2077 pop.

173 2087 300 2128 Rom.
355 2087 499 2127 Deum
539 2095 763 2139 penatum,
799 2100 898 2140 quae
933 2088 1057 2128 Lavi-

174 2151 233 2191 nii
269 2150 439 2204 fierent,
482 2164 615 2204 opera
651 2150 909 2204 imperfecte
950 2151 1059 2192 fieri.

179 2214 287 2255 oliv.

236 2277 459 2330 Obseratis]
493 2279 678 2330 Clausis,
706 2291 761 2319 ne
797 2279 968 2320 audiret
987 2280 1061 2320 de-

178 2342 381 2382 lationem
402 2343 514 2382 servi
535 2347 687 2382 contra
705 2342 935 2383 dominum.
954 2344 1061 2384 Bau.

231 2407 401 2459 Indicis]
419 2407 576 2458 Vulgo,
592 2407 766 2447 Judicis.

232 2471 256 2522 ξ
275 2473 300 2510 7
325 2469 715 2522 Muniliofurore]
735 2470 819 2512 Hic
836 2472 949 2512 enim
970 2472 1063 2512 Sul-

179 2532 309 2584 pitius
334 2533 434 2574 trib.
465 2532 581 2585 pleb.
614 2533 821 2574 inauditae
851 2536 1063 2587 superbias

180 2602 227 2636 et
245 2596 504 2637 temeritatis
531 2595 631 2648 fuit,
665 2597 738 2650 qui
764 2602 981 2639 trecentos
1001 2611 1066 2640 se-

181 2671 276 2700 cum
299 2660 458 2701 milites
478 2660 665 2701 habebat
694 2662 815 2714 quasi
842 2663 1066 2704 satellites,

185 2723 291 2763 Otiv.

238 2787 360 2828 Fides
377 2787 495 2828 edicti
513 2787 575 2827 sui
595 2788 769 2839 extaret]
791 2789 905 2832 Quia
923 2791 1068 2832 edixe-

183 2854 268 2902 rat,
284 2851 399 2903 quod
419 2852 661 2904 quicunque
689 2864 836 2893 servus
855 2856 1068 2907 proscrip-

185 2922 276 2958 tum
297 2918 524 2969 indicaret,
549 2919 796 2959 libertatem
823 2933 1068 2974 assequere-

186 2987 273 3021 tur.
303 2982 410 3023 Bau.
1051 3023 1053 3025 ,

208 3077 212 3082 ,
237 3044 348 3085 Saxo
379 3045 564 3098 Tarpeio]
583 3045 637 3087 A.
665 3048 832 3089 Gellius
851 3049 961 3088 libro
983 3060 1066 3091 xx.

186 3120 285 3164 cap.
319 3112 358 3149 l.
389 3109 545 3161 perlati
578 3108 676 3149 falsi
708 3111 940 3150 testimonii
970 3124 1070 3152 con-

187 3170 324 3211 victos
357 3182 413 3211 ex
440 3172 559 3223 Lege
580 3172 805 3212 duodecim
826 3173 1069 3221 tabularum

189 3233 244 3275 de
261 3246 364 3275 saxo
391 3234 581 3288 dejectos
612 3237 778 3276 scribit.
837 3237 996 3277 Verum
1026 3245 1072 3279 et

188 3297 233 3336 in
265 3298 369 3338 alios
405 3299 594 3339 criminis
627 3299 815 3351 ingentis
852 3312 948 3342 reos
991 3301 1071 3342 hoc

189 3360 445 3412 supplicium
483 3362 737 3403 derivatum.
804 3364 969 3405 Postea
1009 3370 1071 3405 ta-

192 3435 292 3464 men
329 3425 547 3467 abolitum.
618 3427 745 3468 Unde
792 3429 902 3469 dixit
937 3429 1072 3471 Juris-

193 3488 411 3528 consultus
450 3490 720 3532 Modestinus
755 3492 799 3534 in
841 3494 868 3534 l.
907 3494 944 3534 si
982 3493 1072 3532 diu·

302 3556 447 3610 Delph.
462 3562 502 3599 et
518 3558 614 3600 Var.
634 3559 741 3600 Clus-

994 3560 1081 3601 Val.
1106 3561 1223 3599 Max.

1837 224 1979 279 1233

1098 356 1190 395 tino
1217 361 1284 397 25.
1305 356 1350 399 ff.
1370 357 1423 398 de
1456 357 1604 398 Poe'nis
1639 370 1721 398 non
1756 370 1882 409 posse
1911 360 1984 399 ali-

1098 432 1223 471 quem
1245 421 1306 462 sic
1326 421 1535 473 damnari,
1555 427 1604 462 ut
1623 421 1678 462 de
1703 434 1806 462 saxo
1828 424 1981 475 praeci-

1100 483 1278 534 pitetur.
1971 527 1973 529 ,

1155 546 1283 587 Parta
1301 548 1420 600 pileo]
1441 549 1579 589 Parta
1596 548 1816 591 libertate.
1873 551 1987 592 Nam

1103 622 1198 650 raso
1215 617 1383 652 tantum
1412 613 1558 665 capite
1587 614 1747 665 pileum
1775 614 1888 654 servi
1916 627 1988 655 ca·

1105 685 1209 725 pere
1240 675 1452 727 solebant,
1490 689 1587 717 cum
1620 677 1828 718 libertate
1859 677 1993 718 dona·

1104 743 1267 778 rentur.
1297 739 1468 780 Badius.
1730 774 1733 777 .

1161 804 1275 843 Exw.
1309 806 1374 857 §1
1399 805 1597 858 Moribus]
1630 805 1745 848 Quia
1776 807 1891 847 inter
1927 818 1991 846 sa-

1110 866 1276 919 pientes
1304 868 1474 908 habitus
1496 875 1576 910 est.

1166 931 1450 985 Tyrannidem]
1482 933 1717 983 Imperium
1738 946 1825 974 suae
1846 933 1982 974 urbis.

1168 996 1355 1048 Tamdiu]
1369 997 1536 1037 Decem
1557 1009 1689 1037 annos
1700 998 1829 1049 juxta
1848 997 1995 1038 Laert.

1163 1058 1328 1112 Sygoeo]
1380 1061 1451 1101 De
1498 1061 1766 1113 possessione
1807 1063 1901 1113 agri
1938 1061 1996 1101 A·

1112 1123 1332 1164 chillitidis
1368 1123 1656 1165 Athenienses
1688 1137 1784 1165 cum
1824 1124 1999 1175 Mityle-

1113 1190 1220 1231 naeis
1240 1195 1429 1232 certasse
1458 1190 1682 1243 Diogenes
1711 1190 1910 1232 Laertius
1928 1204 1999 1232 au-

1114 1259 1185 1295 tor
1203 1260 1288 1296 est.

1169 1319 1297 1371 Agri]
1329 1318 1493 1372 Agrum
1524 1332 1550 1360 a
1573 1319 1840 1373 Mitylenaeis
1869 1320 2002 1361 tradi·

1120 1388 1210 1423 tum
1249 1383 1519 1435 postmodum
1554 1394 1828 1424 consecrasse
1861 1383 2003 1423 Pitta-

1119 1458 1214 1487 cum
1237 1447 1371 1487 tradit
1391 1447 1612 1499 Diogenes
1634 1446 1847 1498 Laertius,
1875 1452 2004 1499 atque

1121 1522 1198 1550 suo
1230 1516 1424 1562 tempore
1459 1511 1512 1551 ab
1544 1511 1634 1563 ejus
1665 1511 1835 1552 nomine
1864 1511 2005 1551 Pitta-

1121 1575 1233 1614 cium
1255 1574 1434 1615 dictum.

1174 1639 1197 1690 ’ς
1216 1642 1242 1679 2
1263 1638 1554 1690 Themistocles]
1601 1638 1725 1679 Idem
1746 1639 2005 1680 Plutarchus

1121 1701 1164 1741 in
1187 1702 1276 1754 ejus
1295 1703 1412 1754 Vita,
1431 1708 1476 1743 et
1493 1702 1584 1744 Cic.
1605 1701 1735 1743 Offic.
1754 1714 1827 1743 111.

1174 1767 1197 1819 ᾗ
1217 1770 1240 1807 3
1268 1766 1476 1818 Zaleucus]
1507 1766 1592 1809 Qui
1609 1766 1728 1818 leges
1747 1766 1847 1807 tulit
1860 1765 2011 1806 Locris

1122 1830 1439 1883 Epizephyriis,
1455 1836 1501 1871 et
1519 1831 1710 1870 Thaletis
1736 1835 1914 1882 putatur
1935 1842 2009 1869 au-

1121 1895 1237 1935 ditor
1265 1894 1397 1946 juxta
1417 1893 1701 1935 Aristotelem
1736 1893 1913 1933 Politic.
1934 1893 2010 1934 lib.

1123 1971 1174 2000 11.
1194 1971 1292 2010 cap·
1311 1962 1375 1999 10.

1177 2026 1200 2076 ς
1234 2028 1260 2064 4
1288 2023 1366 2064 Sed
1399 2023 1602 2076 aliquanto
1641 2023 1860 2062 Charondae
1897 2022 2013 2074 Tyrii

1119 2087 1374 2140 praefractior
1390 2093 1508 2140 atque
1527 2087 1901 2139 abscisiorjustitia]
1942 2086 2012 2126 Ita

1124 2154 1267 2205 vulgo.
1316 2152 1583 2203 Legendum‚
1606 2152 1824 2192 Charondae
1856 2152 2011 2191 Thurii.

1126 2218 1207 2257 His
1238 2218 1352 2257 enim
1372 2218 1491 2269 leges
1522 2217 1711 2268 scripsit,
1746 2216 2012 2268 Pythagorae

1127 2281 1362 2332 discipulus
1382 2293 1478 2321 cum
1501 2282 1704 2333 Zaleuco‚
1730 2288 1778 2321 ut
1798 2294 1851 2321 ex
1883 2281 2013 2321 Laer-

1127 2345 1188 2384 tio
1209 2351 1394 2385 constat.
1450 2345 1713 2386 Aristoteles
1740 2352 1786 2386 et
1815 2346 2014 2386 Stobaeus

1128 2408 1382 2450 Catanaeum
1401 2406 1534 2449 fuisse
1556 2406 1750 2449 tradunt.
1782 2409 1968 2459 Pighius.

1180 2470 1404 2522 Abscisior]
1460 2471 1675 2523 Severior,
1710 2472 1777 2512 vel
1824 2471 2014 2512 brevior.

1129 2535 1352 2577 Abscissum
1389 2535 1549 2577 dicitur
1585 2536 1700 2589 quod
1749 2541 1930 2588 repente
1966 2534 2016 2576 fit

1130 2600 1221 2640 sine
1237 2601 1320 2640 ullo
1340 2605 1559 2653 respectu.

1185 2665 1294 2705 CAP.
1317 2676 1380 2706 v1.
1424 2666 1446 2716 ς
1469 2668 1490 2704 1
1538 2667 1638 2705 Cum
1659 2666 1911 2718 Ptolemaeus,
1927 2664 2016 2717 εμπ]

1133 2727 1329 2779 Contigit
1347 2726 1402 2767 A.
1417 2727 1473 2767 U.
1493 2738 1632 2768 nxcv.

1184 2793 1251 2831 Ad
1279 2791 1440 2831 tutelam
1456 2791 1687 2843 gerendam]
1715 2791 2018 2844 Justinus‚qui

1133 2855 1188 2895 de
1222 2855 1302 2895 hac
1333 2855 1473 2895 tutela
1502 2856 1764 2896 mentionem
1797 2856 1873 2897 lib.
1904 2867 2018 2897 xxx,

1133 2918 1255 2968 facit,
1290 2931 1375 2958 non
1410 2931 1434 2958 a
1466 2921 1570 2971 rege
1602 2924 1791 2960 tutorem
1821 2920 2019 2959 relictum

1133 2983 1293 3035 populo
1328 2983 1460 3023 fuisse
1493 2984 1615 3035 dicit,
1649 2984 1725 3024 sed
1760 2989 1858 3036 post
1889 2984 2016 3035 Regis

1132 3052 1313 3086 mortem
1335 3046 1388 3087 ab
1408 3046 1711 3088 Alexandrinis
1728 3048 1904 3087 Romam
1923 3047 2021 3084 mis-

1131 3122 1199 3150 sos
1228 3109 1359 3151 fuisse
1388 3112 1570 3162 legatos,
1600 3111 1673 3163 qui
1707 3116 1880 3150 orarent
1917 3120 2017 3159 popl

1135 3174 1259 3216 Rom.
1294 3180 1343 3214 ut
1373 3170 1552 3215 tutelam
1583 3174 1735 3225 pupilli
1770 3171 2020 3222 susciperet,

1135 3249 1398 3290 regnumque
1445 3244 1640 3278 tueretur
1685 3234 1873 3287 AEgypti,
1905 3234 2018 3286 quod

1126 3302 1219 3354 jam
1239 3302 1466 3353 Philippus
1495 3306 1540 3339 et
1558 3297 1798 3338 Antiochus
1818 3295 1938 3335 facta
1957 3295 2020 3334 iu-

1137 3375 1206 3405 ter
1225 3371 1270 3405 Se
1300 3365 1501 3417 pactione
1536 3362 1728 3402 divisisse
1754 3360 2020 3399 dicebantur.

1138 3430 1319 3470 Gratam
1355 3428 1616 3479 legationem
1649 3424 1780 3462 fuisse
1815 3422 2019 3462 Romanis

1142 3504 1313 3532 causam
1349 3490 1450 3531 belli
1491 3486 1780 3541 quaerentibus
1820 3484 2020 3524 adversus

1835 3554 1860 3589 4
1892 3551 1911 3589 l
