2320 4004
311 310 451 361 1124

363 441 384 490 ξ
402 443 426 479 7
456 439 511 479 At
530 439 591 478 M.
609 434 832 486 Marcellus]
851 434 914 474 M.
934 434 1177 485 Marcellus,

307 510 400 542 cum
434 502 604 540 Valerio
633 500 820 546 Laevino,
854 501 942 535 tum
973 496 1082 536 forte
1103 497 1175 537 ab-

311 571 449 615 sente,
470 566 621 604 iterum
650 560 818 609 Consul,
833 559 973 599 idibus
1004 560 1176 600 Martiis

307 640 401 667 cum
420 628 704 677 magistratum
724 623 889 673 inisset,
909 629 1101 662 senatum
1123 634 1175 663 eo

306 690 393 738 die,
407 700 521 727 more
538 686 754 737 majorum,
770 684 932 736 babuit,
950 683 1176 734 professus,

304 764 348 790 se
387 750 488 789 nihil
520 748 696 787 absente
731 747 913 798 collega,
946 760 1082 799 neque
1118 747 1174 787 de

310 812 542 863 republica,
572 822 709 862 neque
737 810 791 849 de
811 811 1038 862 provinciis
1056 818 1172 850 actu—

301 887 409 922 rum3
423 874 530 911 scire
546 886 588 911 se
599 872 844 924 frequentes
860 873 1025 913 Siculos
1039 886 1172 925 prope

299 937 443 975 urbem
477 936 517 974 in
545 936 656 974 villis
687 936 1006 975 obtrectatores
1038 935 1172 976 facto-

297 1010 388 1038 rum
425 1010 593 1037 suorum
641 1010 759 1047 esse;
808 998 960 1051 quibus
1003 1003 1170 1038 tantum

298 1061 481 1111 abesset,
510 1068 558 1100 ut
587 1074 663 1112 pro
683 1074 730 1100 se
762 1074 845 1101 non
879 1062 1009 1102 liceat
1030 1063 1170 1114 palam

297 1124 658 1172 Romaecrimina,
687 1130 733 1164 et
761 1125 894 1174 dicta,
912 1131 958 1165 et
984 1125 1087 1164 ficta
1115 1126 1170 1165 ab

295 1188 471 1227 inimicis
493 1188 672 1239 vulgari,
705 1195 753 1228 ut
779 1188 859 1228 nisi
878 1188 1171 1229 insimularent

295 1251 473 1302 aliquem
495 1250 575 1289 sibi
596 1251 789 1290 timorem
811 1251 987 1291 absente
1007 1252 1170 1302 collega

293 1314 461 1355 dicendi
494 1315 550 1354 de
579 1316 751 1355 consule
785 1327 896 1366 esse,
915 1316 994 1367 ipsi
1016 1317 1078 1356 eis
1097 1328 1169 1356 ex-

293 1379 453 1428 templo
470 1378 645 1417 daturus
670 1380 874 1417 Senatum
894 1377 1038 1418 fuerit.
1082 1378 1167 1418 Ubi

293 1441 463 1493 quidem
491 1443 659 1493 collega
691 1441 896 1489 venisset,
918 1453 1001 1480 non
1022 1453 1168 1492 passu-

290 1516 383 1543 rum
412 1505 632 1557 quicquam
664 1505 781 1556 prius
801 1505 1020 1556 agi,quam
1042 1509 1088 1544 ut
1106 1505 1168 1543 Si·

293 1568 378 1608 culi
393 1568 433 1606 in
450 1569 653 1608 Senatum
671 1568 1013 1608 introducantur.
1041 1568 1167 1608 Post-

292 1643 419 1682 quam
454 1632 584 1682 igitur
620 1633 787 1683 collega
815 1631 957 1682 rediit,
985 1632 1166 1683 primum

294 1695 409 1734 inter
429 1707 475 1734 se
495 1696 735 1746 provincias
751 1696 891 1735 sortiti
912 1702 1023 1737 sunt.
1060 1696 1167 1736 Sici-

292 1757 347 1796 lia
381 1764 426 1798 et
461 1759 604 1798 classis
639 1759 863 1808 Marcello,
909 1759 1037 1799 Italia
1070 1772 1166 1799 cum

274 1820 408 1860 >bello
454 1821 654 1860 adversus
702 1820 953 1861 Annibalem
992 1822 1166 1862 Laevino

293 1885 455 1934 evenit,
474 1898 569 1937 quae
598 1896 686 1924 sors
716 1886 833 1924 velut
852 1886 1006 1924 iterum
1028 1886 1165 1936 captis

292 1947 518 1998 Syracusis
548 1948 609 1987 ita
637 1947 896 1987 exanimavit
921 1947 1101 1998 Siculos,
1120 1953 1167 1987 ut

293 2010 572 2062 comploratio
592 2022 733 2050 eorum
770 2009 1021 2064 flebilesque
1042 2023 1166 2051 voces

294 2074 513 2125 extemplo
535 2074 677 2113 oculos
696 2074 910 2113 hominum
930 2076 1165 2114 convertis-

293 2142 402 2176 sent.
459 2137 583 2178 Quod
601 2148 697 2175 cum
715 2137 922 2176 Marcello
949 2138 1164 2188 cognitum

293 2205 424 2248 esset,
444 2211 496 2238 ne
517 2199 609 2251 quis
628 2199 799 2239 fraenari
830 2199 982 2240 timore
1000 2201 1164 2241 Siculos

293 2260 438 2301 dicere
458 2268 618 2312 posset,
637 2275 719 2314 quo
738 2252 874 2302 minus
895 2263 948 2302 de
965 2275 1010 2303 se
1030 2264 1165 2305 libere

292 2331 546 2377 querantur,
581 2326 622 2364 in
656 2326 774 2377 cujus
816 2331 1030 2378 potestate
1066 2340 1164 2368 mox

290 2386 421 2428 futuri
440 2395 600 2438 essent,
631 2390 890 2440 provinciam
911 2402 1008 2429 cum
1039 2392 1165 2431 colle-

290 2463 343 2501 ga
365 2453 646 2502 permutavit3
675 2453 829 2492 deinde
844 2453 1008 2493 Siculos
1028 2454 1069 2492 in
1087 2454 1164 2493 Se-

293 2519 439 2552 natum
468 2514 724 2566 introduxit,
752 2521 797 2554 et
830 2515 883 2554 de
904 2527 949 2554 se
978 2516 1166 2567 graviter

292 2584 603 2629 conquerentes
623 2579 871 2630 aequissimis
890 2580 1061 2619 auribus
1076 2592 1163 2619 sus·

295 2639 436 2689 tinuit,
451 2637 678 2693 jussosque
699 2654 724 2679 a
741 2641 929 2691 Laevino,
948 2648 1043 2692 post
1063 2654 1163 2681 con-

294 2704 575 2755 questionem,
589 2704 795 2744 excedere
810 2705 1094 2756 extemplo,ut
1110 2704 1163 2744 de

292 2766 517 2816 postulatis
537 2778 682 2806 eorum
703 2773 845 2818 patres
876 2768 1036 2807 consuli
1066 2780 1163 2819 pos-

293 2832 405 2877 sent,
423 2828 654 2867 Marcellus
675 2829 815 2868 tenuit
833 2834 879 2868 ut
898 2841 1039 2869 coram
1059 2830 1163 2880 ipsis

292 2891 574 2942 responderet
601 2890 794 2942 objectis,
822 2904 905 2944 quo
934 2890 1050 2931 facto
1069 2904 1163 2932 cum

292 2951 376 2994 illis
406 2955 570 3005 pariter
604 2955 791 2994 excessit
827 2955 879 2994 de
909 2954 1084 3006 Senatu,
1116 2961 1164 2994 ut

291 3018 467 3058 liberius
500 3020 654 3060 Patres
690 3020 851 3060 consuli
885 3026 1073 3071 possent,
1094 3021 1164 3072 qui

293 3089 389 3123 acta
407 3083 603 3122 Marcelli
636 3095 796 3123 summo
817 3095 1023 3123 consensu
1053 3095 1163 3123 com-

293 3147 560 3198 probarunt;
603 3147 813 3187 revocatis
834 3147 991 3187 deinde
1022 3148 1062 3186 in
1088 3148 1164 3187 Se-

294 3215 441 3248 natum
459 3210 629 3261 Siculis,
662 3215 707 3250 et
740 3211 928 3261 consule,
948 3211 1165 3262 citatoque

294 3272 689 3323 senatusconsulto,
722 3272 853 3311 Siculi
882 3271 1063 3323 benigne
1092 3284 1166 3323 ap·

295 3338 446 3388 pellati
471 3349 522 3377 ac
542 3336 727 3387 demissi,
746 3336 799 3376 ad
834 3348 968 3387 genua.
987 3348 1031 3375 se
1050 3336 1166 3375 Mar-

296 3401 396 3440 celli
422 3401 604 3441 consulis
635 3400 936 3452 projecerunt3
979 3404 1022 3438 et
1049 3399 1167 3438 obse-

297 3470 481 3515 crantes,
496 3469 544 3503 ut
560 3476 652 3515 quae
673 3462 945 3514 deplorandae
963 3475 1011 3502 ac
1030 3462 1167 3501 levan-

298 3525 364 3565 dae
392 3527 645 3567 calamitatis
666 3538 752 3566 suae
785 3537 912 3566 causa
942 3524 1167 3570 dixissent,

886 316 1062 355 NOvAE.
1102 317 1179 355 VA
1194 316 1432 356 RIORUM

1476 317 1538 356 lN

1235 435 1397 476 veniam
1416 437 1476 475 eis
1496 435 1632 485 daret,
1661 439 1706 475 et
1725 435 1767 474 in
1783 433 1910 474 fidem
1928 433 2104 475 cliente·

1234 499 1403 551 lamque
1435 499 1665 550 acciperet.
1721 498 1980 538 Pei-orantes
2006 498 2102 538 haec

1235 563 1380 602 consul
1400 563 1634 602 clementer
1652 562 1874 613 allocutus,
1886 573 1960 601 eos
1979 561 2102 600 dimi·

1235 625 1303 665 sit.
1335 625 1487 665 Oliver.
2123 674 2126 676 v

1286 686 1518 726 Annibalem
1552 687 1671 738 vinci,
1705 691 1744 727 et
1775 686 1987 739 Syracusas
2014 685 2105 736 capi

1229 763 1355 802 posse,
1373 750 1460 802 δῖα]
1492 751 1600 790 Nam
1630 762 1773 790 omnes
1792 755 1892 790 ante
1918 749 2101 789 Marcel-

1233 815 1318 853 lum
1339 813 1517 853 Romani
1536 812 1841 863 Imperatores,
1858 812 1994 852 velex
2007 811 2101 851 acie

1231 877 1335 916 victi
1365 877 1661 925 discesserant,
1698 876 1764 914 vel
1800 875 1842 914 in
1875 875 1968 914 acie
2004 886 2101 914 cum

1232 951 1385 990 magna
1397 938 1580 989 reipubl.
1591 937 1714 977 clade
1730 937 1992 976 ceciderant.
2011 936 2103 976 Aut

1231 1007 1347 1041 certe
1376 1012 1588 1052 nunquam
1621 1012 1716 1040 cum
1739 999 1948 1039 Annibale
1967 998 2103 1039 fortu-

1231 1076 1328 1104 nam
1347 1063 1448 1103 belli
1470 1070 1636 1103 tentare
1657 1062 1746 1102 ausi
1765 1061 1951 1102 fuerant.
2005 1061 2102 1101 Pri·

1230 1139 1321 1166 mus
1357 1127 1487 1178 igitur
1529 1126 1759 1166 Marcellus
1795 1125 1909 1176 apud
1947 1125 2101 1166 Nolam

1231 1190 1343 1229 vinci
1364 1202 1484 1241 posse
1510 1189 1671 1229 docuit.
1727 1189 1838 1229 Nam
1873 1200 2002 1240 quum
2031 1199 2100 1228 ur·

1232 1252 1327 1292 bem
1362 1254 1478 1293 illam
1511 1253 1731 1293 obsideret
1773 1251 1974 1301 Annibal,
2005 1262 2101 1304 qum

1230 1315 1534 1367 propemodum
1553 1316 1607 1354 ad
1624 1314 1906 1355 defectionem
1927 1314 2099 1354 videbe·

1229 1384 1300 1418 tur
1318 1385 1478 1430 erecta,
1496 1379 1726 1418 Marcellus
1751 1384 1877 1417 nocte
1895 1377 2100 1428 oppidum

1229 1441 1463 1492 ingressus,
1493 1447 1538 1482 et
1555 1442 1610 1481 ad
1630 1447 1718 1480 tres
1738 1447 1880 1492 portas
1899 1440 1940 1478 in
1960 1439 2101 1480 hostes

1230 1517 1369 1546 versas
1384 1505 1603 1556 tripartito
1633 1503 1867 1545 exercitum
1883 1503 2102 1554 instruxit,

1228 1567 1533 1619 impedimenta
1579 1566 1777 1619 subsequi
1818 1566 1975 1618 jussit:
2030 1578 2100 1606 ca·

1228 1631 1365 1678 lones,
1385 1631 1507 1681 lixas,
1538 1635 1583 1670 et
1610 1629 1819 1669 invalidos
1839 1628 1997 1668 milites
2016 1629 2100 1667 val-

1228 1698 1312 1736 lum
1341 1694 1475 1745 ferre,
1503 1699 1550 1734 ut
1579 1694 1838 1746 paucitatem
1867 1692 2100 1746 spernenti-

1228 1759 1304 1799 bus
1342 1759 1505 1805 Poenis,
1541 1757 1726 1808 ingentis
1756 1755 1972 1795 exercitus
2006 1766 2100 1806 spe-

1227 1824 1335 1863 ciem
1368 1826 1546 1873 repente
1574 1821 1782 1861 facerent.
1836 1818 1919 1858 His
1948 1818 2009 1858 ita
2038 1818 2100 1856 in·

1227 1885 1416 1936 structis,
1450 1883 1764 1936 patefactisque
1793 1887 1971 1934 repente
2005 1889 2101 1932 por·

1228 1949 1298 1999 tis,
1326 1947 1369 1987 in
1395 1948 1540 1987 hostes
1569 1951 1688 1986 tanto
1718 1957 1816 1985 cum
1845 1945 2026 1984 clamore
2055 1950 2101 1983 et

1228 2012 1389 2063 impetu
1407 2009 1615 2059 feruntur,
1630 2018 1677 2048 ut
1693 2007 1946 2060 perturbata
1960 2006 2101 2047 media

1230 2075 1340 2125 acie,
1374 2080 1500 2125 terga
1546 2072 1784 2121 verterint3
1830 2083 1912 2110 non
1958 2077 2100 2111 tamen

1227 2138 1318 2176 sine
1331 2138 1516 2189 jactura.
1572 2137 1683 2176 Nam
1704 2135 1788 2174 duo
1803 2135 1935 2174 millia
1954 2139 1999 2173 et
2014 2140 2099 2174 tre-

1228 2200 1343 2240 centi
1362 2199 1543 2239 hostium
1572 2199 1687 2246 caesi,
1717 2210 1798 2237 non
1819 2198 1914 2249 plus
1949 2196 2102 2236 Roma·

1220 2275 1378 2313 ‚norum
1415 2267 1586 2302 centum
1620 2261 1795 2303 amissis.
1851 2260 2009 2312 Ingens
2048 2273 2100 2300 eo

1228 2328 1298 2368 die
1335 2340 1418 2386 res,
1453 2339 1502 2366 ac
1541 2326 1681 2367 nescio
1722 2338 1776 2365 an
1813 2325 1995 2364 maxima
2027 2324 2101 2363 illo

1228 2393 1339 2433 bello
1363 2399 1484 2444 gesta
1514 2392 1584 2432 sit.
1645 2391 1742 2430 Non
1773 2389 1886 2429 euim
1917 2389 2026 2428 vinci
2046 2388 2101 2429 ab

1227 2454 1456 2501 Annibale,
1487 2453 1690 2499 Romanis
1708 2457 1812 2492 tunc
1830 2451 2101 2491 vincentibus

1228 2515 1440 2556 difficilius
1473 2515 1571 2566 fuit,
1589 2521 1886 2567 quampostea
1913 2513 2100 2553 vincere.

1231 2581 1328 2619 Hac
1343 2578 1524 2619 victoria
1541 2577 1776 2618 Marcellus
1792 2576 1972 2628 potitus,
1991 2571 2100 2615 milia

1232 2648 1320 2682 tum
1371 2653 1540 2681 suorum
1583 2641 1743 2679 animos
1789 2639 1930 2678 multis
1976 2643 2100 2678 antea

1231 2704 1422 2744 cladibus
1443 2703 1615 2742 territos
1642 2703 1778 2741 erexit
1805 2707 1850 2742 et
1880 2701 2102 2752 excitavit,

1232 2769 1378 2808 urbem
1401 2768 1552 2807 Nolam
1571 2764 1849 2805 adefectiosse
1869 2765 2102 2816 prohibuit,

1231 2830 1459 2883 validoque
1493 2828 1690 2880 praesidi‘o
1726 2827 1926 2879 firmavit,
1961 2834 2007 2868 et
2036 2828 2100 2868 sic

1231 2892 1536 2946 propemodum
1557 2892 1750 2932 amissam
1770 2891 1926 2943 populo
1947 2890 2102 2931 Roma·

1231 2969 1286 2997 no
1302 2956 1509 2996 restituit.
1538 2955 1686 2994 Oliver.

1283 3020 1496 3072 Syracusas
1514 3018 1619 3071 capi]
1638 3018 1768 3069 Cujus
1787 3015 2037 3058 difficillima
2049 3029 2100 3057 ac

1230 3095 1364 3135 prope
1393 3082 1655 3122 incredibilis
1682 3080 1767 3121 fuit
1805 3080 2098 3132 expugnatio:

1229 3147 1387 3199 quippe
1406 3158 1500 3186 cum
1527 3145 1625 3185 urbs
1654 3145 1744 3196 ipsa
1767 3144 1848 3183 situ
1879 3149 1925 3183 et
1949 3147 2101 3182 natura

1229 3210 1306 3249 soli
1323 3210 1595 3257 validissima,
1617 3206 1918 3246 munitionibus
1932 3216 2100 3259 quoque

1227 3271 1476 3312 firmissimis
1496 3271 1679 3321 undique
1712 3267 1838 3314 foret,
1865 3267 2101 3308 accedebat

1229 3335 1342 3388 quod
1361 3335 1403 3373 in
1423 3347 1475 3374 ea
1495 3334 1558 3372 vir
1587 3339 1683 3372 erat
1708 3331 1988 3371 Archimedes
2008 3332 2101 3371 nni-

1230 3410 1304 3437 cus
1321 3398 1415 3437 coeli
1430 3396 1712 3448 syderumque
1728 3400 1961 3447 spectator,
1975 3396 2100 3435 mira·

1231 3461 1356 3500 bilior
1375 3466 1516 3499 tamen
1546 3460 1744 3498 inventor
1767 3470 1817 3498 ac
1837 3458 2100 3498 machinator

1231 3524 1478 3564 bellicorum
1491 3527 1812 3573 tormentorum,
1822 3532 2099 3574 operumque,
