2346 3996
549 263 806 304 VALERH
849 248 1626 302 MAXJM11AB.v1.CAP.4.

171 385 302 439 retur]
331 386 401 428 Ita
419 384 559 435 vulgo.
618 381 705 422 Hic
735 381 840 425 item
861 391 982 420 error
1003 391 1057 418 ex

166 453 262 504 jam
299 449 417 493 dicto
453 447 578 490 fonte
616 444 835 499 profluxit.
890 444 1057 496 Legen-

174 516 276 561 dum
313 518 458 557 autem
492 524 546 552 ex
582 509 706 552 Livio
747 508 944 561 aliisque,
975 506 1058 548 nisi

172 577 278 625 falsa
293 577 560 622 delectemur
572 573 752 615 historia
764 586 775 614 ε
795 573 880 613 Par
891 572 1058 622 qy’ilsdem

172 653 318 693 quoque
345 639 493 682 Manlii
516 637 712 690 gravitas,
729 650 816 677 cum
835 635 1059 679 consulatus

173 705 347 749 ominium
360 716 546 748 consensu
559 705 794 754 deferretur.
827 702 928 745 Non
946 699 1059 742 enim

175 769 245 813 liic
266 770 390 822 alius,
425 769 503 811 sed
537 770 573 809 is
601 770 710 821 ipse,
737 767 808 821 qui
831 771 927 819 post
946 765 1059 807 Can·

175 845 354 881 mensem
387 833 570 887 cladem,
606 833 781 878 Latinos
814 831 863 874 iu,
896 829 1059 872 curiam

177 898 411 944 admittere
439 899 653 948 noluerat,
681 897 795 939 sicut
812 908 868 938 ex
884 894 1062 937 Annali-

177 961 258 1004 bus
278 963 436 1005 nostris
455 960 731 1010 manifestum
761 964 843 1006 est.
875 957 1062 1009 Pighius.

178 1025 520 1079 Contigit-A.U.
541 1037 689 1070 nxtu.

235 1091 258 1142 §
275 1093 302 1130 2
322 1089 513 1141 Enervis]
530 1089 675 1130 Mollis
695 1094 740 1132 et
759 1085 1063 1129 effoeminatus.

172 1162 178 1169 ·
231 1155 344 1195 Idem
374 1166 466 1196 cum
500 1152 680 1205 Servius]
722 1152 810 1193 Hic
854 1150 1065 1200 Viriatus,

177 1221 228 1266 ut
245 1218 393 1262 Livius
426 1224 472 1260 et
500 1217 737 1271 Eutropius
770 1214 983 1265 referunt,
1011 1214 1066 1255 de

178 1288 359 1333 pastore
385 1287 583 1333 venator,
611 1282 665 1322 de
699 1286 905 1321 venatore
938 1279 1069 1327 latro,

179 1344 234 1387 de
251 1346 419 1389 latrone
436 1346 546 1398 justi
565 1345 786 1386 exercitus
804 1344 890 1384 dux
910 1341 1070 1392 factus,

180 1414 317 1454 totam
345 1408 627 1462 Lusitaniam,
653 1420 750 1461 quae
779 1419 935 1460 magna
965 1405 1066 1446 His-

181 1472 323 1525 panias
356 1485 455 1524 pars
484 1478 568 1523 est,
597 1471 841 1524 occupavit.
898 1470 962 1511 M.
980 1471 1067 1511 Ve-

184 1536 323 1578 tilium
359 1541 588 1589 praetorem
621 1535 718 1576 fuso
750 1536 844 1588 ejus
872 1534 1068 1577 exercitu

184 1600 319 1654 cepit,
341 1606 442 1653 post
461 1613 589 1655 quem
609 1601 659 1642 C.
684 1600 891 1641 Plancius
911 1604 1069 1652 praetor

184 1663 316 1705 nihilo
335 1663 505 1711 felicius
525 1677 614 1709 rem
635 1663 785 1716 gessit,
813 1668 1069 1716 tantumque

182 1733 395 1771 terrorem
414 1729 450 1769 is
469 1729 603 1773 hostis
622 1729 784 1778 intulit,
799 1732 848 1769 ut
861 1727 1069 1769 adversus

185 1803 281 1832 eum
317 1792 530 1838 consulari
562 1805 671 1846 opus
700 1801 814 1836 esset
843 1792 1066 1839 exercitu:

181 1857 334 1898 missus
367 1863 434 1899 est
469 1859 524 1901 Q.
545 1858 703 1899 Fabius
721 1857 941 1902 Maximus
962 1853 1069 1898 Pro'-

183 1922 349 1964 consul.
422 1923 640 1965 Caeterum
684 1922 738 1963 de
778 1922 860 1963 boc
901 1921 1070 1962 Viriato

183 1987 310 2038 plura
329 1985 520 2027 dicemus
546 1986 623 2027 lib.
645 1987 722 2027 ult.
742 1998 838 2038 cap.
858 1984 912 2025 de
932 1983 1071 2024 Perfi-

185 2049 275 2101 dia,
292 2049 366 2091 ubi
383 2051 526 2102 agitur
545 2050 602 2091 de
621 2050 716 2103 eJus
737 2055 889 2093 morte.
919 2050 1071 2091 Oliver.

235 2113 373 2165 Alter]
402 2114 557 2155 Galba.

237 2177 390 2230 Alteri]
402 2177 594 2231 Aurelio,
604 2190 732 2232 quem
749 2189 922 2221 avarum
938 2176 1073 2229 fuisse

186 2247 371 2285 constat.

241 2305 264 2356 ς
285 2307 309 2342 3
343 2305 391 2345 C.
410 2317 503 2345 vero
523 2305 735 2357 Popillius]
763 2305 932 2346 Plinius
965 2306 1072 2346 Nat.

186 2366 308 2412 Hist.
327 2367 409 2413 lib.
423 2378 593 2409 xxxw.
625 2368 749 2411 aliter
766 2369 914 2412 sentit.
973 2370 1072 2409 Non

187 2430 266 2471 Cn.
285 2431 564 2484 Pompilium,
591 2432 668 2472 sed
687 2431 737 2472 C.
760 2431 991 2473 Octavium
1011 2434 1072 2474 le-

189 2501 335 2545 gatum
355 2494 490 2540 fuisse
507 2495 629 2547 dicit,
656 2501 701 2536 et
719 2495 763 2535 in
784 2507 837 2536 ea
854 2495 1073 2548 legatione

188 2570 215 2598 a
250 2569 353 2610 rege
385 2559 587 2600 occisum.
642 2559 655 2582 ‘
676 2559 775 2600 Non
807 2559 1072 2611 proeterib0‚'

188 2621 345 2674 inquit,
373 2623 386 2644 ‘
407 2623 457 2664 C.
479 2622 714 2664 Octavium
746 2622 802 2663 ob
832 2635 959 2666 unum
981 2635 1074 2662 ver-

188 2683 307 2737 bum,
332 2685 406 2738 qui
439 2697 586 2738 regem
619 2685 884 2726 Antiochum
915 2685 1074 2726 dilatu-

189 2759 286 2790 rum
316 2761 363 2789 se
394 2761 648 2802 responsum
678 2749 908 2802 dicentem,
937 2751 1074 2804 virga,

191 2822 322 2864 quam
349 2812 544 2864 tenebat,
573 2811 688 2855 forte
719 2814 1080 2867 circumscripsit,

189 2878 236 2918 et
252 2874 502 2928 priusquam
518 2877 801 2928 egrederetur
814 2878 976 2920 circulo
989 2879 1077 2931 illo,

193 2948 444 2989 responsum
463 2939 569 2980 dare
597 2940 765 2992 coegit3
792 2941 835 2982 in
854 2954 939 2995 qua
959 2944 1075 2996 lega-

191 3000 310 3049 tione
323 3001 561 3043 interfecto
572 3003 757 3045 Senatus
770 3011 956 3046 statuam
976 3008 1078 3059 poni

183 3063 332 3117 jussit,
351 3077 480 3118 quam
499 3068 785 3113 oculatissimo
803 3071 901 3111 loco
922 3071 964 3112 in
987 3084 1078 3113 ros-

191 3130 301 3180 tris-³
346 3132 497 3173 olim.
573 3134 789 3187 Popillius]
834 3137 949 3178 P-lin.
999 3138 1077 3180 lib.

194 3204 368 3239 xxxiv.
405 3208 501 3248 cap.
537 3201 578 3238 6.
627 3198 834 3239 Octavium
871 3201 1077 3252 appellat.

191 3255 246 3299 ln
271 3260 534 3310 praenomine
566 3273 735 3314 quoque
766 3261 873 3303 mira
902 3262 1078 3305 diversi-

193 3321 275 3363 ἴδε·
312 3319 571 3370 Paterculus
586 3324 773 3365 Marcum
792 3330 934 3367 vocat.
971 3327 1078 3368 Hie-

195 3392 397 3434 ronymus
412 3385 456 3425 in
469 3387 698 3434 Danielem
718 3389 872 3429 Caium.
917 3390 1079 3443 Livius,

196 3442 410 3498 valerius,
442 3448 714 3503 Plutarchus,
744 3452 891 3492 Editio
911 3453 1078 3494 Valerii

199 3505 384 3560 Veneta,
406 3510 551 3552 Cnaem
562 3527 575 3554 .-
595 3514 708 3556 sicut
723 3515 874 3557 Cicero
889 3516 1079 3570 Philipp.

1860 245 2002 301 1229

1122 382 1162 420 2.
1195 380 1324 419 Coler.
1380 377 1575 428 Contigit
1595 374 1650 416 A.
1672 375 1728 416 U.
1749 387 1963 425 Dtxxxv.

1176 444 1378 487 Dextram
1413 441 1470 493 ei]
1507 439 1709 483 Justinus
1748 440 1825 491 ait,
1860 451 2007 491 regem

1122 507 1313 547 osculum
1350 506 1534 557 Popillio
1580 503 1805 545 obtulisse.
1880 504 2007 546 Quod

1122 568 1236 612 idem
1257 575 1336 609 est.
1394 568 1582 620 Regibus
1612 567 1773 608 exteris
1800 579 1893 609 mos
1914 572 2010 608 erat

1122 632 1271 672 osculo
1291 631 1526 672 delibatam
1547 643 1716 671 manum
1747 630 1837 670 sive
1858 629 2009 671 dexte-

1123 708 1212 736 ram
1241 697 1353 737 notis
1372 702 1448 737 aut
1468 697 1618 737 amicis
1638 695 1813 736 offerre.
1870 694 1921 735 ld
1943 707 2010 734 os-

1124 760 1267 803 culum
1300 767 1473 800 veteres
1512 760 1524 781 ‘
1555 757 1789 803 labratum’
1818 758 2012 814 appella-

1126 812 1254 865 bant.
1300 822 1593 866 Glossarium:
1622 822 1855 871 Labratum,
1882 818 2010 861 ἀσπά-

1125 899 1209 929 σιον
1223 884 1436 933 βασιλέως.
1493 889 1553 932 Et
1570 887 1751 930 iterum:
1782 887 2013 939 Lomentum,

1125 952 1277 1005 φίλημα
1294 951 1517 998 βασιλικόν.
1547 953 1673 993 Idem.

1180 1016 1586 1069 Senatusconsultum]
1612 1015 1737 1062 Quod
1771 1021 1866 1058 erat
1899 1015 2012 1067 ejus-

1126 1078 1270 1124 modi:
1301 1079 1399 1122 Nisi
1419 1080 1660 1124 abstineret
1685 1091 1710 1122 a
1729 1078 1843 1121 bello
1863 1086 2016 1119 contra

1129 1140 1433 1196 Ptolemae'um,
1458 1145 1618 1188 bellum
1653 1156 1680 1186 a
1710 1143 1913 1185 Romanis
1935 1143 2017 1183 sibi

1127 1207 1340 1252 indictum
1359 1220 1468 1251 esse.
1502 1209 1654 1251 Oliser.

1185 1274 1323 1326 Texit]
1352 1274 1574 1316 Protexit.

1184 1339 1252 1391 §4
1280 1337 1421 1380 Publia·
1446 1343 1580 1380 aul-,em
1610 1337 1757 1379 Rutilii
1783 1336 1920 1388 verba]
1948 1337 2017 1377 De

1127 1402 1210 1444 hoc
1232 1401 1389 1443 Publio
1410 1401 1572 1445 Rutilio
1592 1401 1756 1445 dictum
1777 1402 1898 1442 estin
1920 1414 2018 1454 cap.

1131 1467 1186 1508 de
1203 1467 1461 1519 Majestate,
1476 1474 1520 1508 et
1541 1467 1714 1508 dicetur
1732 1466 1847 1508 iufra·
1865 1468 1936 1509 lib.
1958 1480 2021 1509 vr.

1131 1544 1227 1584 cap.
1248 1535 1288 1572 9.
1310 1531 1366 1572 de
1385 1532 1866 1573 MutationevFortunae.
1905 1532 2019 1573 Vide

1131 1596 1388 1638 Asconium:
1435 1597 1447 1619 ‘
1480 1595 1599 1647 Hicf
1635 1595 1792 1648 inquit,
1834 1596 1847 1618 ‘
1869 1602 1939 1636 est
1964 1597 2020 1637 P.

1132 1659 1341 1711 Rutilius,
1368 1659 1439 1712 qui
1474 1660 1661 1702 Quintus
1698 1671 1753 1699 ex
1787 1659 2020 1711 publicano

1131 1722 1275 1763 dictus
1307 1724 1469 1774 consul,
1498 1728 1652 1775 postea
1678 1722 1830 1764 decem
1858 1724 2023 1776 legato-

1130 1799 1223 1827 rum
1262 1788 1483 1828 sententia
1519 1787 1679 1828 dicitur
1716 1788 1835 1839 leges
1863 1788 2021 1829 Siculis

1133 1851 1470 1906 conscripsisse!
1525 1853 1636 1894 Haec
1670 1853 1904 1895 Paedianus
1941 1854 2022 1895 As-

1133 1916 1296 1956 conius.
1372 1916 1577 1958 Quaestor
1626 1916 1819 1958 Rutilius
1869 1916 2022 1958 Ruffus

1132 1978 1363 2023 damna-tus
1383 1986 1464 2033 est,
1484 1981 1574 2034 qui,
1598 1993 1696 2024 cum
1716 1989 1905 2034 praetore
1923 1997 2023 2024 con-

1134 2053 1331 2089 senserat
1350 2060 1443 2099 suo,
1474 2060 1528 2089 ne
1560 2049 1665 2102 quid
1684 2056 1864 2101 agerent
1884 2050 2024 2103 publi-

1134 2114 1230 2157 cani
1256 2114 1300 2154 in
1320 2114 1546 2166 provincia
1565 2127 1657 2155 sua.
1715 2117 1813 2158 Quo
1834 2118 2024 2170 cognito,

1134 2178 1303 2230 equites
1324 2178 1522 2226 Romani,
1550 2191 1649 2219 nam
1675 2184 1778 2220 tunc
1807 2186 1909 2221 unte
1924 2181 2024 2233 Syl-

1134 2239 1234 2283 lana
1254 2247 1453 2293 tempora
1463 2242 1738 2294 judicabant,
1766 2244 2025 2284 damnarunt

1135 2315 1251 2348 eum.
1289 2304 1395 2347 Cum
1412 2317 1516 2358 ergo
1537 2312 1635 2357 post
1654 2306 1881 2347 victoriam
1892 2307 2022 2359 Syllae

1135 2366 1341 2408 adversus
1382 2367 1567 2408 Marium
1608 2367 1750 2408 redire
1791 2377 1940 2421 posset
1979 2371 2023 2410 in

1134 2432 1336 2484 patriam,
1379 2433 1533 2484 noluit,
1584 2445 1637 2473 ue
1674 2433 1778 2486 quid
1817 2434 2024 2475 adversus

1135 2497 1252 2549 leges
1273 2495 1454 2539 faceret.
1486 2497 1639 2537 Olioer.

1192 2560 1274 2606 Qui
1302 2561 1399 2601 mihi
1428 2560 1518 2612 tua]
1549 2561 1730 2601 Cicero:
1762 2561 1775 2584 ‘
1806 2561 1916 2602 Haec
1949 2563 2024 2602 lex

1137 2623 1340 2667 amicitiae
1373 2623 1610 2675 sanciatur,
1645 2629 1695 2664 ut
1727 2636 1870 2678 neque
1901 2639 2024 2679 roge·

1136 2700 1228 2727 mus
1255 2699 1324 2728 res
1354 2693 1520 2740 turpes,
1547 2700 1687 2742 neque
1716 2690 1858 2741 rogati
1891 2689 2026 2732 facia-

1136 2751 1258 2792 mus!
1286 2753 1414 2794 Idem.

1194 2816 1391 2857 Ordinum
1408 2817 1662 2869 dissensione]
1693 2817 1808 2860 Quia
1828 2817 1883 2859 de
1907 2819 2024 2871 judi-

1139 2878 1218 2920 ciis
1266 2881 1509 2922 senatorius
1551 2887 1598 2922 et
1642 2877 1857 2935 equestris
1909 2885 2024 2924 inter

1138 2954 1184 2982 se
1205 2942 1487 2986 dissidebant.
1547 2946 1742 2986 Ordinum
1767 2946 2023 2998 dissensione]

1139 3007 1349 3050 Factione
1370 3010 1558 3062 partium
1579 3010 1783 3054 civitatis.

1195 3071 1729 3126 Obsoletam]squa1idam,
1764 3078 1809 3114 et
1845 3073 2025 3113 immun·

1139 3134 1254 3187 dam,
1272 3139 1464 3178 moeroris
1484 3139 1687 3178 indicem.

1193 3199 1418 3254 Supplices]
1439 3203 1594 3244 Genua
1614 3209 1702 3242 tum
1725 3203 1911 3241 Deorum
1933 3204 2023 3240 tum

1139 3265 1381 3305 mortalium
1402 3267 1620 3318 supplices
1650 3265 1862 3315 attingere
1893 3265 2023 3304 moris

1140 3333 1250 3377 erat,
1262 3333 1310 3368 ut
1330 3335 1515 3370 testatur
1533 3330 1646 3368 Plin.
1666 3330 1692 3368 l.
1709 3339 1760 3367 11.
1778 3339 1814 3367 c.
1826 3331 1893 3366 45.
1911 3327 2022 3368 Vide

1140 3397 1186 3432 et
1205 3392 1341 3434 Hadr.
1359 3394 1389 3435 J
1395 3393 1536 3433 unium
1560 3391 1786 3432 Animadv.
1808 3390 1882 3430 lib.
1899 3402 1953 3432 11.
1984 3403 2022 3431 c.

1141 3457 1208 3497 11.
1263 3455 1314 3496 In
1354 3456 1548 3507 genubus
1583 3466 1752 3507 quoque
1782 3453 2020 3495 misericor-

1141 3514 1254 3558 diam
1285 3531 1469 3571 posuere
1502 3524 1686 3558 veteres,
1742 3517 1858 3558 Plin.
1878 3516 1950 3559 lib.
1969 3529 2023 3559 11.
