2346 3996
434 301 575 355 1238

430 437 498 474 ti'o
530 442 633 474 vero
676 433 906 486 Antonius,
939 435 1044 476 item
1081 437 1123 476 in
1154 438 1307 480 dextro

428 497 608 547 Brutus,
647 498 690 537 in
736 499 906 538 sinistro
955 500 1122 541 Cassius
1169 509 1304 543 erant.

428 561 559 601 Forte
578 561 639 601 ita
667 562 842 613 accidit,
871 567 920 602 ut
949 571 1142 604 conserta
1162 578 1305 618 pugna

428 623 573 663 Caesar
601 624 644 663 in
674 625 845 675 dextro,
865 625 1031 666 Cassius
1059 627 1102 666 in
1131 628 1302 668 sinistro

425 696 558 724 cornu
586 687 881 727 vincerentur.
936 688 1021 728 Sed
1052 689 1156 729 nihil
1187 691 1299 731 aliud

423 747 551 787 Bruti
576 755 620 788 et
641 749 776 788 Cassii
805 763 873 790 res
893 751 1071 795 deduxit
1090 754 1134 793 in
1161 755 1301 806 perni-

423 811 546 862 ciem,
563 824 684 863 quam
703 814 812 865 quod
829 815 986 854 Brutus
1005 817 1149 857 Cassio
1166 818 1298 857 veluti

421 874 576 914 victori
611 877 706 915 non'
728 877 829 916 tulit
855 878 1073 928 auxilium,
1091 892 1170 919 uec
1201 880 1299 920 Cas-

420 937 508 977 sius
545 940 724 979 Brutum
768 941 901 981 veluti
951 942 1108 982 victum
1157 945 1298 995 potuit

421 1008 684 1052 expectare3
714 1015 812 1043 nam
828 1005 988 1044 Brutus
1001 1005 1094 1056 jam
1115 1006 1296 1046 Caesaris

419 1070 564 1104 castra
601 1078 678 1118 per
717 1068 874 1107 milites
913 1081 1009 1108 suos
1043 1070 1295 1121 diripuerat,

418 1128 668 1181 caedemque
697 1130 914 1182 ingentem
931 1132 974 1171 in
994 1133 1077 1171 illis
1098 1131 1292 1173 fecerat:

418 1191 471 1231 ad
491 1192 575 1232 duo
589 1194 700 1233 enim
714 1195 843 1234 millia
859 1196 1294 1248 Lacedaemoniorum,

417 1255 489 1306 qui
510 1268 649 1307 nuper
667 1257 711 1296 in
732 1258 935 1297 auxilium
964 1259 1147 1299 Caesaris
1167 1272 1294 1300 vene-

415 1324 527 1370 rant,
547 1323 709 1370 praeter
727 1326 965 1360 castrorum
993 1322 1193 1372 praesidia
1213 1335 1294 1363 cae-

415 1393 461 1421 sa
480 1389 592 1422 sunt.
649 1383 822 1423 Cassius
844 1396 1063 1434 vero,cum
1081 1398 1127 1425 se
1147 1386 1187 1425 in
1207 1389 1293 1427 col-

411 1444 497 1485 lem
543 1446 756 1497 quendam
806 1449 1057 1500 recepisset,
1106 1462 1234 1491 unum
1268 1464 1292 1491 e

412 1511 731 1552 centurionibus
750 1513 853 1559 suis,
875 1515 1146 1566 exploratum
1167 1529 1292 1558 cunc-

411 1580 457 1615 ta
476 1575 672 1628 dimittit,
701 1578 774 1629 qui
809 1590 904 1618 cum
934 1580 1095 1619 tardius
1114 1581 1292 1633 rediret,

412 1639 661 1680 existimans
702 1642 875 1682 Cassius
911 1641 1044 1683 fuisse
1081 1645 1198 1685 illum
1236 1647 1289 1686 ab

409 1701 603 1742 hostibus
638 1704 940 1758 interceptum,
977 1707 1205 1762 hostesque
1236 1721 1290 1750 ex

412 1767 526 1805 omui
573 1773 697 1819 parte
733 1769 919 1809 victores
967 1782 1075 1822 esse,
1113 1772 1287 1823 ignarus

411 1830 612 1882 omnium,
630 1844 724 1884 quae
757 1844 782 1872 a
801 1834 938 1874 Bruto
966 1833 1083 1876 facta
1103 1834 1289 1889 fuerant,

411 1893 652 1946 desperatis
673 1896 799 1936 rebus
812 1898 1019 1950 omnibus,
1032 1900 1072 1939 in
1090 1899 1287 1941 taberna-

412 1958 554 1997 culum
569 1970 664 1998 sese
683 1961 883 2013 contulit,
896 1975 948 2001 ex
964 1962 1127 2004 libertis
1142 1976 1287 2015 unum,

409 2020 582 2060 nomine
621 2021 873 2073 Pindarum,
919 2038 1064 2066 secum
1105 2027 1289 2079 trahens,

410 2095 534 2136 quem
571 2085 625 2125 ad
659 2098 732 2126 eos
765 2101 889 2128 casus
927 2089 1010 2129 sibi
1045 2096 1287 2142 paraverat,

407 2147 598 2188 obducta
618 2155 738 2190 veste
771 2159 903 2203 caput
921 2151 1145 2205 obtegens,
1157 2153 1286 2205 jugu-

406 2211 582 2264 lumque
619 2213 827 2266 enudans,
853 2227 943 2255 sese
964 2216 1026 2256 illi
1045 2215 1285 2257 feriendum

405 2274 608 2325 praebuit.
649 2275 852 2317 Avulsum
873 2278 927 2319 ab
946 2279 1133 2321 humeris
1154 2288 1288 2332 caput

406 2343 626 2389 repertum
663 2346 742 2382 est.
814 2340 877 2382 At
914 2343 1148 2383 Pindarum
1188 2350 1286 2396 post

407 2400 573 2441 caedem
599 2401 672 2443 hic
698 2415 822 2444 nemo
850 2405 1064 2445 hominum
1089 2405 1210 2456 vidit,
1231 2419 1285 2447 ex

407 2476 492 2516 quo
505 2465 721 2519 plerisque
750 2469 997 2520 scrupulum
1017 2469 1151 2520 dedit,
1170 2470 1283 2522 quod

406 2526 570 2578 injussu
588 2527 706 2569 illum
727 2530 1031 2572 interfecisset.
1064 2533 1212 2573 Oliver.

461 2592 536 2631 Pii
552 2592 728 2646 victoris,
741 2595 828 2647 Bsc.]
847 2596 1067 2636 Videlicet
1081 2596 1282 2649 Augusti.

460 2653 623 2694 Sordidi
657 2657 821 2708 auxilii]
873 2659 984 2701 Quia
1029 2659 1280 2711 imploravit

407 2718 607 2757 auxilium
628 2720 755 2759 servi.

460 2783 482 2833 ς
502 2786 525 2820 5
556 2782 826 2836 Salernitana]
846 2784 926 2823 Est
940 2783 1161 2824 Salernum
1178 2784 1278 2825 civi-

406 2848 471 2883 tas
492 2845 704 2885 Lucaniae.

464 2908 594 2948 Odore
611 2909 822 2961 unguenti]
853 2908 947 2951 Quo
976 2921 1020 2949 se
1053 2908 1278 2961 perfunde·

404 2969 497 3011 bat.

458 3035 528 3086 §6
575 3035 682 3081 Quid
716 3034 866 3075 Urbani
901 3036 1159 3088 Panapionis]
1206 3039 1277 3079 Ita

404 3099 546 3150 vulgo.
567 3098 833 3151 Legendum‚
852 3099 1008 3138 Urbinii
1022 3100 1276 3152 Panapionis.

404 3162 476 3202 Sic
497 3163 609 3202 enim
628 3162 670 3201 in
693 3162 970 3202 Atrebatensi
991 3163 1167 3215 aliisque
1187 3177 1276 3204 ma·

402 3227 635 3278 nuscriptis
681 3227 791 3267 libris
841 3226 1109 3279 quibusdam,
1147 3235 1276 3281 atque

402 3292 530 3332 etiam
559 3292 602 3331 in
623 3291 863 3341 Macrobio,
896 3290 1103 3330 Urbinium
1128 3293 1276 3344 appel-

403 3363 493 3397 tum
511 3356 706 3408 legimus.
737 3355 858 3406 Pigh.

459 3419 636 3470 Postico]
664 3419 901 3469 Posticum,
946 3418 1083 3458 latens
1119 3419 1273 3459 ostium

403 3482 447 3522 in
479 3482 702 3534 posteriori
738 3486 861 3534 parte
900 3481 1048 3522 domus
1075 3483 1275 3534 positum.

404 3544 636 3586 Horatius:
677 3547 688 3568 ‘
706 3545 885 3586 Postico
919 3543 1022 3585 falle
1044 3545 1274 3588 clientem?

993 317 1171 358 NOTAE
1213 319 1542 364 vARmRUM
1587 325 1648 365 IN

1373 442 1519 483 Oliver.

1425 506 1477 544 In
1524 507 1736 548 cubiculum
1771 522 1817 548 ac
1861 510 2040 551 lectulum
2075 510 2241 567 recepit]

1368 567 1519 608 Prisca
1552 570 1698 621 editio,
1733 585 1780 612 ac
1814 574 2050 614 lectae-idam.
2106 577 2242 628 Lego,

1366 630 1596 672 lecticulam.
1672 633 1716 673 Is
1764 636 1889 687 ritus,
1934 643 1983 678 ut
2018 638 2237 680 lecticulas

1365 693 1571 734 haberent
1616 703 1701 735 'non
1738 698 1792 737 ad
1831 712 2036 748 somnum,
2069 703 2146 743 sed
2180 703 2236 743 ad

1364 757 1626 810 decubitum,
1665 760 1709 799 in
1749 762 1844 813 quis
1889 763 2234 816 lucubrarentur‚

1363 819 1609 870 scriberent,
1645 822 1931 875 quiescerent.
1986 827 2233 868 Suetonium

1362 882 1404 921 in
1449 882 1645 934 Augusto
1691 887 1804 926 vide.
1850 887 1962 939 Lips.
2009 890 2233 942 Lectulum]

1363 945 1529 996 Lipsius
1559 960 1610 985 ex
1641 954 1747 989 vett.
1784 949 1910 990 editt.
1940 951 2070 992 ductu
2100 953 2232 992 corri-

1361 1009 1423 1058 git
1449 1010 1679 1051 lecticulam.
1735 1011 1806 1052 Sic
1827 1014 1998 1053 Sueton.
2019 1012 2232 1066 Augusto,

1363 1072 1636 1112 ‘lecticulam
1694 1074 2026 1115 lucubratoriam
2047 1075 2060 1095 '
2106 1076 2234 1118 dixit.

1359 1134 1492 1174 Posse
1518 1142 1657 1175 tamen
1677 1138 1890 1188 vulgatam
1908 1139 2135 1178 lectionem
2157 1139 2231 1179 de-

1357 1195 1474 1235 fendi
1510 1198 1635 1237 video
1686 1212 1740 1238 ex
1777 1199 2230 1242 Animadversionibus

1357 1258 1613 1299 doctissimis
1649 1261 1787 1301 Isaaci
1819 1263 2074 1316 Casauboni,
2108 1266 2227 1317 cujus

1357 1321 1482 1361 dictis
1519 1323 1630 1362 addo
1661 1324 1778 1363 illum
1796 1325 1955 1364 Valerii
1984 1326 2123 1366 locum
2150 1327 2225 1367 lib.

1357 1396 1462 1424 vm.
1484 1397 1574 1437 cap.
1592 1390 1630 1426 7.
1651 1386 1705 1425 de
1722 1388 1780 1426 M.
1802 1388 1994 1428 Varrone
2014 1402 2026 1429 :
2052 1390 2064 1411 ‘
2085 1389 2136 1428 In
2155 1401 2227 1432 eo-

1355 1450 1451 1489 dem
1483 1452 1595 1489 enim
1624 1451 1784 1491 lectulo
1813 1457 1858 1491 et
1877 1452 2052 1503 spiritus
2071 1452 2162 1504 ejus
2182 1458 2230 1493 et

1355 1513 1621 1564 egregiorum
1639 1526 1815 1565 operum
1835 1526 1982 1554 cursus
2008 1516 2227 1556 extinctus

1353 1575 1447 1615 est.'
1480 1577 1606 1616 Coler.

1406 1642 1428 1692 ᾧ
1457 1644 1482 1680 7
1527 1641 1677 1682 Antius
1722 1641 1882 1694 Restio]
1914 1642 2099 1693 Elegans
2136 1643 2229 1695 epi·

1353 1715 1544 1754 gramma
1576 1706 1732 1755 legitur
1770 1705 2103 1756 Apollonidaein
2136 1706 2225 1746 An·

1353 1766 1514 1819 tholog.
1532 1767 1644 1819 quod
1665 1768 1718 1807 ad
1739 1768 1816 1807 hoc
1829 1769 2044 1809 Restionis
2060 1767 2222 1808 factum

1351 1835 1549 1882 spectare
1569 1831 1774 1871 ariolatur
1793 1832 2017 1872 Brodaeus.
2050 1835 2178 1873 Celer.

1402 1895 1732 1947 Emolumentum]
1754 1897 1855 1936 Non
1869 1896 1979 1936 male
1999 1897 2158 1947 legitur
2178 1898 2222 1936 in

1349 1957 1598 2009 quibusdam
1613 1958 1741 1999 editis
1757 1975 1767 2001 :
1787 1960 1869 2010 ipse
1885 1972 1971 1999 cum
1985 1960 2085 2000 nihil
2096 1960 2223 2008 aliud,

1349 2033 1463 2071 quam
1482 2022 1616 2062 umbra
1642 2026 1681 2062 et
1704 2022 1835 2073 imago
1851 2023 2120 2074 suppliciorum
2137 2035 2222 2062 suo-

1347 2095 1432 2122 rum
1459 2085 1671 2123 maximum
1685 2084 1763 2123 sibi
1779 2088 1877 2124 esset
1902 2084 2221 2124 emolumentum.-

1347 2148 1444 2198 ejus,
1475 2162 1499 2187 a
1526 2160 1599 2199 quo
1628 2152 1711 2187 tam
1739 2147 1919 2198 graviter
1932 2148 2096 2200 punitus
2122 2153 2223 2198 erat,

1346 2203 1507 2250 salutem
1523 2211 1750 2251 vindicavit.
1806 2211 1970 2252 Quibus
1984 2210 2122 2250 verbis
2141 2211 2225 2262 sig-

1346 2272 1544 2313 nificatur
1563 2274 1725 2313 nullum
1764 2274 1934 2313 omnino
1961 2274 2219 2313 emolunien-

1347 2340 1436 2375 tum
1459 2336 1670 2388 habuisse,
1687 2337 1760 2376 sed
1789 2336 1933 2389 potius
1952 2336 2219 2377 occasionem

1348 2399 1534 2450 seipsum
1557 2399 1815 2440 vindicandi.

1401 2462 1510 2501 CAP.
1557 2473 1627 2504 xx.
1662 2464 1684 2514 ς
1721 2466 1741 2502 1
1781 2463 1960 2505 Manlius
1989 2463 2221 2515 Torquatus,

1344 2524 1433 2576 &cd
1462 2525 1634 2577 Contig.
1661 2525 1717 2567 A.
1737 2525 1792 2566 U.
1812 2537 1983 2567 cccxm.
2001 2533 2046 2566 et
2062 2532 2217 2579 poster.

1344 2599 1542 2628 ccccxn.

1398 2651 1581 2703 Patrem]
1612 2652 1723 2692 Nam
1756 2653 1966 2705 quomodo
1994 2653 2106 2706 patri
2135 2653 2216 2694 uti·

1343 2715 1394 2754 lis
1414 2714 1562 2764 fuerit,
1580 2715 1761 2755 diximus
1781 2717 1823 2755 in
1839 2728 1934 2768 cap.
1954 2716 2010 2756 de
2026 2716 2214 2756 Pietate.

1341 2777 1464 2817 Idem
1495 2790 1594 2816 mox
1633 2790 1728 2818 cum
1749 2778 1967 2819 Gallorum
1999 2779 2215 2819 exercitus

1341 2853 1468 2892 super
1498 2840 1612 2892 ripas
1628 2840 1807 2882 Anienis
1827 2848 1970 2883 castra
1989 2843 2216 2894 posuisset,

1342 2904 1606 2956 Romanique
1625 2906 1789 2946 obviam
1816 2907 2022 2956 exissent,
2043 2913 2087 2946 et
2111 2906 2216 2947 Gal-

1338 2969 1405 3008 lus
1426 2969 1716 3021 magnitudine
1741 2971 1912 3010 insolita
1932 2978 2062 3022 ponte
2089 2983 2216 3013 occu·

1341 3038 1444 3084 pato
1475 3039 1730 3085 provocaret
1762 3034 1815 3074 ad
1837 3035 2048 3087 proelium,
2065 3036 2100 3076 si
2119 3036 2213 3089 quis

1341 3102 1456 3136 esset
1473 3099 1535 3136 vir
1554 3095 1675 3137 fortis
1698 3099 2000 3148 Romanorum,
2018 3099 2213 3138 haesitan-

1341 3160 1455 3200 tibus
1485 3161 1593 3211 aliis,
1613 3161 1866 3201 dictatorem
1886 3173 2006 3201 suum
2028 3162 2150 3212 adiit,-
2169 3169 2215 3201 et

1340 3223 1518 3264 obtenta
1551 3223 1767 3275 pugnandi
1796 3230 1919 3263 extra
1945 3223 2134 3264 ordinem
2162 3226 2211 3265 li·
2239 3258 2244 3263 .

1339 3287 1497 3337 centia,
1515 3285 1678 3325 hostem
1698 3286 1956 3325 exultantem
1973 3298 2091 3327 more
2109 3299 2211 3339 gen-

1338 3349 1411 3400 tis,
1433 3355 1478 3389 et
1508 3350 1634 3388 armis
1662 3348 1928 3400 gloriantem,
1961 3348 2086 3389 fortis
2115 3350 2211 3402 ipse

1338 3414 1472 3466 magis
1498 3425 1623 3466 quam
1655 3419 1830 3453 ornatus
1857 3413 1990 3462 miles,
2019 3419 2065 3454 et
2095 3415 2209 3454 utili-

1336 3475 1415 3516 bus
1443 3476 1577 3528 magis
1616 3488 1742 3528 quam
1788 3475 2051 3528 fulgentibus
2083 3477 2210 3518 armis

1337 3542 1542 3594 munitus,
1586 3540 1823 3582 interfecit.
1897 3542 1977 3584 Cui
2027 3541 2211 3583 exanimi
