2288 3990
562 271 819 313 VALERH
863 269 1106 308 MAXIMI
1151 270 1268 307 1218.
1299 267 1392 308 111.
1432 269 1565 306 CAP.
1591 253 1642 306 2.

187 399 400 453 Capitolio
428 395 650 437 discinxin
701 393 807 433 Mox
840 391 1057 432 Ariovisto

183 465 292 504 duce
330 472 486 502 vovere
522 459 576 499 de
611 463 845 498 nostrorum
875 455 1058 495 militurn

182 526 331 580 praeda
350 523 480 565 Marti
500 534 576 562 suo
597 526 810 573 torquem.
865 518 1059 558 Interce-

183 590 249 642 pit
266 588 440 640 Jupiter
457 591 625 635 votum3
659 596 755 624 nam
768 583 822 623 de
838 581 1058 634 torquibus

181 664 326 693 eorum
345 663 519 690 aureum
535 649 769 700 trophaeum
785 647 813 689 J
818 646 887 686 ovi
904 645 1058 686 Flami-

180 717 276 756 nius
315 714 467 755 erexit.
524 711 794 752 Viridomaro
830 721 932 762 rege
971 708 1059 748 Ro-

180 790 306 818 mana
318 790 434 818 arma
444 777 636 816 Vulcano
654 775 958 827 promiserant:
986 772 1060 811 ali·

179 854 323 882 orsum
354 847 454 881 vota
487 839 761 888 ceciderunt;
789 838 929 878 occiso
948 837 1058 876 enim

179 919 283 959 rege
302 905 536 946 Marcellus
556 904 685 944 tertia
718 907 814 953 post
835 901 1058 941 Romulum

178 977 343 1023 patrem
355 969 550 1011 Feretrio
562 968 660 1010 Jovi
676 978 794 1007 arma
808 964 1060 1018 suspendit.'

183 1036 395 1076 oliverius.

234 1098 409 1150 Padum]
441 1097 584 1138 Padus
605 1094 759 1136 fluvius
791 1091 950 1134 aurifer
970 1091 1058 1132 Ita-

178 1163 266 1214 liae,
295 1161 486 1216 (etiamsi
513 1158 737 1201 Strabonis
757 1163 952 1208 tempore
986 1167 1059 1195 au-

178 1239 270 1267 rum
291 1225 404 1267 ferre
434 1222 650 1274 desierit,)
666 1222 777 1262 sicut
794 1222 935 1272 Tagus
958 1218 1058 1258 His-

177 1291 334 1343 paniae,
385 1289 558 1330 Hebrus
602 1286 810 1337 Thraciae,
852 1285 1075 1328 Pactolus,

179 1354 316 1406 Asiae,
332 1354 507 1406 Ganges
526 1352 680 1403 Indiae,
712 1355 759 1391 ut
789 1349 862 1390 lib.
882 1359 1060 1389 xxxin.

180 1418 309 1458 docet
328 1418 511 1468 Plinius,
531 1416 613 1456 alio
641 1414 811 1455 nomine
831 1413 1059 1462 Eridanus,

177 1480 387 1532 Ἤρίδανος,
421 1481 522 1520 olim
560 1479 788 1531 Liguribus
825 1476 1063 1528 Bodincus,

179 1553 359 1587 auctore
394 1545 587 1598 Scepsio,
628 1543 813 1596 Polybio
858 1541 1063 1594 Βόδεγκος,

178 1610 382 1661 Botigum
423 1608 592 1660 Catoni,
627 1619 683 1648 ex
719 1607 814 1647 imis
846 1606 1062 1646 radicibus

177 1672 338 1713 montis
354 1672 532 1713 Vesuvii
562 1677 698 1723 ortus,
728 1676 774 1711 et
805 1670 984 1723 triginta
1016 1670 1061 1710 in

177 1748 226 1778 se
243 1734 486 1776 fluminibus
505 1735 597 1776 aliis
614 1735 736 1776 brevi
755 1735 895 1786 spatio
911 1746 1060 1786 recep-

179 1800 252 1851 tis,
270 1805 383 1841 teste
399 1800 564 1852 Solino,
581 1800 623 1839 in
644 1797 915 1839 Adriaticum
943 1809 1060 1837 mare

179 1876 428 1915 excurrens,
460 1863 646 1904 omnium
675 1862 807 1903 etiam
836 1861 894 1915 (si
923 1860 1062 1902 credi-

179 1940 273 1969 mus
290 1927 514 1980 Straboni)
529 1926 751 1967 fluminum
771 1927 956 1976 Europae
978 1924 1060 1964 cir-

179 2004 231 2033 ca
251 1992 362 2032 ostia
379 1993 508 2044 longe
538 1991 764 2042 maximus,
789 1994 976 2042 excepto
995 1989 1061 2029 Is-

175 2062 261 2105 tro,
279 2070 432 2099 nomen
458 2058 630 2110 accepit
640 2057 767 2109 juxta
787 2056 995 2097 Catonem
1016 2060 1062 2094 et

180 2122 387 2173 Plinium,
426 2121 497 2175 qui
539 2121 582 2161 id
621 2121 754 2161 habet
795 2132 849 2160 ex
900 2120 1063 2159 Metro-

181 2185 300 2232 doro,
322 2185 376 2225 ab
395 2186 548 2226 arbore
572 2185 701 2237 juxta
732 2183 895 2224 fontem
926 2184 1062 2236 picea,

181 2260 276 2300 quae
297 2249 463 2290 Gallice
481 2255 658 2289 vocatur
671 2248 834 2288 Pades.
870 2247 1061 2287 Isidorus

181 2312 276 2352 vult
308 2324 404 2352 eum
434 2310 607 2364 Alpium
638 2312 759 2363 j’ugis
793 2310 975 2351 effusum
1009 2323 1062 2350 ex

183 2375 318 2415 tribus
335 2374 527 2416 fontibus
544 2376 662 2426 oriri,
693 2386 747 2414 ex
776 2375 932 2427 quibus
953 2387 1062 2415 unus

182 2438 325 2479 dictus
338 2437 472 2479 fuerit
486 2438 648 2488 Padus,
663 2439 733 2491 qui
750 2437 876 2479 fluvio
894 2451 1064 2492 quoque

181 2513 337 2542 nomen
357 2501 581 2542 indiderit.
617 2502 839 2552 Fungerus.

241 2564 466 2616 Gallorum]
519 2565 854 2618 Viridomarum,
900 2573 948 2607 ut
992 2567 1064 2608 alii

183 2628 395 2676 referunt,
414 2629 720 2670 Britomarum.

232 2694 328 2734 Jove·
348 2693 547 2744 Feretrio]
574 2694 686 2734 Vide
704 2706 835 2747 supra
854 2697 876 2748 ξ
892 2699 930 2736 3.

235 2759 259 2811 ᾗ
288 2762 315 2798 6
347 2759 494 2799 Eodem
506 2759 683 2808 virtutis,
698 2759 786 2811 εμπ]
815 2760 922 2800 Cum
938 2761 1063 2801 Titus

182 2822 369 2862 Manlius
385 2823 623 2876 Torquatus
654 2823 825 2863 Gallum
851 2825 1063 2877 quendam

181 2887 474 2939 insultantem,
518 2893 564 2928 et
609 2889 848 2928 Romanum
885 2888 1065 2930 fortissi-

181 2962 296 2990 mum
316 2962 526 3004 quemque
548 2950 601 2990 ad
623 2963 809 3003 pugnam
829 2964 1065 3003 provocan-

183 3019 272 3053 tem
310 3013 511 3065 audisset,
540 3013 594 3054 ad
631 3015 902 3055 Dictatorem
942 3029 1067 3058 acce-

183 3073 306 3130 dens,
353 3078 414 3118 ait
435 3091 446 3118 z
494 3078 665 3131 Injussu
713 3084 804 3129 tuo,
849 3080 1068 3134 Dictator,

183 3151 399 3194 nunqnam
419 3146 542 3182 extra
561 3142 755 3182 ordinem
772 3145 1073 3197 pugnaverim,

186 3215 271 3244 nou
319 3205 354 3245 si
394 3211 558 3246 certam
605 3205 828 3246 victoriam
869 3207 1064 3260 videam3

187 3267 262 3308 sed
282 3267 316 3307 si
335 3269 596 3322 permiseris,
620 3271 848 3310 ostendam
869 3270 1065 3323 profecto

186 3331 248 3371 illi
265 3331 416 3373 bellu-«e
442 3345 510 3373 me
543 3346 598 3374 ex
629 3334 703 3374 illa
733 3333 894 3375 familia
913 3341 1067 3388 ortum,

188 3405 282 3444 qnae
298 3395 518 3437 Gallorum
532 3410 682 3450 agmen
697 3411 750 3439 ex
766 3411 872 3451 rupe
883 3401 1067 3451 Tarpeia

190 3456 364 3508 dejecit.
417 3460 571 3514 Itaque
592 3463 802 3514 permissu
823 3465 1066 3507 Dictatoris

190 3521 235 3559 in
262 3527 482 3564 certamen
512 3537 777 3580 progressus,
804 3540 901 3569 cum
931 3530 1066 3570 utrin-

1858 254 2000 308 1069

1123 402 1207 443 que
1228 389 1400 430 dimotae
1429 389 1544 428 acies
1572 387 1625 428 ad
1652 399 1805 440 pugnae
1828 393 1996 439 specta-

1122 453 1263 492 culum
1278 451 1786 502 constitissent‚Gallum‚
1802 452 1936 502 primo
1955 458 2000 491 et

1122 517 1308 569 linguam
1329 516 1381 556 ab
1401 516 1524 555 irrisu
1541 520 1806 565 exerentem,
1826 521 1870 555 et
1889 528 2003 567 mag·

1120 579 1317 619 nitudine
1345 585 1389 618 et
1418 579 1680 630 proceritate
1709 579 1910 620 eximium
1941 579 2001 617 in-

1123 642 1311 692 terfecit,
1346 648 1391 682 et
1427 642 1481 682 de
1524 644 1633 684 collo
1677 643 1760 695 ipsi
1806 649 1999 696 torquem

1123 719 1295 748 aureum
1317 707 1508 746 detraxit
1526 719 1622 747 cum
1652 707 1820 748 caeteris
1840 707 2001 759 spoliis,

1123 785 1148 812 a
1180 784 1264 825 quo
1300 772 1428 811 etiam
1471 771 1716 824 Torquatus
1762 773 2002 824 appellatus

1123 842 1202 877 est.
1260 838 1337 876 Est
1357 841 1499 875 autem
1517 842 1690 889 torques
1709 843 2001 878 ornamentum

1121 899 1219 939 colli
1266 911 1321 938 ex
1369 911 1472 939 auro
1507 905 1703 940 contorto
1740 899 2002 941 confectum.

1126 965 1277 1004 Oliver.

1181 1025 1358 1069 Valerius
1379 1028 1594 1079 Corvinus]
1615 1029 1801 1069 Consule
1821 1029 2002 1069 Camillo

1121 1092 1237 1133 Furii
1258 1093 1424 1132 Camilli
1455 1091 1544 1132 filio
1576 1098 1727 1132 contra
1746 1092 1892 1132 Gallos
1915 1093 2004 1132 bel-

1120 1157 1207 1197 lum
1227 1157 1423 1209 gerebat,
1454 1157 1526 1197 ubi
1555 1170 1652 1197 cum
1685 1157 1888 1210 utrinque
1918 1164 2002 1197 sta-

1121 1222 1311 1264 tionibus
1352 1223 1506 1275 quietis
1553 1228 1722 1274 tempus
1771 1229 2003 1273 tereretur,

1122 1287 1273 1327 Gallus
1293 1287 1589 1338 magnitudine
1623 1292 1754 1340 atque
1786 1287 1912 1326 armis
1942 1288 2002 1326 in-

1122 1351 1253 1403 signis
1292 1353 1335 1392 in
1370 1352 1555 1392 medium
1589 1353 1816 1404 processit,
1845 1359 1891 1392 et
1926 1366 2004 1405 per

1123 1416 1405 1468 interpretem
1419 1417 1588 1456 silentio
1603 1415 1872 1468 facto,hasta
1882 1424 2005 1456 scuto

1123 1491 1346 1530 concusso,
1377 1492 1505 1519 unum
1526 1492 1579 1519 ex
1601 1480 1818 1531 Romanis,
1848 1481 1921 1534 qui
1940 1493 2006 1520 se·

1123 1553 1219 1582 cum
1240 1541 1356 1582 ferro
1377 1543 1603 1592 decernat,
1626 1543 1679 1583 ad
1702 1557 1886 1596 pugnam
1910 1557 2005 1596 pro-

1123 1612 1262 1647 vocat.
1303 1606 1365 1646 Μ.
1387 1606 1586 1646 Valerius
1607 1606 1799 1647 tribunus
1819 1607 2003 1647 militum

1124 1669 1375 1709 adolescens
1405 1670 1615 1721 permissu
1642 1669 1838 1709 Consulis
1859 1669 1900 1709 in
1920 1682 2005 1709 me-

1122 1734 1239 1775 dium
1293 1741 1482 1775 armatus
1536 1734 1763 1786 processit,
1808 1738 1853 1774 et
1898 1734 2006 1776 inito

1122 1799 1275 1850 praelio
1295 1810 1449 1839 corvus
1465 1799 1507 1837 in
1526 1799 1650 1850 galea
1669 1798 1834 1838 Valerii
1853 1805 2008 1839 contra

1120 1863 1282 1903 hostem
1303 1863 1517 1913 consedit,
1538 1863 1718 1915 quicum
1737 1863 1861 1903 laetus
1882 1874 2007 1904 omen

1123 1926 1354 1978 accipiens,
1382 1926 1498 1967 Deos
1517 1927 1587 1966 vel
1611 1927 1744 1978 Deas,
1763 1927 2006 1981 quicunque

1123 1990 1338 2030 misissent
1373 1997 1609 2043 praepetem
1637 1991 1766 2043 illam,
1787 1998 2010 2043 precatus,

1122 2060 1171 2095 ut
1190 2054 1270 2094 sibi
1299 2054 1518 2105 adessent,
1550 2055 1639 2094 avis
1671 2067 1755 2094 non
1785 2057 1921 2095 solum
1944 2069 2010 2096 se·

1122 2119 1220 2160 dem
1248 2122 1380 2160 semel
1410 2126 1580 2173 captam
1612 2122 1767 2171 tenuit,
1796 2122 1872 2161 sed
1909 2135 2011 2174 quo-

1122 2184 1376 2236 tiescunque
1410 2185 1605 2235 praelium
1637 2184 1830 2236 iniretur,
1859 2186 2008 2225 levans

1121 2259 1233 2296 sese,
1254 2248 1400 2287 oculos
1418 2248 1551 2288 hostis
1579 2253 1717 2288 rostro
1734 2254 1779 2288 et
1797 2248 2010 2300 unguibus

1124 2310 1294 2361 petivit.
1351 2311 1551 2350 Valerius
1594 2311 1761 2351 hostem
1802 2311 1878 2351 tali
1912 2325 2009 2363 pro-

1123 2374 1240 2425 digio
1254 2374 1531 2425 perterritum
1548 2374 1833 2427 obtruncavit,
1851 2375 2010 2415 deinde

1125 2429 1312 2478 Corvino
1330 2450 1566 2490 cognomen
1588 2438 1796 2478 additum.
1830 2440 1935 2480 Oliv.

1180 2502 1238 2542 Et
1271 2502 1515 2542 AEmilianus
1541 2501 1694 2553 Scipio]
1722 2502 1807 2542 Hic
1838 2509 1904 2542 est
1937 2502 2010 2554 qui

1125 2564 1271 2606 deleta
1305 2566 1580 2617 Carthagine,
1616 2565 1788 2605 sublata
1818 2566 2008 2606 Numan-

1124 2631 1202 2684 tia,
1215 2631 1355 2672 dictus
1370 2638 1437 2672 est
1455 2630 1685 2671 Africanus
1698 2630 1891 2672 inferior.
1921 2632 2010 2684 Igi-

1125 2701 1197 2736 tur
1242 2708 1341 2736 cum
1387 2695 1466 2736 sub
1514 2696 1693 2736 Lucullo
1738 2696 2011 2748 Imperatore

1124 2760 1320 2799 militiam
1342 2765 1531 2811 gereret,
1547 2765 1808 2811 provocatus
1828 2761 1881 2800 ad
1903 2773 2008 2812 pug-

1124 2836 1239 2874 nam,
1268 2824 1433 2864 hostem
1459 2823 1694 2875 interemit,
1713 2823 1876 2875 oppidi,
1895 2823 2009 2876 quod

1126 2889 1472 2941 expugnabatur,
1509 2888 1669 2940 primns
1716 2887 1810 2939 ipse
1853 2889 2010 2927 moenia

1126 2951 1396 3001 conscendit,
1412 2951 1577 3003 aliaque
1598 2951 1772 3003 egregia
1785 2951 1885 2991 belli
1904 2950 2011 2990 faci-

1126 3027 1230 3055 nora
1259 3015 1411 3066 edidit,
1447 3015 1601 3066 quibus
1622 3014 1779 3055 futurae
1801 3015 2011 3067 magnitu-

1126 3079 1238 3118 dinis
1270 3091 1359 3119 suae
1388 3079 1600 3119 ominibus
1630 3078 1870 3118 certissima
1887 3078 2011 3117 daret

1126 3144 1300 3185 indicia.
1357 3144 1499 3184 Autor
1517 3144 1571 3184 de
1599 3144 1714 3184 Viris
1734 3143 1977 3183 Illustribus
1997 3156 2009 3181 :

1125 3208 1137 3229 ‘
1154 3207 1206 3249 P.
1225 3208 1372 3259 Scipio
1392 3208 1642 3247 AEmilianus
1662 3207 1788 3247 Pauli
1806 3206 2013 3246 Macedo-

1127 3270 1211 3311 nici
1230 3270 1362 3321 filius,
1385 3283 1408 3310 a
1427 3272 1629 3323 Scipione
1646 3269 1855 3309 Africano
1876 3268 2008 3319 adop-

1125 3339 1258 3384 tatus,
1275 3335 1316 3375 in
1336 3335 1595 3374 Macedonia
1613 3346 1708 3373 eum
1724 3339 1847 3383 patre
1863 3343 2011 3384 agens,

1126 3398 1289 3438 victum
1310 3398 1490 3437 Persem
1505 3403 1591 3437 tam
1612 3394 1893 3447 pertinaciter
1912 3407 2009 3446 pro-

1125 3467 1300 3502 secutus
1326 3466 1407 3511 est,
1427 3466 1475 3499 ut
1503 3459 1641 3498 media
1672 3461 1798 3498 nocte
1829 3457 2010 3498 redierit

1126 3528 1169 3568 in
1215 3533 1374 3569 eastra.
1427 3526 1608 3567 Lucullo
1655 3524 1698 3564 iu
1753 3523 2007 3577 Hispaniam
