2332 4036
404 302 511 355 92&

459 438 733 477 Invenirentm·
763 437 959 488 absc-issae]
989 437 1085 477 Non
1115 437 1224 477 dicit
1253 450 1276 476 a

404 513 506 553 quo,
525 504 641 553 quasi
662 513 686 539 a
702 502 871 541 numine
902 499 1062 540 factum
1083 501 1152 550 sit,
1179 513 1276 540 cum

403 563 520 604 forte
554 577 578 604 a
621 564 864 616 petentibus
904 570 1070 614 partem
1117 564 1276 615 praedae

405 626 564 667 factum
585 633 723 679 putet.
754 627 921 667 Badius.

465 692 644 731 Brennus
675 692 877 730 Gallorum
907 690 1024 742 Dux]
1052 689 1191 731 Affert
1214 703 1277 731 se·

405 754 590 794 cundum
610 757 849 805 exemplum
872 754 925 794 de
946 755 1279 806 vindictaApol·

403 818 501 856 linis
549 818 591 856 in
629 817 902 868 sacrilegium
940 818 1120 868 Brenni,
1157 818 1280 857 ducis

406 881 630 920 Gallorum
659 881 702 919 in
739 881 1051 932 Gallograecia3
1083 883 1153 934 qui
1185 894 1280 922 cum

406 944 665 995 Delphicum
699 946 910 996 templum
953 946 1193 997 spoliasset,
1238 945 1281 985 in

407 1005 589 1046 furorem
611 1020 771 1058 versus,
785 1008 865 1046 sibi
883 1021 1049 1047 manum
1067 1009 1228 1047 intulit.

460 1071 645 1111 Brennus
667 1071 868 1111 Gallorum
885 1071 984 1122 dux]
1005 1072 1056 1111 In
1075 1073 1282 1122 Campen-

408 1134 471 1173 si:
499 1135 674 1174 Brennus
689 1147 831 1185 quoqne
852 1135 1056 1173 Gallorum
1071 1136 1167 1174 dux.
1224 1132 1285 1174 At

408 1198 449 1236 iu
471 1198 574 1241 Mss.
593 1198 807 1249 plerisque
830 1198 945 1236 libris
971 1199 1141 1237 omnino
1160 1197 1284 1235 omis-

409 1271 500 1299 sum
538 1261 618 1300 hoc
667 1261 907 1312 exemplum
949 1267 1030 1300 est.
1086 1261 1144 1300 Et
1183 1272 1284 1299 sane

407 1324 523 1363 inter
559 1331 738 1364 externa
769 1327 911 1377 potius
940 1322 1096 1364 referri
1127 1323 1283 1363 >debet-

410 1387 598 1436 Pighius.

464 1451 648 1490 Brennus
670 1451 868 1490 Gallorum
889 1449 990 1501 dux]
1023 1449 1138 1490 Audi
1153 1449 1287 1492 Justi-

409 1515 597 1554 numlib.
621 1526 755 1554 xxiv.
784 1515 838 1554 de
859 1516 1032 1555 Brenno
1063 1515 1127 1554 sic
1154 1513 1287 1554 disse-

410 1585 601 1617 rentem:
632 1579 644 1600 ‘
669 1578 898 1629 Habebat:
936 1578 1089 1631 inquit,
1125 1578 1286 1617 ‘Bren-

410 1654 488 1681 nus
509 1643 622 1682 lecta
646 1654 702 1681 ex
728 1642 841 1682 omni
870 1642 1063 1682 exercitu
1094 1640 1286 1692 peditum

409 1705 633 1757 sexaginta
667 1707 853 1758 quinque
899 1706 1056 1745 millia:
1097 1704 1287 1756 Delpho-

411 1781 505 1808 rum
541 1770 836 1822 sociorumque
869 1782 953 1809 non
988 1769 1069 1809 nisi
1105 1774 1289 1822 quatuor

411 1833 542 1872 millia
574 1835 753 1873 militum
786 1839 939 1883 erant3
979 1845 1157 1885 quorum
1191 1844 1289 1871 con-

412 1902 580 1948 temptu
614 1899 826 1946 Brennus,
854 1898 909 1936 ad
947 1896 1161 1937 acuendos
1193 1888 1289 1934 suo-

412 1973 505 2000 rum
524 1961 701 2010 animos,
719 1960 877 2012 praedae
895 1959 1139 1999 ubertatem
1158 1958 1290 1998 omni-

412 2024 493 2064 bus
512 2025 780 2074 ostendebat,
796 2029 1046 2076 statuasque
1074 2036 1168 2063 cum
1188 2034 1289 2074 qua·

412 2087 561 2138 drigis,
595 2099 773 2139 quarum
808 2088 963 2142 iugens
987 2086 1114 2137 copia
1141 2085 1291 2137 procul

413 2153 647 2198 visebatur,
687 2151 824 2191 solido
871 2164 973 2191 auro
1019 2152 1136 2191 fusas
1183 2162 1292 2199 esse,

413 2215 592 2267 plusque
621 2215 663 2254 in
694 2215 900 2266 pondere,
928 2227 1054 2266 quam
1082 2215 1126 2253 in
1145 2213 1291 2265 specie

413 2278 571 2318 habere
591 2279 749 2329 praedae
775 2278 1040 2319 adfirmabat.
1095 2279 1192 2317 Hac
1222 2277 1295 2316 ad-

415 2343 688 2382 severatione
727 2342 892 2382 incitati
920 2341 1051 2392 Galli,
1087 2341 1211 2380 simul
1250 2346 1295 2380 et

413 2407 614 2446 hesterno
646 2418 766 2446 mero
796 2406 944 2455 saucii,
974 2405 1064 2444 sine
1093 2410 1294 2456 respectu

414 2470 706 2522 periculorum
725 2471 768 2508 in
782 2469 940 2508 bellum
954 2469 1152 2508 ruebant.
1184 2468 1293 2507 Con-

416 2538 487 2572 tra
520 2532 699 2583 Delphi,
736 2533 832 2582 plus
862 2532 904 2570 in
942 2532 1058 2580 Deo,
1088 2543 1215 2582 quam
1254 2531 1295 2569 in

415 2594 578 2634 viribus
615 2606 733 2645 spem
766 2599 1040 2644 reponentes,
1067 2605 1163 2631 cum
1197 2605 1296 2632 con-

415 2662 586 2707 temptu
629 2657 812 2696 hostium
850 2655 1134 2705 resistebant3
1174 2668 1296 2695 scan-

418 2719 655 2772 dentesque
689 2719 838 2760 Gallos
882 2733 906 2759 e
947 2731 1108 2758 summo
1142 2719 1297 2759 montis

418 2785 582 2823 vertice
620 2784 777 2835 partim
813 2783 942 2831 saxis,
971 2782 1130 2834 partim
1158 2782 1300 2833 armis,

419 2847 675 2888 obruebant.
729 2846 782 2886 In
827 2846 908 2885 hoc
948 2845 1129 2895 partium
1159 2850 1298 2885 certa·

418 2911 550 2961 mine,
578 2915 757 2961 repente
794 2909 1085 2948 universorum
1119 2908 1298 2959 templo-

419 2985 513 3013 rum
550 2973 783 3022 antistites,
811 2972 935 3011 simul
974 2978 1019 3011 et
1053 2971 1135 3022 ipsi
1161 2978 1293 3020 vateS,

416 3035 580 3087 sparsis
600 3034 790 3075 crinibus
804 3046 900 3073 cum
914 3033 1149 3085 insignibus
1169 3040 1299 3085 atque

421 3096 590 3147 infulis,
628 3097 778 3149 pavidi
807 3097 1103 3148 vecordesque
1140 3097 1184 3135 in
1211 3095 1299 3148 pri-

421 3172 534 3200 mam
555 3159 835 3212 pugnantium
856 3160 993 3199 aciem
1011 3164 1268 3211 procurrunt
1287 3172 1297 3198 :

423 3224 645 3263 advenisse
664 3224 803 3263 Deum
824 3223 1027 3272 clamant,
1053 3233 1236 3274 eumque
1255 3234 1300 3261 se

422 3286 586 3326 vidisse
613 3286 883 3325 desilientem
910 3285 954 3324 in
984 3285 1191 3336 templum
1223 3297 1301 3335 per

425 3349 620 3388 culminis
645 3354 795 3401 aperta
818 3347 1011 3399 fastigia.
1066 3349 1185 3388 Dum
1214 3360 1303 3387 om-

424 3423 503 3450 nes
524 3423 647 3462 opem
667 3411 754 3451 Dei
773 3410 1028 3462 suppliciter
1055 3410 1301 3462 implorant,

421 3475 624 3523 juvenem
642 3485 770 3525 supra
787 3473 1012 3513 humanum
1043 3473 1213 3512 modum
1243 3473 1302 3512 in-

427 3537 558 3588 signis
596 3537 935 3588 pulchritudinis,
962 3537 1226 3589 comitesque
1262 3537 1303 3577 ei

983 317 1017 354 N
1030 316 1159 355 0⁷1¹AE
1202 315 1531 356 VARIORUM
1575 319 1639 358 IN

1340 436 1444 476 duas
1463 443 1646 477 armatas
1669 437 1868 489 virgines,
1890 449 1944 478 ex
1965 439 2213 493 propinquis

1340 500 1506 540 duabus
1544 501 1696 542 Dianae
1726 503 2018 556 Minervaeque
2057 503 2216 543 aedibus

1342 565 1597 614 occurrisse,
1615 578 1694 605 nec
1712 566 1844 605 oculis
1871 571 2038 606 tantum
2055 565 2150 606 haec
2169 578 2215 606 se

1342 629 1626 679 perspexisse,
1646 629 1719 668 sed
1734 629 1900 668 audisse
1921 629 2049 670 etiam
2061 628 2217 669 strido·

1343 703 1431 730 rem
1473 703 1612 742 arcus,
1645 704 1695 731 ac
1731 693 1959 744 strepitum
1989 704 2216 734 armorum.

1344 753 1535 793 Proinde
1559 766 1638 794 nec
1656 760 1962 795 cunctarentur
1981 755 2080 795 Diis
2099 759 2219 795 ante-

1343 817 1528 866 signanis
1557 817 1721 857 hostem
1751 818 1937 868 caedere,
1963 823 2010 858 et
2027 818 2217 858 victoriae

1343 882 1537 922 Deorum
1556 882 1692 922 socios
1713 894 1759 922 se
1777 882 2015 934 adjungere
2046 882 2220 922 summi·

1344 946 1707 986 obsecrationibus
1740 946 1984 986 monebant.
2053 945 2219 987 Quibus

1345 1010 1517 1050 vocibus
1550 1010 1716 1049 incensi
1752 1021 1898 1050 omnes
1939 1009 2139 1049 certatim
2177 1009 2220 1048 in

1346 1074 1540 1126 praelium
1562 1074 1800 1126 prosiliunt.
1836 1072 2118 1113 praesentiam
2138 1073 2220 1114 Dei

1345 1146 1392 1180 et
1411 1140 1494 1191 ipsi
1511 1140 1658 1179 statim
1676 1151 1876 1179 sensere:
1906 1150 2004 1178 nam
2023 1143 2074 1178 et
2093 1141 2220 1178 terrae

1345 1210 1463 1243 motu
1498 1203 1641 1255 portio
1667 1202 1824 1242 montis
1851 1201 2052 1254 abrupta,
2072 1200 2225 1242 Gallo-

1347 1279 1439 1306 rum
1460 1267 1613 1306 stravit
1641 1265 1897 1315 exercitum,
1923 1270 1970 1305 et
1998 1263 2222 1304 confertis-

1346 1329 1441 1368 simi
1461 1329 1602 1379 cunei,
1628 1340 1714 1368 nou
1741 1328 1830 1368 sine
1858 1328 2105 1368 vulneribus
2130 1329 2223 1368 bos-

1349 1391 1455 1431 tium
1501 1391 1712 1442 dissipati,
1754 1391 1956 1432 ruebant.
2018 1389 2225 1432 Insecuta

1348 1453 1503 1494 deinde
1533 1459 1766 1506 tempestas
1794 1459 1874 1505 est,
1901 1466 1997 1507 quae
2019 1453 2224 1505 grandine

1349 1523 1395 1558 et
1411 1517 1582 1569 fulgure
1610 1518 1774 1558 saucios
1799 1529 1861 1557 »ex
1889 1517 2132 1557 vulneribus
2153 1516 2226 1556 ub·

1350 1583 1547 1634 sumpsit.
1599 1582 1700 1621 Dux
1716 1582 1809 1634 ipse
1826 1582 2021 1621 Brennus
2041 1592 2136 1621 cum
2154 1580 2227 1621 do-

1348 1646 1481 1686 lorem
1515 1647 1735 1686 vulnerum
1779 1644 1897 1686 ferre
1933 1657 2021 1686 non
2065 1651 2227 1698 posset,

1351 1709 1535 1761 pugione
1565 1708 1695 1748 vitam
1720 1707 1877 1748 finivit.
1933 1706 2058 1749 Alter
2075 1719 2131 1747 ex
2150 1707 2227 1747 du·

1350 1772 1487 1822 cibus,
1523 1771 1683 1823 punitis
1719 1771 1822 1812 belli
1858 1771 2092 1822 autoribus,
2129 1782 2227 1810 cnm

1351 1835 1502 1874 decem
1536 1834 1722 1875 millibus
1750 1835 1962 1875 sociorum
1988 1830 2124 1876 citato
2155 1845 2228 1886 ag-

1353 1898 1467 1938 mine
1487 1911 1511 1938 a
1533 1899 1710 1939 Graecia
1723 1896 1926 1940 excedit!

1405 1960 1589 2012 Delphis]
1631 1961 1717 2000 Ubi
1754 1961 2080 2002 celeberrimum
2122 1961 2229 2001 illud

1357 2022 1566 2075 Apollinis
1586 2024 1817 2073 oraculum,
1828 2036 1953 2076 quum
1965 2023 2230 2076 praedicendi

1354 2087 1436 2125 vim
1469 2085 1638 2137 spiritui
1669 2092 1794 2126 terroe
1826 2086 1977 2126 tribuit
1995 2086 2157 2126 Cicero
2171 2085 2231 2125 'de

1353 2149 1542 2190 Divinat.
1570 2149 1645 2188 lib.
1667 2160 1701 2188 1.
1734 2154 1782 2188 et
1801 2148 1981 2188 Diodor.
2001 2148 2076 2189 lib.
2093 2159 2158 2190 vt.
2185 2153 2231 2187 et

1355 2224 1402 2253 x.
1458 2211 1679 2252 'Defecisse
1726 2212 1976 2253 existimant
2014 2212 2233 2265 plerique,

1355 2276 1467 2328 quod
1502 2275 1562 2315 vis
1592 2276 1667 2316 illa
1693 2276 1864 2316 telluris
1892 2275 2095 2315 exhausta
2116 2280 2233 2314 esset

1355 2345 1588 2381 vetustate.
1640 2340 1727 2380 Sed
1752 2350 1902 2380 revera
1930 2339 2143 2380 Diabolus
2170 2338 2231 2378 illi

1349 2409 1557 2455 praeerat,
1581 2403 1648 2442 cni
1669 2403 1882 2443 silentium
1900 2402 2056 2442 indixit
2074 2402 2233 2442 adven-

1357 2471 1403 2506 tu
1422 2478 1497 2505 sno
1517 2468 1735 2505 Servatur.
1793 2466 1862 2505 lta
1878 2473 2062 2518 repente
2077 2469 2236 2506 cuncta

1356 2529 1586 2568 admodum
1601 2529 1855 2568 obmutuere
1872 2529 2059 2568 oracula.
2090 2528 2236 2569 Quan-

1357 2596 1416 2631 tae
1436 2591 1668 2642 opulentiae
1689 2589 1821 2632 fuerit
1837 2592 1918 2631 boc
1937 2592 2160 2642 templum,
2171 2602 2235 2630 «ex

1358 2667 1409 2695 eo
1429 2659 1627 2707 apparet,
1657 2654 1770 2707 quod
1804 2655 2048 2696 Phocenses
2067 2654 2122 2694 ad
2143 2654 2234 2694 bel-

1350 2718 1443 2756 lum
1466 2729 1632 2756 sacrum
1653 2718 1748 2767 plus
1768 2729 1894 2769 quam
1924 2717 2072 2757 decem
2100 2718 2235 2756 talen-

1359 2787 1497 2820 torum
1535 2780 1760 2832 Myriades
1793 2781 2056 2832 acceperint.
2124 2779 2234 2819 Inde

1359 2856 1462 2895 opes
1479 2844 1651 2895 templi,
1676 2855 1772 2896 quae
1793 2844 2022 2896 quotannis
2049 2843 2237 2883 donariis

1360 2907 1639 2958 augebantur,
1657 2906 1898 2946 existimari
1918 2912 2105 2958 possunt.

1417 2969 1634 3021 Templum]
1662 2969 1730 3009 De
1751 2969 1833 3009 hac
1852 2969 2112 3021 spoliatione
2131 2974 2236 3010 tem-

1360 3033 1422 3086 pli
1447 3033 1641 3072 meminit
1653 3032 1866 3074 sustinus.

1415 3098 1438 3149 ᾗ
1462 3100 1520 3137 ,19
1550 3097 1636 3136 Nec
1671 3096 1799 3135 minus
1831 3096 1969 3149 efficax
1998 3095 2124 3147 ultor]
2146 3095 2238 3134 De·

1361 3160 1490 3200 victis
1520 3159 1711 3211 partibus
1738 3158 1863 3198 Bruti
1882 3165 1927 3199 et
1938 3158 2082 3198 Cassii
2098 3158 2240 3198 Caesa-

1355 3223 1419 3262 -ris
1457 3221 1802 3271 interfectorum,
1837 3220 2064 3271 Octavius,
2102 3218 2240 3260 Anto-

1361 3283 1474 3334 nius,
1489 3290 1535 3324 et
1554 3284 1759 3336 Lepidus,
1776 3283 1891 3323 inter
1907 3294 1953 3323 se
1973 3282 2120 3323 orbem
2132 3281 2238 3320 divi-

1362 3352 1523 3387 serunt.
1582 3346 1790 3386 Octavius
1809 3345 2033 3384 cadentem
2053 3345 2238 3395 plagam,

1364 3409 1555 3461 Lepidus
1601 3407 1879 3447 meridianam
1925 3405 2128 3446 obtinuit.
2182 3405 2240 3443 Et

1364 3484 1461 3512 cnm
1481 3471 1710 3511 Octaviam
1731 3470 1905 3510 Octavii
1933 3480 2118 3510 sororem
2148 3468 2237 3507 An-

1365 3536 1504 3577 tonius
1525 3535 1720 3576 duxisset
1738 3545 1930 3584 uxorem,
1952 3538 2001 3573 ut
2016 3532 2123 3573 inita
2141 3543 2237 3572 con-
