2320 4004
388 287 529 353 1136

389 423 434 459 et
455 429 614 457 summo
645 416 742 459 loco
779 417 820 456 in
855 417 1033 457 civitate
1067 415 1254 469 praediti,

952 301 1128 339 NOTAE

318 485 322 487 “
389 481 487 520 odio
507 481 618 519 inter
635 492 679 518 se
711 480 827 531 gravi
861 484 904 518 et
933 480 1144 519 simultate
1164 479 1254 519 diu-

389 544 479 582 tina
497 541 727 583 conflictati
746 548 856 582 sunt.
900 543 1058 582 Postea
1073 543 1252 594 populus

387 618 461 646 eos
481 606 602 644 simul
638 617 835 644 censores
867 603 987 654 fecit,
1020 613 1147 657 atque
1175 605 1254 655 illi,

387 670 458 708 ubi
497 680 597 707 voce
634 667 841 718 praeconis
875 668 1106 707 renuntiati
1143 674 1255 718 suut,

387 731 543 771 ibidem
564 731 605 769 in
627 743 776 782 campo
796 733 958 780 statim,
977 731 1162 770 nondum
1182 730 1254 770 de·

386 794 512 832 missa
530 793 747 843 concione,
767 795 875 833 ultro
892 800 1086 847 uterque,
1100 798 1145 833 et
1161 795 1250 846 pari

386 855 608 894 voluntate
673 856 891 906 conjuncti
958 856 1253 908 complexique

384 924 497 957 sunt.
555 917 701 970 Exque
722 931 772 958 eo
792 919 876 971 die,
908 924 952 958 et
981 919 1023 958 in
1042 919 1136 970 ipsa
1155 930 1253 958 cen·

384 993 496 1031 sura,
517 987 562 1021 et
582 988 745 1033 postea,
767 982 860 1034 jugi
891 981 1118 1022 concordia
1148 980 1252 1020 fide-

383 1045 542 1084 lissime
557 1045 891 1098 amicissimeque
910 1046 1119 1084 vixerunt.
1147 1045 1252 1083 Tur-

382 1119 440 1158 pe
469 1108 582 1147 enim
603 1107 679 1147 sibi
701 1107 792 1147 fore
823 1109 1033 1159 putabant
1051 1108 1251 1160 privatim

377 1173 626 1224 dissentire,
663 1186 756 1213 cum
806 1174 974 1224 publice
1010 1174 1054 1212 in
1090 1184 1252 1213 summo

381 1237 631 1287 magistratu
647 1242 788 1275 essent
805 1234 1048 1287 conjuncti!
1080 1236 1229 1274 Oliver.

438 1299 687 1350 Renuntiati]
720 1298 829 1338 Nam
849 1299 888 1337 in
902 1298 1084 1338 comitiis
1101 1298 1252 1338 collec-

309 1368 315 1372 '
382 1361 439 1399 tis
468 1374 542 1411 per
562 1368 721 1412 puncta
747 1359 973 1412 suffragiis,
1008 1361 1079 1413 qui
1109 1372 1251 1400 nnme-

382 1424 525 1463 randis
546 1424 713 1474 punctis
742 1430 972 1474 praeerant,
997 1422 1255 1463 nuntiabant

383 1487 571 1538 praeconi
603 1498 690 1537 eos,
715 1486 787 1539 qui
808 1487 935 1526 electi
953 1484 1141 1526 fuerunt.
1196 1485 1254 1524 Et

385 1561 530 1600 praeco
549 1550 694 1589 electis
714 1549 1000 1601 renuntiabat,
1017 1548 1061 1588 id
1076 1554 1157 1600 est,
1172 1547 1253 1588 ite·

385 1624 478 1652 rum
495 1613 736 1652 nuntiabat.
765 1613 875 1652 Bad.

441 1675 605 1726 Campo]
633 1675 809 1715 Scilicet
828 1675 1002 1716 Martio.

395 1764 398 1768 -
437 1739 596 1779 Summa
618 1740 748 1788 Juncti
766 1743 892 1779 essent
918 1737 1128 1791 potestate]
1156 1737 1255 1777 Col·

383 1802 499 1854 legio
527 1814 698 1841 summae
730 1803 975 1853 potestatis,
1004 1814 1077 1842 seu
1106 1813 1254 1841 censu-

381 1874 462 1914 rae,
489 1864 600 1916 quod
630 1877 713 1904 uon
744 1871 837 1905 erat
857 1877 966 1918 pene
999 1865 1135 1905 minor
1154 1875 1254 1904 con·-

384 1929 540 1968 sulatu.

438 1993 506 2042 §2
537 1991 665 2031 Sicuti
679 1991 786 2031 Livii
804 1990 970 2042 qaoque]
1001 1990 1173 2031 Quanta
1188 1989 1254 2030 fu·-

383 2054 470 2093 erit
515 2054 628 2093 inter
671 2054 838 2092 Livium
883 2054 1164 2093 Salinatorem
1211 2063 1256 2094 et

382 2116 606 2156 Claudium
645 2117 862 2156 Neronem
896 2129 991 2155 cum
1023 2116 1256 2155 acerbitate

384 2180 604 2232 dissensio,
623 2181 665 2219 in
685 2192 781 2231 cap.
801 2180 854 2219 de
870 2180 1060 2219 Censura
1074 2179 1255 2231 diligen—

385 2249 453 2282 ter
472 2243 722 2283 notavimus.

437 2306 691 2357 Salinatoris]
717 2306 931 2346 Salinator
960 2305 1101 2345 dictus
1133 2310 1199 2344 est
1231 2317 1258 2344 a

384 2371 498 2422 lege,
532 2382 658 2422 quam
696 2370 975 2410 arctissimam
1019 2375 1064 2409 et
1099 2370 1256 2420 populo

385 2436 807 2478 maximemolestam
840 2436 892 2474 de
918 2435 1139 2475 vendendo
1167 2435 1256 2474 sale

384 2500 561 2538 tulerat.
617 2498 685 2538 Ob
705 2510 828 2550 quam
857 2497 1012 2537 deinde
1031 2497 1255 2536 damnatus

386 2568 468 2601 est.
539 2562 650 2600 Nam
685 2574 779 2600 cum
814 2561 995 2612 primum
1033 2560 1256 2599 consulatu

386 2623 508 2669 abiit,
528 2635 552 2661 a
567 2623 743 2662 Claudio
763 2624 936 2663 Nerone
955 2623 1014 2662 illi
1034 2623 1125 2662 dies
1145 2623 1259 2661 dicta

388 2692 457 2726 est
491 2686 542 2725 ad
585 2686 803 2737 populum.
884 2687 939 2725 Et
977 2698 1072 2725 cum
1113 2697 1258 2725 omnes

386 2747 526 2788 tribus
546 2747 583 2786 ei
600 2747 780 2787 maxime
795 2747 939 2787 forent
954 2746 1130 2787 infensae
1148 2759 1258 2798 prae—

390 2816 458 2851 ter
506 2809 702 2859 Metiam‚
746 2808 877 2848 facile
919 2810 1141 2848 damnatus
1177 2815 1258 2848 est.

390 2875 532 2916 Quam
551 2872 820 2924 ignominiam
837 2872 943 2911 adeo
958 2873 1135 2911 moleste
1149 2872 1261 2922 tulit,

389 2943 440 2977 ut
466 2949 537 2976 rus
555 2936 775 2986 migraret,
793 2941 837 2974 et
863 2947 940 2986 per
958 2935 1111 2974 multos
1131 2946 1261 2974 annos

388 2999 496 3040 urbe
514 3004 560 3039 et
578 2999 691 3038 omni
711 3004 827 3038 coetu
847 3003 1015 3036 careret
1033 2997 1260 3037 hominum.

391 3063 564 3104 Octavo
619 3061 753 3102 ferme
797 3066 892 3112 post
945 3061 1261 3102 damnationem

391 3139 518 3177 anno,
546 3126 608 3166 M.
627 3124 830 3166 Claudius
860 3123 1090 3163 Marcellus
1119 3129 1164 3163 et
1198 3123 1261 3163 M.

392 3190 591 3230 Valerius
625 3189 810 3229 Levinus
844 3188 1037 3227 consules
1065 3199 1160 3227 eum
1198 3199 1263 3226 re-

392 3255 611 3294 duxerunt
629 3252 671 3291 in
691 3252 851 3292 urbem.
906 3251 992 3290 Sed
1024 3255 1118 3290 erat
1145 3255 1265 3290 veste

394 3318 603 3367 obsoleta,
634 3316 792 3367 capillo
843 3314 1058 3365 barbaque
1086 3314 1267 3365 prolixa,

395 3393 484 3433 prae
507 3392 551 3420 se
582 3378 723 3418 ferens
748 3378 951 3429 insignem
979 3377 1022 3416 in
1043 3377 1163 3416 vultu
1196 3377 1267 3416 ba-

395 3444 574 3496 bituque
594 3441 836 3482 memoriam
858 3440 1098 3493 ignominiae
1115 3452 1267 3491 accep-

396 3514 470 3558 tae,
504 3516 628 3559 quern
654 3511 852 3547 censores
886 3504 1069 3556 tonderi,
1102 3504 1266 3556 squalo-

1173 300 1448 340 VARIORU
1459 302 1499 339 M
1539 301 1604 340 IN

1317 430 1490 469 remque
1512 418 1740 469 deponere,
1771 424 1815 458 et
1835 417 1877 456 in
1895 418 2096 458 Senatum
2113 430 2183 459 vc·

1316 481 1425 530 nire,
1454 493 1505 519 ac
1523 481 1713 520 omnibus
1735 480 1913 532 publicis
1940 480 2185 521 muneribus

1315 543 1434 594 fungi
1469 543 1716 594 coegerunt.
1787 543 1893 582 Cum
1927 542 2058 594 igitur
2096 555 2183 583 res-

1317 607 1434 657 publ.
1465 608 1582 657 gravi
1613 613 1657 645 et
1683 605 1847 646 diutino
1881 605 1992 645 bello
2020 605 2191 654 Punico

1317 670 1505 709 secundo
1533 676 1814 720 premeretur,
1842 669 2071 722 multisque
2099 670 2183 709 cla-

1318 732 1442 772 dibus
1474 732 1677 771 exhausta
1712 731 1809 770 viris
1839 729 2022 770 fortibus
2056 737 2187 782 esset,

1316 807 1398 834 non
1430 793 1555 834 facile
1586 793 1927 842 inveniebantur,
1957 793 2031 844 qui
2062 793 2182 845 digni

1317 855 1473 907 forent,
1503 856 1653 908 quibus
1681 855 2021 895 committeretur
2051 855 2185 908 impe·

1316 920 1439 961 rium.
1507 921 1659 973 Itaque
1687 919 1867 960 comitiis
1892 919 2183 959 consularibus

1317 982 1493 1023 Claudio
1502 984 1666 1024 Neroni
1680 982 1895 1022 declarato
1913 981 2092 1032 consuli,
2110 993 2189 1033 par

1316 1047 1354 1085 ei
1374 1048 1537 1098 collega
1553 1046 1838 1098 quaerebatur,
1855 1057 1935 1085 nec
1959 1043 2184 1096 quisquam

1315 1110 1358 1150 in
1378 1117 1499 1151 tanto
1520 1110 1677 1161 populo
1696 1108 1877 1148 inveniri
1895 1108 2036 1159 potuit
2054 1108 2185 1147 Sexto

1317 1173 1438 1212 Livio
1459 1170 1765 1223 praeferendus,
1784 1178 1858 1211 aut
1875 1175 1994 1210 certe
2014 1182 2183 1223 aequan-

1316 1236 1410 1286 dus,
1420 1237 1486 1275 vel
1500 1234 1613 1287 quod
1628 1235 1792 1283 caeteri,
1804 1234 1838 1275 si
1851 1233 1923 1286 qui
1939 1240 2076 1284 erant,
2088 1233 2185 1285 lege

1314 1297 1641 1350 impedirentur,
1651 1296 1719 1337 vel
1733 1296 1843 1350 quod
1855 1297 1990 1337 nullus
2001 1308 2079 1348 par
2089 1296 2188 1336 huic

1315 1362 1476 1401 virtute
1513 1366 1756 1412 appareret.
1828 1360 1972 1401 Quare
1999 1359 2188 1399 omnium

1314 1424 1526 1476 suffragiis
1535 1425 1574 1465 ei
1588 1424 1815 1475 recusanti,
1827 1435 1876 1464 ac
1890 1434 2025 1475 prope
2038 1422 2189 1473 invito,

1315 1491 1561 1530 consulatus
1605 1489 1883 1529 demandatus
1929 1494 2011 1528 est.
2085 1487 2186 1530 Quo

1315 1553 1448 1606 facto,
1483 1554 1537 1594 de
1567 1553 1914 1594 reconciliatione
1942 1552 2072 1592 etiam
2089 1556 2185 1604 grai

1317 1616 1389 1657 tiae
1410 1617 1453 1656 in
1474 1617 1633 1657 Senatu
1664 1621 1805 1657 actum
1823 1620 1906 1656 est.
1959 1615 2096 1654 Erant
2112 1625 2185 1654 au—

1317 1685 1405 1719 tem
1440 1679 1677 1719 inimicitiae
1717 1677 1830 1718 inter
1857 1687 1948 1727 eos,
1980 1680 2029 1715 nt
2057 1685 2189 1727 supra

1317 1743 1512 1794 diximus,
1541 1742 1655 1795 quod
1683 1739 1965 1781 damnationis
1994 1743 2040 1779 et
2069 1737 2189 1777 exilii

1318 1807 1381 1846 sui
1401 1806 1486 1845 dux
1505 1811 1551 1846 et
1568 1811 1720 1845 auctor
1737 1803 1891 1844 fuisset
1910 1803 2043 1843 Nero.
2095 1801 2189 1853 ,Has

1317 1881 1420 1921 ergo
1440 1868 1679 1909 acerbiores
1711 1866 2051 1919 indignioresque
2068 1862 2190 1904 Livio

1318 1945 1394 1972 sua
1413 1932 1628 1972 calamitas
1651 1930 1853 1976 faciebat,
1873 1929 1988 1982 quod
2007 1940 2055 1985 se
2072 1939 2188 1980 spre-

1319 2002 1408 2035 tum
1429 1995 1471 2034 in
1491 2007 1542 2034 ea
1571 1994 1742 2034 fortuna
1759 1991 1979 2033 credebat.
2033 1990 2191 2042 Itaque

1317 2058 1380 2097 his
1401 2058 1533 2109 magis
1564 2055 1847 2108 implacabilis
1875 2059 1983 2106 erat,
2015 2059 2062 2094 et
2089 2053 2191 2095 nibil

1318 2133 1424 2172 opus
1471 2132 1565 2160 esse
1611 2118 1957 2159 reconciliatione
2001 2116 2190 2167 dicebat,

1319 2183 1459 2222 acrius
1494 2187 1540 2221 et
1572 2181 1779 2221 intentius
1810 2180 1951 2221 omnia
1981 2184 2193 2231 gesturos,

1319 2246 1519 2285 timentes
1537 2257 1592 2284 ne
1611 2244 1834 2284 crescendi
1857 2255 1913 2284 ex
1942 2255 1990 2283 se
2018 2243 2192 2283 inimico

1319 2309 1498 2359 collegae
1519 2313 1713 2359 potestas
1732 2306 1872 2346 fieret.
1912 2305 2033 2346 Vicit
2049 2310 2193 2345 tamen

1318 2371 1551 2410 auctoritas
1576 2377 1768 2419 senatus,
1795 2374 1842 2409 et
1874 2369 2024 2420 patriae
2056 2367 2193 2409 chari-

1320 2439 1403 2484 tas,
1439 2439 1487 2472 ut
1518 2431 1727 2484 depositis
1758 2430 2068 2480 simultatibus,
2096 2441 2192 2483 qum

1319 2497 1434 2537 inter
1451 2497 1562 2546 ipsos
1582 2495 1651 2534 diu
1672 2494 1855 2545 fuerant,
1866 2493 2077 2534 communi
2092 2503 2194 2533 con-

1321 2559 1414 2598 silio
1447 2557 1672 2609 Rempubl.
1709 2557 1892 2597 invicem
1929 2555 2196 2596 administra·

1321 2625 1430 2660 rent.
1462 2620 1615 2659 Oliver.

1374 2682 1462 2722 Sibi
1481 2680 1707 2733 imperavit]
1733 2680 1787 2720 Id
1815 2684 1896 2731 est,
1922 2678 2065 2731 coegit
2082 2678 2192 2730 seip-

1322 2758 1411 2786 sum
1431 2745 1639 2784 oblivisci.

1376 2808 1544 2862 Dzfficilz’
1559 2811 1773 2859 temporam
1788 2805 1972 2858 articulo]
1991 2805 2088 2847 Quo
2107 2805 2195 2845 An·

1323 2871 1439 2912 nibal
1458 2872 1632 2910 Romam
1651 2869 1848 2910 vexabat.

1377 2933 1558 2973 Poenicas
1574 2930 1696 2982 vires]
1726 2931 1854 2980 Quia,
1877 2935 1928 2970 ut
1945 2941 2075 2981 supra
2103 2928 2197 2969 dix-

1324 2996 1446 3045 imus,
1469 2994 1750 3035 Asdrubalem
1766 2993 1987 3034 Annibalis
2005 2990 2196 3042 fratrem,

1325 3072 1419 3100 cum
1439 3059 1659 3099 innumero
1678 3057 1873 3098 exercitu
1893 3057 2070 3106 victum,
2082 3054 2197 3094 ceci-

1325 3124 1494 3163 derunt.

1380 3188 1402 3238 §
1421 3189 1445 3224 3
1477 3185 1637 3226 clarum
1665 3183 1784 3223 etiam
1813 3183 1857 3221 in
1881 3181 2072 3229 Africam
2089 3190 2198 3230 supe-

1326 3247 1449 3298 riore]
1487 3247 1542 3286 P.
1558 3245 1788 3286 Africanus
1823 3242 2036 3294 superior,
2065 3246 2111 3282 et
2140 3241 2195 3280 Τ.

1330 3310 1554 3351 Gracchus
1581 3307 1740 3348 Tiberii
1772 3312 1819 3346 et
1853 3305 1950 3346 Caii
1984 3304 2198 3346 Graccho-

1329 3387 1422 3414 rum
1453 3379 1590 3425 pater‚
1624 3382 1763 3410 rerum
1795 3375 2009 3421 gestarum
2038 3367 2202 3420 magni·'

1330 3439 1476 3480 tudine
1506 3443 1553 3478 et
1571 3437 1773 3477 bonorum
1795 3441 1923 3487 atque
1943 3434 2045 3474 vitae
2065 3433 2198 3485 digni·

1331 3507 1420 3543 tate
1438 3501 1624 3542 illustres
1645 3498 1740 3550 viri,
1758 3498 2048 3539 dissenserunt
2065 3506 2198 3548 saepe·
