2288 3990
381 302 522 355 1060

379 438 494 484 rent,
511 439 555 473 et
586 432 851 485 Reipublicae
880 439 1255 485 repraesentarent.

378 496 556 536 Praedes
588 497 745 549 populo
779 509 825 536 se
862 496 1121 548 obligabant,
1158 509 1255 550 pro-

374 560 615 611 mittentes,
643 561 679 600 si
711 561 811 614 quid
849 560 1104 601 incommodi
1142 563 1254 603 acci-

377 623 517 674 deret,
555 626 682 675 plene
728 637 774 663 se
821 623 1126 666 satisfacturos.
1182 626 1255 666 Ita
1308 642 1311 646 ·

372 686 496 738 dicti,
524 700 548 726 a
566 687 808 739 praestando
827 701 840 738 ς
872 688 970 741 quia
989 694 1077 730 tam
1095 690 1255 730 debent

373 756 581 802 praestare
600 750 713 803 quod
734 752 1037 803 promiserunt,
1062 765 1186 804 quam
1217 753 1252 792 is

373 818 448 854 aut
467 814 511 865 ii,
530 826 607 866 pro
627 826 710 866 quo
731 816 799 855 vel
820 827 898 866 pro
918 815 1068 868 quibus
1082 816 1252 867 praedes

371 875 476 916 facti
488 883 609 917 sunt:
633 878 822 930 talesque
835 879 960 918 hodie
975 885 1075 918 sunt
1090 891 1252 930 omnes,

369 940 511 992 inquit
546 938 754 992 Budaeus,
788 943 859 995 qui
890 955 1118 995 sponsores
1152 943 1251 983 Rei-

368 1003 555 1055 publicae
586 1005 655 1043 vel
688 1004 883 1057 Principi
915 1005 1023 1046 facti
1053 1011 1152 1046 sunt
1172 1018 1252 1058 pro

371 1065 439 1116 iis,
465 1066 536 1118 qui
571 1068 793 1118 pecuniam
833 1067 1045 1119 publicam
1080 1069 1251 1121 dispen-

372 1136 486 1177 sant,
514 1142 618 1182 quos
641 1138 885 1183 receptores
907 1138 1072 1173 vocant.
1131 1135 1250 1173 Praes

369 1191 503 1244 igitur
517 1199 585 1234 est
603 1195 841 1234 Satisdator
861 1196 904 1234 in
934 1196 1010 1236 lite
1030 1197 1249 1246 numatia3

368 1256 480 1296 unde
501 1256 643 1296 differt
661 1270 685 1297 a
703 1258 841 1308 Vade,
861 1260 972 1310 quod
995 1259 1031 1298 is
1061 1260 1251 1299 vadimo-

366 1319 483 1358 nium
506 1321 718 1370 promittit
738 1323 778 1361 in
812 1335 859 1361 re
893 1323 1082 1373 capitali.
1136 1322 1249 1363 Socii

365 1381 548 1433 denique
564 1389 700 1434 erant,
712 1385 781 1436 qui
799 1397 876 1436 pro
893 1385 1140 1425 Public-anis
1154 1397 1247 1437 par-

366 1444 444 1484 tim
472 1445 786 1497 conducebant,
823 1449 983 1500 partim
1002 1449 1247 1489 societatem

363 1519 460 1547 cum
478 1509 528 1547 iis
549 1509 730 1561 inibant,
762 1512 916 1563 partim
937 1524 1015 1564 pro
1046 1513 1111 1551 his
1139 1513 1247 1553 bona

365 1569 646 1625 fortunasque
667 1587 763 1614 suas
794 1577 1060 1628 Reipublicae
1087 1576 1245 1629 obliga-

362 1634 483 1676 bant.
539 1638 705 1678 Horum
724 1638 926 1692 frequens
946 1640 1107 1680 mentio
1131 1640 1246 1692 apud

367 1700 637 1753 Ciceronem,
684 1707 731 1742 et
779 1703 950 1755 quidem
996 1703 1245 1743 honorifica.

369 1764 532 1804 Omnes
569 1770 712 1805 autem
750 1767 985 1818 publicani,
1006 1768 1246 1820 Mancipes,

368 1827 563 1878 Praedes,
581 1829 764 1879 Socii‚in
785 1830 1075 1870 conducendis
1093 1835 1139 1870 et
1158 1831 1247 1870 exi-

368 1890 518 1940 gendis
534 1893 846 1943 provinciarum
864 1893 1247 1945 vectigalibus,nec

364 1964 450 1992 non
483 1955 597 1994 ultro
632 1955 820 2005 tributis,
857 1959 980 1995 erant
1011 1957 1246 2008 occupati:

363 2021 408 2056 et
441 2018 722 2068 vectigalibus
753 2019 925 2071 quidem
959 2020 1027 2060 vel
1046 2032 1100 2060 ex
1134 2021 1247 2072 agris

362 2082 431 2122 vel
465 2095 520 2122 ex
556 2084 747 2134 portibus
786 2084 984 2135 publicis.
1041 2084 1094 2124 In
1133 2087 1247 2137 agris

364 2146 477 2185 enim
496 2146 676 2197 publicis
690 2147 879 2186 homines
893 2147 1061 2199 quidam
1074 2148 1244 2188 colendi

363 2219 492 2247 causa
527 2209 723 2248 collocati
760 2216 898 2259 erant,
945 2210 1016 2262 qui
1055 2216 1244 2252 aratores

363 2278 494 2323 atque
526 2272 724 2323 agricolae
757 2273 876 2323 dicti,
905 2273 1126 2313 decumam
1158 2273 1244 2314 fru-

362 2335 495 2374 menti
541 2336 700 2387 populo
737 2336 929 2375 Romano
969 2336 1162 2376 dabant:
1201 2338 1243 2377 in

363 2398 533 2450 pascuis
572 2399 656 2447 alii,
697 2400 770 2452 qui
809 2406 1000 2452 pastores
1037 2402 1245 2452 appellati

363 2468 531 2502 certum
560 2463 822 2514 stipendium
856 2465 1098 2515 solvebant,
1132 2467 1244 2518 quod

366 2526 634 2577 Scripturam
654 2526 880 2567 dicebant:
911 2527 1025 2567 unde
1051 2528 1245 2581 Scriptu-

368 2589 502 2628 rarius
523 2602 626 2641 ager
646 2591 794 2641 Festo,
822 2591 863 2630 in
883 2603 983 2643 quo,
1011 2596 1059 2630 ut
1091 2603 1245 2642 pecora

365 2658 607 2702 pascantur,
622 2659 786 2692 certum
807 2659 874 2693 est
896 2665 979 2693 aes:
1015 2666 1039 2692 a
1058 2654 1244 2693 scriben-

368 2714 439 2763 do,
467 2714 578 2766 quod
598 2715 859 2755 Publicanus
888 2715 1115 2756 scribendo
1148 2729 1246 2756 con-

363 2775 515 2817 ficeret
534 2779 739 2819 rationem
759 2792 854 2819 cum
883 2787 1071 2831 pastore.
1129 2781 1245 2821 Pub-

361 2841 494 2880 licani
514 2854 631 2892 vero,
651 2843 721 2894 qui
742 2843 943 2883 decumas
964 2844 1244 2895 redimebant,

365 2903 608 2955 decumani,
637 2906 709 2958 qui
734 2918 907 2957 pascua,
925 2907 1143 2957 Pecuarii‚
1173 2910 1246 2961 qui

367 2972 532 3019 portus,
553 2969 809 3020 Portitores,
832 2976 876 3010 et
903 2970 1128 3020 vectigalia
1152 2972 1247 3022 ipsa

366 3031 575 3082 decumae,
602 3033 820 3084 scriptura
852 3046 900 3073 ac
920 3033 1154 3085 portorium
1175 3046 1245 3074 vo-

367 3093 588 3142 cabantur,
606 3098 718 3134 teste
739 3095 839 3135 Asc.
862 3096 1083 3136 Paediauo.
1138 3095 1244 3136 Ara-

366 3163 483 3197 tores
518 3164 663 3197 autem
695 3164 742 3198 et
774 3165 964 3210 pastores
999 3160 1090 3199 fere
1129 3160 1244 3200 cives

367 3219 549 3259 Romani
568 3226 707 3271 erant,
737 3222 809 3272 qui
841 3228 885 3261 et
917 3222 998 3272 ipsi
1035 3229 1244 3273 quaestum

364 3283 536 3335 sequuti
555 3295 678 3335 agros
698 3285 891 3335 publicos
925 3284 1139 3335 colebant,
1171 3292 1245 3325 aut

370 3358 527 3396 pecora
547 3349 734 3387 alebant.
788 3348 838 3388 Iu
855 3349 967 3387 ultro
984 3348 1154 3387 tributis
1177 3361 1244 3387 au·

368 3416 457 3449 tem
492 3411 830 3462 occupabantur,
868 3423 992 3463 quum
1035 3411 1244 3451 conduce-

367 3477 463 3512 rent
498 3478 543 3513 et
578 3473 803 3525 exigerent
838 3480 1031 3526 sumptus
1067 3486 1243 3526 operum

369 3530 650 3589 publicorum,
668 3549 843 3589 quorum
856 3537 1107 3578 locationem
1123 3539 1243 3591 quin·

964 315 1141 354 No'PAE
1182 314 1515 357 VARIORUM
1558 318 1621 356 IN

1315 441 1361 475 to
1380 447 1548 488 quoque
1568 446 1679 476 anno
1699 448 1724 475 a
1742 435 2000 477 Censoribus
2031 435 2188 480 factam

1314 499 1522 552 Polybius
1541 505 1586 540 et
1604 500 1744 540 Varro
1773 499 2052 552 scripserunt.
2080 502 2190 542 Fun-

1311 575 1400 613 ger.

1367 625 1572 676 Proculso]
1601 626 1823 667 Sententia
1841 627 2102 680 equestrium
2116 627 2188 680 ju.-

1315 688 1470 729 dicum.

1367 750 1564 791 Sec—essum
1596 751 1696 803 ejus]
1734 752 1889 794 Donec
1929 752 1974 794 in
2002 753 2187 807 aliquem

1313 813 1452 854 locum
1490 814 1728 866 secederet,
1764 827 1890 867 quem
1932 828 2010 868 pro
2057 817 2188 858 exilio

1313 881 1500 927 raperet.
1528 876 1694 917 Badius.

1366 941 1388 991 §
1408 944 1434 980 6
1465 941 1584 979 Caius
1602 936 1723 980 etiam
1741 939 1920 994 Marius]
1950 942 2059 983 Haec
2088 940 2189 984 His-

1313 1003 1423 1042 toria
1443 1009 1644 1044 annotata
1662 1009 1729 1045 est
1756 1006 1799 1045 in
1832 1017 1929 1058 cap.
1948 1006 2003 1045 de
2021 1006 2188 1047 Omini-

1312 1065 1415 1116 bus;
1444 1078 1537 1106 nam
1557 1068 1721 1107 Marius
1738 1068 1869 1119 Synae
1898 1068 2104 1121 impetum
2125 1067 2191 1108 fu·

1312 1130 1448 1183 giens,
1475 1131 1718 1171 Minturnas
1739 1131 1931 1183 delatus,
1953 1132 1996 1171 in
2027 1130 2190 1184 paludi-

1311 1193 1390 1232 bus
1409 1195 1610 1245 delituit;
1639 1208 1690 1236 eo
1719 1208 1813 1236 cum
1844 1196 2060 1237 venissent
2091 1195 2189 1248 syl-

1309 1258 1395 1297 lani
1416 1259 1584 1308 milites,
1598 1259 1669 1311 qui
1691 1257 2184 1311 persequebantur-eum,

1307 1319 1465 1360 indicio
1487 1321 1666 1372 pastoris
1690 1322 1938 1369 indicatum,
1965 1334 1989 1361 e
2022 1321 2187 1373 paludi·

1307 1382 1387 1422 bus
1405 1389 1648 1423 extractum
1668 1383 1711 1423 in
1741 1385 1979 1424 custodiam
2009 1385 2186 1425 Phaniae

1307 1446 1526 1498 cujusdam
1547 1447 1837 1488 tradiderunt.
1873 1449 2045 1488 Etcum
2061 1448 2187 1500 paulo

1303 1514 1407 1563 post
1425 1510 1476 1549 ad
1498 1522 1594 1550 enm
1613 1510 1891 1550 occidendum
1906 1511 2078 1552 Cimber
2098 1522 2186 1551 ser-

1305 1591 1382 1619 vus
1410 1579 1562 1619 missus
1596 1586 1724 1631 esset,
1744 1581 1971 1632 majestate
1991 1577 2071 1622 viri
2090 1593 2187 1634 per-

1306 1642 1463 1692 culsus,
1490 1642 1640 1682 stricto
1654 1643 1747 1694 jam
1769 1644 1910 1695 gladio
1938 1643 2186 1685 interficere

1306 1715 1388 1744 non
1425 1705 1648 1756 sustinuit3
1680 1705 1755 1745 sed
1784 1706 2092 1747 tremebundus
2111 1706 2186 1746 ab·

1300 1768 1424 1820 jecto
1442 1767 1556 1808 ferro
1579 1768 1752 1819 refugit,
1768 1770 2017 1810 clamitans:
2048 1769 2062 1792 ‘
2084 1770 2186 1810 Non

1307 1843 1478 1882 possum
1498 1832 1698 1872 occidere
1717 1833 1934 1874 Marium.’
1973 1832 2040 1873 Ad
2062 1833 2185 1885 cujus

1307 1906 1456 1934 vocem
1476 1895 1608 1935 exciti
1627 1895 1966 1948 Minturnenses,
1988 1901 2184 1937 accurre·

1308 1961 1424 2008 runt,
1479 1963 1524 1996 et
1569 1957 1650 1997 viri
1693 1958 1925 2010 majestate
1969 1959 2187 2010 commoti,

1308 2019 1465 2060 deinde
1493 2021 1611 2061 aselli
1641 2022 1779 2062 omine
1809 2022 1908 2062 navi
1939 2021 2185 2074 impositum

1306 2083 1489 2124 liberum
1525 2084 1643 2124 abire
1677 2085 1978 2137 permiserunt,
2020 2085 2092 2138 qui
2140 2086 2187 2125 in

1306 2147 1499 2187 Africam
1554 2147 1737 2198 delatus,
1791 2149 1988 2200 ingentes
2037 2149 2185 2200 copias

1306 2212 1586 2264 comparavit,
1630 2212 1862 2265 Cinnaeque
1914 2212 2186 2264 conjunctus,

1307 2276 1362 2316 ad
1379 2275 1528 2316 urbem
1546 2275 1812 2327 properavit,
1827 2287 1910 2329 qua
1922 2280 2068 2327 capta,
2079 2275 2185 2315 mul-

1307 2344 1448 2379 torum
1463 2339 1618 2378 civium
1634 2338 1836 2390 sanguine
1849 2338 2052 2391 injuriam
2067 2348 2184 2378 suam

1305 2401 1421 2441 ultus
1441 2406 1521 2442 est.
1555 2401 1659 2442 Oliv.

1365 2464 1602 2504 Ultimarum
1620 2464 1884 2516 miseriarum]
1912 2465 2027 2507 Quia
2050 2463 2183 2505 hostis

1306 2528 1458 2579 patriae
1479 2527 1704 2578 judicatus
1732 2532 1810 2567 est.

1361 2591 1529 2630 Privata
1547 2589 1676 2640 domo]
1705 2589 1882 2629 Phaniae
1903 2589 2140 2641 cujusdam.

1362 2651 1602 2702 Minturnis]
1644 2652 1889 2703 Μιντοῦρνω,
1933 2651 2048 2692 Latii
2082 2652 2183 2692 urbs

1307 2721 1352 2755 et
1372 2716 1556 2765 colonia,
1590 2715 1830 2755 Ptolemaeo
1863 2714 2059 2767 aliisque.
2115 2714 2185 2755 Ad

1308 2778 1442 2818 Lirim
1471 2776 1644 2818 fluvium
1679 2778 2022 2819 Halicarnassaeo
2059 2777 2131 2818 lib.
2152 2790 2184 2819 ι.

1307 2853 1432 2893 quam
1452 2841 1614 2892 Georg.
1636 2841 1855 2881 Fabricius
1880 2840 2031 2881 scribit
2058 2842 2187 2893 vulgo

1312 2905 1485 2954 Trqy'etto
1530 2904 1690 2944 vocari.
1759 2906 1826 2944 Ex
1867 2904 2184 2945 Minturnarum

1307 2967 1440 3007 ruinis
1458 2967 1631 3018 Trajetto
1650 2966 1907 3007 aedificatum
1922 2967 2073 3008 scribit
2087 2979 2187 3021 quo·

1309 3044 1392 3084 que
1413 3032 1563 3072 Celsus
1590 3032 1854 3072 Cittadinus.
1910 3032 2086 3082 Trqy'eeto
2117 3043 2187 3071 au-

1308 3101 1397 3135 tem
1435 3094 1476 3134 in
1517 3095 1629 3135 colle
1662 3101 1743 3136 est.
1799 3094 2034 3135 Minturnae
2082 3106 2184 3134 vero

1308 3159 1350 3198 in
1371 3159 1479 3198 valle
1510 3158 1601 3198 sive
1635 3158 1838 3210 planicie,
1870 3157 1983 3211 quod
2016 3169 2071 3196 ex
2101 3169 2187 3197 am·

1309 3221 1540 3273 phitheatri
1555 3226 1600 3260 et
1620 3220 1949 3272 aquaeductuum
1981 3219 2186 3271 reliquiis,

1309 3287 1448 3337 palam
1469 3286 1663 3325 omnibus
1682 3299 1692 3324 :
1722 3285 1982 3338 fueruntque
2003 3284 2056 3324 ad
2083 3284 2187 3324 dex-

1310 3357 1416 3388 tram
1439 3350 1548 3388 Liris
1567 3347 1768 3398 fluminis,
1798 3361 1881 3401 quo
1911 3350 1952 3388 in
1974 3350 2067 3389 loco
2087 3356 2186 3390 sunt

1310 3413 1491 3462 vestigia
1548 3413 1690 3463 pontis
1735 3413 1836 3452 olim
1883 3413 2183 3465 conjungentis

1309 3475 1418 3514 viam
1440 3475 1639 3527 Appiam.
1673 3476 1798 3516 Ortel.

1363 3538 1600 3590 Minturnis]
1632 3539 1680 3579 Id
1701 3546 1783 3590 est,
1806 3540 1919 3592 apud
1940 3539 2182 3580 Minturnas
