2320 4004
619 310 880 354 vALEuu
921 307 1169 348 MAXIMl
1210 308 1329 346 mn.
1360 307 1444 346 vi.
1483 306 1620 346 cAP.
1647 289 1699 343 1.

247 435 284 477 si
321 431 513 477 emiseris
551 444 713 473 vocem.
771 431 878 472 Cum
911 428 1068 482 pavida
1110 440 1135 467 e

248 513 395 543 somno
437 499 588 539 mulier
620 497 780 537 nullam
817 507 960 547 opem,
997 505 1133 546 prope

247 571 428 606 mortem
471 562 763 603 imminentem
811 559 994 609 videret,
1044 563 1134 596 tum

245 628 501 682 Tarquinius
520 625 648 666 fateri
668 636 870 673 amorem,
885 620 1133 674 orare‚mis-

246 705 348 734 cere
377 691 576 744 precibus
594 690 744 740 minas,
773 700 943 728 versare
974 687 1017 726 in
1046 698 1134 725 om-

248 768 325 798 nes
361 761 508 808 partes
530 754 782 794 muliebrem
813 753 1024 793 animum:
1061 749 1135 789 ubi

248 819 506 860 obstinatam
528 817 780 866 videbat,et
800 828 853 855 ne
872 814 1021 855 mortis
1044 812 1135 865 qui-

249 881 347 923 dem
379 889 498 923 metu
528 881 739 932 inclinari,
771 880 936 919 addidit
964 877 1018 917 ad
1047 889 1135 916 me-

248 951 343 988 tum
371 946 576 997 dedecus,
593 957 689 985 cum
709 943 1134 995 mortuajugulatum

249 1022 419 1051 servum
440 1010 676 1062 positurum
706 1009 783 1057 ait,
810 1013 860 1047 ut
888 1007 930 1046 iu
961 1005 1135 1046 sordido

251 1074 464 1116 adulterio
494 1079 652 1113 necata
684 1071 866 1111 dicatur.
914 1071 1011 1112 Quo
1050 1075 1135 1109 ter-

251 1150 350 1178 rore
367 1149 462 1178 cum
483 1137 657 1177 vicisset
676 1136 940 1176 obstinatam
970 1132 1136 1186 pudici-

251 1204 354 1245 tiam
386 1203 507 1244 velut
534 1203 690 1243 victrix
717 1200 866 1249 libido,
895 1199 1137 1253 profectus-

252 1279 336 1319 que
355 1267 456 1307 iude
473 1267 728 1319 Tarquinius
748 1265 870 1305 ferox
890 1270 1138 1317 expugnato

250 1331 406 1374 decore
420 1331 619 1372 muliebri
629 1336 761 1381 esset,
773 1329 968 1370 Lucretia
982 1333 1139 1367 moesta

251 1396 532 1446 tantumalo,
558 1395 708 1436 accitis
728 1393 1041 1447 quamprimum
1064 1404 1137 1444 pa·

253 1464 320 1500 tre
341 1460 534 1514 viroque,
564 1460 636 1513 qui
665 1472 759 1500 cum
791 1457 967 1510 singulis
989 1456 1137 1496 amicis

251 1523 443 1576 veniant,
483 1523 526 1563 in
557 1523 752 1563 cubiculo
784 1522 938 1562 sedens
968 1520 1137 1572 lachry-

251 1580 483 1635 inabunda,
505 1587 713 1639 quaerenti
737 1585 827 1625 viro
858 1582 982 1624 satin’
1004 1585 1137 1624 salvae

253 1662 323 1690 res
357 1651 528 1691 essent?
571 1650 768 1700 Minime,
810 1649 962 1701 inquit.
1020 1648 1137 1690 Quid

250 1713 365 1753 enim
383 1714 491 1755 salvi
507 1714 673 1753 mulieri
693 1725 788 1753 esse
804 1716 965 1764 potest,
983 1711 1140 1751 amissa

252 1777 489 1830 pudicitia?
529 1777 726 1829 Vestigia
740 1777 822 1816 viri
842 1776 984 1826 alieni,
1000 1776 1139 1816 Colla-

251 1841 358 1892 tine,
377 1842 418 1881 in
439 1842 553 1882 lecto
573 1846 674 1881 sunt
701 1846 793 1891 tuo,
819 1846 1026 1880 caeterum
1046 1851 1138 1880 cor-

251 1916 335 1958 pus
354 1911 422 1946 est
441 1911 607 1946 tantum
637 1905 858 1951 vIoIatum,
886 1903 1048 1943 animus
1078 1903 1140 1943 in-

251 1978 366 2021 sons,
395 1981 508 2013 mors
545 1969 694 2018 testis;
730 1968 805 2008 sed
838 1967 941 2008 date
966 1968 1140 2008 dextras

251 2029 611 2086 fidemque,haud
626 2033 801 2084 impune
817 2031 1014 2072 adultero
1032 2030 1141 2072 fore.

251 2095 409 2137 Sextus
425 2103 494 2137 est
510 2096 780 2150 Tarquinius,
811 2096 884 2149 qui
911 2096 1043 2137 hostis
1062 2109 1141 2149 pro

250 2161 423 2214 hospite
440 2162 573 2214 priori
598 2167 727 2201 nocte
757 2167 945 2201 armatus
966 2161 1065 2200 mibi
1085 2161 1140 2201 si-

251 2225 397 2278 bique,
429 2227 462 2265 si
497 2238 572 2266 vos
616 2227 692 2266 viri
729 2227 850 2276 estis,
887 2225 1138 2277 pestiferum

251 2289 350 2330 binc
382 2290 562 2330 abstulit
591 2290 805 2340 gaudium.
849 2290 969 2330 Dant
988 2290 1139 2330 ordine

252 2365 398 2394 omnes
415 2352 560 2403 fidem,
579 2355 855 2394 consolantur
870 2366 1028 2406 aegram
1051 2354 1138 2394 ani-

252 2418 328 2467 mi,
342 2419 576 2458 avertendo
595 2431 749 2458 noxam
765 2431 791 2458 a
805 2425 958 2458 coacta
977 2418 1019 2458 in
1038 2431 1139 2459 auc-

253 2486 391 2522 torem
423 2482 589 2533 delicti,
621 2489 805 2522 mentem
835 2495 1138 2534 peccare‚non

254 2558 425 2599 corpus,
453 2552 500 2587 et
537 2547 649 2586 unde
684 2547 902 2586 consilium
935 2545 1138 2598 abfuerit,

248 2611 424 2662 culpam
455 2609 623 2650 abesse.
669 2610 777 2660 Vos,
802 2610 955 2662 iuquit,
980 2610 1137 2650 videri-

253 2674 325 2725 tis,
354 2673 454 2727 quid
488 2674 550 2714 illi
581 2673 803 2723 debeatur,
832 2686 912 2726 ego
943 2686 1026 2726 me,
1055 2675 1139 2716 etsi

250 2742 432 2790 peccato
452 2737 644 2789 absolvo,
661 2738 872 2791 supplicio
886 2751 969 2778 nou
985 2738 1137 2791 libero,

251 2814 332 2844 nec
365 2805 451 2844 ulla
486 2804 642 2844 deinde
675 2804 892 2856 impudica
920 2805 1136 2846 Lucretiae

252 2869 453 2920 exemplo
489 2869 633 2909 vivet:
668 2871 869 2919 cultrum,
898 2882 1023 2922 quem
1057 2871 1136 2911 sub

251 2937 370 2972 veste
386 2932 577 2972 abditum
597 2932 800 2983 habebat,
818 2934 860 2972 iu
881 2946 957 2974 cor
975 2934 1137 2986 defigit,

251 2996 540 3049 prolapsaque
559 2996 601 3036 in
624 2997 774 3036 vulnus
793 2997 1050 3038 moribunda
1065 3011 1135 3039 ce-

252 3059 373 3101 cidit.
414 3060 651 3112 Dionysius
675 3060 716 3099 in
737 3061 815 3100 hac
831 3060 1010 3101 historia
1029 3064 1138 3102 mul-

253 3129 345 3164 tum
364 3123 563 3164 dissentit
576 3137 601 3163 a
613 3124 745 3164 Livio.
793 3125 892 3164 Non
907 3126 1019 3164 enim
1035 3138 1136 3166 con-

253 3188 489 3228 tentionem
509 3187 564 3228 de
581 3187 783 3227 uxoribus
801 3186 915 3227 inter
934 3193 1135 3240 potentes

253 3250 297 3292 in
333 3252 482 3293 castris
519 3251 816 3291 adolescentes
858 3258 1014 3303 ortam,
1055 3265 1136 3294 nec

252 3313 429 3355 Sextum
446 3316 720 3369 Tarquinium
741 3315 795 3355 ad
814 3315 856 3355 id
877 3315 1014 3368 ipsum
1046 3323 1134 3358 stu-

256 3377 429 3428 prandae
446 3379 659 3420 Lucretiae
675 3379 815 3431 gratia
827 3380 1051 3421 Collatiam
1065 3393 1135 3421 ve·

253 3440 388 3492 nisse,
407 3442 540 3482 veluti
557 3441 716 3483 furiosa
745 3443 928 3496 quadam
954 3445 1135 3487 libidine

255 3502 479 3555 agitatum,
497 3510 543 3544 ut
574 3506 708 3547 tradit
733 3507 894 3558 Livius,
921 3507 998 3547 sed
1016 3521 1040 3548 a
1061 3522 1134 3561 pa-

257 3572 323 3607 tre
356 3565 582 3608 Collatiam
617 3568 803 3623 missum,
840 3571 893 3611 ad
934 3572 1134 3624 quaedam

1938 288 2070 344 1211

1195 428 1283 468 illic
1303 427 1423 479 regia
1442 425 1620 478 negotia
1641 421 1912 476 peragenda;
1941 421 2086 473 hospi·

1195 490 1256 530 tio
1291 490 1447 529 deinde
1480 503 1506 530 a
1539 487 1747 529 Lucretia
1780 485 1966 536 benigne
1996 498 2086 525 sus·

1196 560 1387 605 ceptum,
1419 554 1581 607 quippe
1613 552 1727 603 regis
1756 549 1906 598 filium,
1933 554 1977 588 et
2006 549 2084 588 viri

1195 626 1423 668 cognatum
1440 631 1451 657 ι
1481 623 1577 656 erat
1592 622 1737 656 autem
1756 626 1809 654 ex
1832 619 1962 666 gente
1980 614 2086 653 Tar·

1195 682 1343 734 quinia
1383 682 1645 722 Collatinus:
1681 682 1921 730 ingressum
1956 685 2085 719 nocte

1196 746 1441 786 cubiculum
1463 746 1691 785 extorsisse
1706 746 1759 784 ab
1775 744 1992 784 obstinata
2003 744 2086 783 Lu-

1196 810 1334 850 cretia
1349 810 1485 862 stupri
1500 809 1817 858 necessitatem,
1833 819 1943 860 quae,
1958 819 2011 847 ne
2027 806 2088 846 in-

1195 873 1319 913 famis
1340 879 1597 924 moreretur,
1616 885 1771 924 corpus
1801 872 1895 924 ejus
1919 870 2088 911 libidini

1198 938 1411 990 subJecit3
1442 943 1539 978 orta
1571 937 1728 977 deinde
1754 937 1868 985 luce,
1892 948 1988 976 cum
2015 935 2087 975 ille

1198 1002 1390 1052 abiisset,
1420 1001 1667 1042 Lucretiam
1700 1000 1804 1040 dicit
1824 1006 1996 1051 sumpto
2016 1013 2087 1039 ve-

1199 1067 1339 1106 hiculo
1358 1067 1532 1106 Romam
1553 1065 1606 1105 ad
1627 1070 1796 1116 patrem
1819 1075 2092 1116 properasse,

1200 1135 1245 1170 et
1266 1130 1319 1170 ad
1341 1130 1431 1182 ejus
1445 1141 1588 1180 genua
1602 1128 1870 1180 provolutam
1884 1127 2090 1179 supplici-

1201 1200 1267 1235 ter
1305 1206 1491 1246 rogasse,
1541 1199 1588 1233 ut
1631 1203 1906 1246 quoscunque
1945 1197 2092 1244 posset

1202 1258 1377 1309 amicos,
1407 1263 1453 1298 et
1486 1263 1712 1308 cognatos,
1745 1268 1872 1309 quam
1907 1257 2090 1308 primum

1201 1326 1420 1362 evocaret.
1477 1321 1642 1364 Quibus
1679 1321 1852 1371 accitis,
1883 1333 1973 1360 rem
2003 1332 2092 1360 om-

1201 1398 1299 1426 nem
1318 1387 1584 1438 exposuisse,
1613 1385 1694 1425 sibi
1724 1384 1880 1425 deinde
1907 1380 2090 1425 mortem

1200 1450 1410 1490 intulisse.
1459 1451 1558 1493 Quo
1606 1449 1740 1500 facto,
1779 1448 1999 1488 Valerium
2046 1449 2091 1489 in

1200 1521 1346 1554 castra
1382 1514 1558 1554 missum
1593 1513 1790 1553 nuntium
1821 1512 1877 1552 ad
1914 1512 2092 1553 Collati·

1202 1592 1319 1631 num,
1336 1579 1408 1631 qui
1428 1590 1475 1618 re
1501 1577 1664 1628 audita,
1685 1589 1781 1618 cum
1799 1576 1930 1619 Junio
1950 1577 2091 1618 Bruto

1204 1645 1386 1684 Romam
1408 1645 1588 1691 venisse,
1620 1651 1665 1684 et
1697 1644 1751 1683 de
1782 1643 2004 1696 ejiciendis
2027 1655 2091 1682 re·-

1202 1709 1324 1762 gibus
1345 1709 1571 1750 consilium
1601 1709 1750 1749 iniisse
1781 1708 1954 1749 dicitur.
2003 1709 2091 1748 Oli·

1199 1787 1282 1815 ver.

1255 1840 1460 1892 Lucretia]
1488 1840 1668 1881 Factum
1688 1839 1769 1879 boc
1786 1838 2005 1878 Lucretiae
2028 1838 2091 1878 di-

1202 1912 1316 1946 serte
1337 1913 1383 1946 et
1407 1906 1572 1946 erudite
1598 1906 1792 1957 disputat
1818 1903 2090 1956 Augustinus

1201 1969 1258 2009 de
1293 1970 1484 2010 Civitate
1521 1970 1620 2021 Dei,
1657 1969 1729 2009 lib.
1764 1981 1796 2009 1.
1826 1982 1924 2021 cap.
1947 1973 2013 2010 19.
2045 1976 2091 2009 et

1201 2033 1276 2074 lib.
1298 2046 1373 2075 111.
1393 2047 1492 2087 cap.
1514 2038 1580 2075 15.
1621 2034 1823 2075 Meminit
1852 2040 1898 2074 et
1917 2034 2090 2075 Tertul-

1202 2102 1341 2142 lianus
1361 2103 1402 2142 in
1423 2102 1590 2143 exhort.
1609 2102 1661 2142 ad
1693 2101 1898 2143 Castitat.
1918 2108 1963 2143 et
1980 2102 2025 2142 in
2047 2102 2094 2142 li·

1203 2166 1280 2206 bro
1296 2167 1350 2206 de
1370 2168 1620 2219 Monogam.
1642 2166 1714 2207 ubi
1743 2167 1988 2208 Lucretiam
2006 2168 2090 2207 κατ’

1202 2229 1344 2280 ἐξοχὴν
1385 2236 1621 2271 matronam
1667 2230 1900 2270 Romanam
1948 2236 2090 2272 vocat.

1202 2295 1313 2335 Vide
1355 2302 1402 2336 et
1443 2296 1640 2337 Servium
1678 2294 1733 2335 ad
1770 2294 1938 2336 AEneid.
1982 2307 2088 2335 vm.

1204 2361 1334 2400 Coler.

1256 2424 1307 2464 In
1325 2424 1487 2464 concilio
1513 2423 1839 2475 necessariorum]
1867 2424 1960 2464 Viri
1987 2424 2087 2465 Col-

1199 2489 1339 2539 latini,
1374 2489 1506 2540 patris
1533 2488 1800 2540 Tricipitini,
1826 2488 1974 2530 Publii
2001 2489 2086 2528 Va-

1199 2553 1312 2603 lerii,
1331 2559 1376 2593 et
1396 2553 1516 2594 Juuii
1537 2553 1680 2592 Bruti.

1254 2618 1317 2670 §2
1345 2616 1479 2668 Atque
1498 2617 1595 2656 hanc
1621 2616 1775 2655 illatam
1798 2615 1985 2666 injuriam
2010 2629 2088 2656 non

1198 2682 1306 2731 tulit,
1331 2680 1555 2731 Virginius,
1571 2679 1711 2732 plebeii
1729 2680 1792 2719 vir·
1806 2681 1979 2733 generis,
1996 2682 2086 2733 ἔξω]

1197 2746 1350 2786 Scribe
1383 2752 1427 2785 et
1461 2744 1704 2796 distingue:
1734 2744 1866 2797 Atque
1892 2746 1974 2786 hoec
1998 2746 2087 2786 illa·

1198 2814 1279 2849 tam
1311 2809 1501 2859 injuriam
1528 2821 1604 2848 uon
1636 2808 1727 2848 tulit
1765 2808 1986 2862 Virginius,
2017 2812 2085 2862 &15.

1201 2873 1377 2913 Clandit
1422 2872 1668 2923 exemplum
1693 2874 1988 2925 ‚praeceden3‚
2038 2881 2086 2916 et

1198 2937 1360 2977 transit
1392 2936 1447 2975 ad
1478 2937 1686 2976 alterum:
1719 2942 1849 2989 atque
1880 2937 1972 2978 baec
2006 2940 2086 2979 Lu-

1198 3001 1351 3052 cretia,
1384 2999 1539 3054 inquit,
1573 2999 1737 3040 illatam
1767 3001 1963 3052 injuriam
1994 3003 2086 3043 ulta

1199 3069 1266 3104 est
1291 3062 1437 3104 ferro:
1476 3062 1698 3116 Virginius
1734 3064 1863 3104 etiam
1901 3063 2085 3105 inferen-

1199 3127 1312 3168 dam.
1340 3128 1455 3179 Lips.
1499 3118 1501 3121 ’

1257 3191 1467 3240 Virginius
1487 3190 1613 3244 plebei
1640 3189 1819 3242 generis]
1857 3191 1957 3231 Fuit
1985 3197 2083 3243 post

1199 3256 1364 3308 aliquot
1384 3268 1515 3296 annos
1534 3268 1611 3307 par
1630 3255 1672 3294 in
1694 3255 1798 3294 urbe
1815 3255 1935 3295 nefas
1951 3255 2082 3294 alibi-

1197 3319 1298 3359 dine
1319 3327 1476 3371 ortum,
1494 3318 1607 3359 haud
1627 3318 1764 3357 minus
1776 3315 1891 3356 foedo
1905 3324 2082 3366 eventu,

1198 3396 1324 3437 quam
1351 3383 1467 3436 quod
1500 3394 1578 3434 per
1609 3387 1801 3432 stuprum
1831 3380 2085 3434 caedemque

1198 3447 1415 3487 Lucretiae
1442 3446 1551 3486 urbe
1580 3454 1796 3495 regnoque
1823 3443 2080 3495 Tarquinios

1197 3511 1437 3561 expulerat.
1495 3508 1601 3548 Cum
1635 3505 1749 3545 enim
1776 3517 1802 3545 a
1830 3506 2080 3548 consulibus

1198 3572 1253 3614 ad
1286 3570 1550 3613 decemviros
1577 3568 1829 3610 translatum
1857 3575 1974 3611 esset
2000 3570 2077 3612 im-
