2288 3990
340 309 480 365 1078

337 443 413 481 tris
434 440 586 481 defixae
606 441 781 482 stabant
805 440 1003 494 Aquilae:
1034 454 1085 484 ac
1103 441 1216 484 inter

333 503 531 555 prodigia
547 508 655 549 erat,
673 516 769 543 cum
787 503 830 543 in
844 505 1011 545 hostem
1031 505 1216 545 eundum

333 571 448 607 esset
464 579 547 607 non
568 567 757 619 potuisse
791 567 934 608 evelli.
990 568 1106 608 Olim
1126 568 1217 621 qui·

334 629 433 670 dem
467 630 560 680 ipsa
589 631 707 670 hasta
740 630 801 670 ita
838 631 929 671 solo
963 629 1121 671 infixa:
1170 636 1216 671 at

332 699 485 745 postea
495 695 569 747 (ad
586 688 840 745 custodiam,
854 707 907 735 an
921 695 974 735 ad
990 695 1165 736 delicias
1179 694 1215 746 ?)

332 767 416 797 non
447 758 538 809 ipsa
564 758 705 807 hasta,
735 770 788 798 ne
818 759 1108 798 macularetur
1140 764 1214 797 aut

331 819 649 870 absumeretur,
692 821 766 860 sed
804 821 931 862 loculi
966 826 1041 862 aut
1073 822 1212 863 thecae

330 882 486 921 ferreae
517 884 557 922 in
593 888 752 923 terram
782 883 956 935 defixae,
987 889 1033 925 et
1065 886 1106 925 in
1140 898 1212 927 eas

330 946 516 986 immissa
554 947 642 986 ima'
669 947 799 988 hastae
835 948 992 999 cuspis.
1048 948 1134 989 Isti
1153 951 1211 990 lo-

331 1009 415 1048 culi
434 1008 567 1050 ferrei
593 1010 808 1063 quadrati,
827 1009 869 1049 in
904 1017 1077 1050 acutum
1107 1012 1213 1052 desi·

329 1078 500 1123 nentes,
520 1074 756 1114 introrsum·
787 1074 909 1114 vacui
929 1071 1210 1115 efformaban-

330 1137 417 1176 tur.
443 1136 621 1187 Lipsius.

384 1200 407 1250 ᾧ
440 1202 494 1239 20
525 1201 721 1240 Gaeterum
754 1205 800 1239 ut
833 1201 1013 1241 humanae
1049 1203 1213 1242 vincatis

328 1261 479 1312 actum]
508 1263 632 1302 More
662 1275 738 1302 suo
757 1264 954 1304 Valerius
973 1265 1171 1305 dissentit
1188 1277 1212 1305 a

326 1325 450 1366 Livio
487 1325 530 1364 in
562 1326 641 1366 hac
670 1326 877 1367 Historia.
923 1327 1035 1367 Nam
1066 1327 1211 1366 Livius

330 1387 510 1428 Decade
541 1389 728 1428 Secundi
761 1389 916 1429 Punici
948 1390 1059 1428 Belli
1079 1390 1209 1430 dicit:

325 1452 337 1473 ‘
358 1450 466 1491 Post
493 1452 760 1492 Cannensem
792 1452 958 1492 cladem
990 1465 1086 1492 cum
1107 1454 1211 1494 mul-

326 1518 382 1553 tae
405 1514 602 1555 civitates
637 1527 663 1555 a
692 1516 894 1555 Romanis
928 1515 1212 1567 defecissent,

325 1577 367 1615 in
389 1577 538 1628 primis
558 1578 704 1629 Capua
723 1590 806 1618 non
829 1591 1008 1631 parvum
1029 1580 1211 1620 Romani

325 1638 495 1691 imperii
515 1640 731 1680 vinculum
746 1646 792 1681 et
806 1641 996 1681 columen
1015 1642 1214 1693 descivit,

326 1703 379 1742 ad
419 1716 545 1756 quam
589 1705 934 1757 recuperandam
980 1720 1074 1746 cum
1114 1720 1212 1748 suas

326 1777 472 1806 omnes
492 1767 676 1807 Romani
691 1768 802 1808 vires
816 1770 1118 1821 intendissent,
1131 1783 1211 1811 nec

325 1829 479 1869 minori
500 1831 640 1871 animo
673 1831 982 1872 defenderetur
1002 1846 1026 1872 a
1046 1834 1210 1885 Poenis,

324 1893 449 1944 longo
469 1893 581 1934 bello
601 1900 646 1934 et
667 1895 889 1935 obsidione
926 1897 1119 1947 oppressi
1147 1896 1211 1937 fa-

324 1967 436 1997 mem
476 1958 723 1998 sentiebant
762 1963 942 2009 propter
977 1958 1212 2010 depopula-

323 2023 389 2057 tos
417 2031 558 2071 agros,
586 2018 934 2072 prohibitamque
961 2026 1212 2061 sementem.

325 2085 483 2125 Hanno
514 2085 600 2124 dux
621 2085 985 2137 Carthaginiensis
1015 2086 1068 2125 ab
1092 2086 1212 2125 Han-

324 2149 468 2189 nibale
498 2149 669 2199 missus,
696 2149 769 2202 qui
806 2161 982 2200 operam
1003 2148 1143 2200 daret,
1164 2155 1211 2189 ut

323 2211 529 2253 frumenti
545 2213 670 2264 copia
684 2212 813 2253 fieret
831 2213 1078 2263 Campanis,
1096 2212 1210 2252 haud

323 2277 476 2327 procul
507 2288 531 2315 a
549 2276 802 2316 Benevento
821 2281 965 2315 castra
985 2281 1210 2327 posueram

322 2351 449 2391 quem
483 2351 577 2379 cum
615 2338 765 2378 Furius
787 2339 946 2379 Consul
977 2339 1210 2389 Romanus,

321 2402 391 2441 cui
428 2402 502 2441 illa
535 2400 756 2454 provincia
780 2407 1002 2450 evenerat,
1032 2412 1110 2452 per
1136 2413 1210 2440 ex-

325 2467 567 2518 ploratores
610 2465 866 2516 accepisset,
901 2464 1208 2505 frumentatum

325 2545 422 2572 cum
446 2538 570 2584 parte
598 2532 818 2572 exercitus
838 2543 930 2572 esse
950 2531 1209 2583 profectum,

323 2600 470 2635 castra
497 2595 682 2634 hostium
703 2607 799 2635 cum
831 2593 1047 2646 expeditis
1065 2595 1210 2634 militi-

325 2656 406 2697 bus
437 2657 566 2708 paulo
599 2662 700 2696 ante
727 2657 868 2696 lucem
886 2656 1094 2702 adoritur,
1115 2661 1209 2696 tan-

325 2724 498 2772 tumque
527 2718 697 2770 pavoris
716 2718 883 2769 injecit,
901 2723 951 2757 ut
969 2718 1059 2757 siin
1081 2719 1209 2770 plano

325 2787 472 2822 castra
491 2781 635 2833 posita
667 2779 866 2830 fuissent,
891 2780 1026 2832 primo
1045 2781 1209 2832 impetu

324 2846 422 2897 capi
472 2846 743 2896 potuissent;
786 2843 864 2883 sed
914 2855 985 2883 eos
1024 2844 1209 2884 altitudo

322 2909 421 2959 loci‚
439 2914 486 2948 et
503 2909 766 2948 munimenta
783 2906 1085 2946 defenderunt.
1114 2908 1210 2947 Pri-

324 2984 395 3011 ma
414 2972 508 3010 luce
528 2975 653 3010 atrox
674 2970 867 3022 praelium
887 2969 986 3021 fnit,
1007 2983 1084 3011 nec
1098 2971 1210 3011 vallo

325 3033 455 3074 modo
475 3033 728 3073 tutabantur
746 3045 792 3072 se
813 3033 953 3082 Poeni,
966 3032 1040 3073 sed
1063 3033 1207 3072 detru-

326 3096 488 3136 debant
520 3108 690 3149 quoque
730 3109 808 3148 per
846 3095 980 3135 ardua
1018 3097 1208 3136 nitentes

324 3160 482 3201 hostes.
528 3159 644 3199 Vicit
662 3165 805 3199 tamen
826 3159 1023 3210 pertinax
1046 3159 1206 3198 virtus:

325 3235 424 3262 nam
445 3223 662 3262 Romanus
685 3221 929 3273 Imperator
949 3221 1001 3260 ab
1022 3222 1210 3273 incoepto

326 3286 537 3326 desistere
557 3286 858 3335 constituerat,
886 3284 1000 3337 quod
1022 3284 1112 3324 sine
1133 3285 1207 3323 mi-

321 3350 447 3389 litum
482 3359 651 3388 suorum
681 3347 872 3400 pernicie
901 3359 1056 3398 magna
1075 3348 1116 3386 id
1138 3347 1209 3386 ob-

327 3412 456 3451 tineri
502 3424 586 3451 non
632 3423 758 3463 posse
810 3410 992 3460 videret,
1033 3411 1208 3461 jamque

328 3475 521 3526 receptui
550 3485 707 3514 canere
738 3474 948 3526 jusserat,
973 3485 1101 3525 quum
1123 3473 1207 3513 cla-

328 3547 421 3576 mor
487 3537 669 3576 militum
740 3536 1061 3588 aspernantium
1120 3542 1205 3575 tam

927 326 1104 364 NOTAE
1147 326 1425 367 VARIORU
1438 330 1476 366 M
1521 330 1585 367 ΙΝ

1279 456 1410 496 segne
1423 446 1662 498 imperium,
1673 447 1841 499 disjecit
1859 448 1951 500 ejus
1967 448 2161 491 consilia.

1279 508 1482 548 Proxima
1503 516 1637 560 portae
1669 511 1852 551 hostium
1884 517 1979 552 erat
2005 513 2163 552 cohors

1278 570 1476 622 Peligna,
1508 572 1630 624 cujus
1650 572 1881 623 praefectus
1901 574 2052 614 Vibius
2069 574 2160 616 Ac-

1278 643 1379 670 ceus
1411 633 1613 673 vexillum
1642 639 1759 674 trans
1788 637 1944 676 vallum
1971 638 2158 677 hostium

1277 695 1466 746 trajecit,
1485 702 1708 736 execratus
1738 698 1838 737 inde
1861 711 1992 751 seque
2008 701 2159 739 cohor-

1276 763 1464 810 temque,
1490 760 1523 798 si
1557 760 1645 810 ejus
1683 761 1828 800 vexilli
1858 762 2000 802 hostes
2028 763 2159 814 potiti

1276 828 1435 872 essent,
1455 823 1650 875 princeps
1672 824 1764 875 ipse
1791 836 1869 876 per
1897 826 2051 865 vallum
2071 824 2159 865 sos-

1275 897 1448 938 samque
1466 886 1506 924 in
1528 891 1672 926 castra
1690 887 2042 939 hostiumn-rupit
2060 900 2159 928 cum

1277 954 1370 988 tota
1400 949 1591 989 cohorte.
1640 950 1767 989 Hunc
1801 948 1957 988 deinde
1981 957 2160 989 secutus

1275 1019 1340 1053 est
1363 1013 1560 1052 Valerius
1593 1015 1784 1063 Flaccus,
1817 1013 1959 1053 tertiae
1980 1012 2160 1063 legionis

1276 1076 1489 1126 tribunus,
1525 1077 1644 1127 cujus
1678 1077 1920 1116 imitatione
1952 1088 2160 1115 accensus

1273 1140 1320 1178 Τ.
1343 1139 1539 1179 Pedanus
1561 1140 1784 1189 Centurio,
1805 1139 2005 1177 vexillum
2028 1149 2053 1176 e
2071 1137 2160 1188 sig-

1274 1202 1403 1242 niferi
1424 1203 1616 1242 manibus
1636 1207 1850 1253 ereptum,
1865 1202 1977 1240 intra
1997 1201 2156 1240 vallum

1275 1266 1480 1317 conjecit,
1517 1265 1687 1304 dicens:
1720 1265 1778 1303 Et
1808 1265 1988 1314 signum,
2015 1268 2059 1302 et
2088 1263 2159 1302 hic

1277 1330 1483 1369 Centurio
1510 1330 1600 1380 jam
1647 1329 1760 1367 intra
1797 1334 1938 1368 castra
1973 1327 2158 1367 hostium

1275 1392 1373 1431 erit.
1430 1392 1684 1443 Quicunque
1703 1402 1772 1430 me
1792 1391 1972 1439 salvum,
1992 1397 2038 1430 et
2055 1401 2158 1429 vex-

1274 1454 1392 1493 illum
1452 1465 1547 1493 esse
1610 1452 1809 1500 voluerit,
1860 1452 2157 1505 subsequetur.

1276 1517 1371 1558 Nec
1415 1521 1704 1557 retrectat-unt
1741 1517 1834 1568 ejus
1871 1517 2159 1568 manipulares

1275 1585 1360 1620 tarn
1382 1581 1610 1632 gloriosum
1630 1585 1867 1619 certamen.
1896 1579 2051 1620 Castra
2069 1579 2158 1618 vir-

1275 1649 1368 1682 tute
1407 1644 1552 1682 horum
1587 1649 1732 1693 capta,
1761 1649 1806 1682 et
1839 1642 2011 1693 direpta
2039 1649 2157 1692 sunt,

1274 1718 1512 1758 magnaque
1546 1705 1687 1745 caedes
1715 1703 1863 1745 facta:
1892 1717 1988 1744 nam
2026 1716 2158 1756 supra

1274 1781 1350 1808 sex
1390 1769 1507 1808 milia
1532 1769 1718 1808 hostium
1751 1779 1880 1819 caesa,
1903 1779 2034 1819 supra
2061 1760 2159 1818 sep-

1275 1837 1359 1872 tem
1399 1832 1514 1870 milia
1552 1835 1695 1883 capta,
1732 1842 1828 1872 cum
1867 1831 1953 1870 alia
1988 1831 2157 1882 ingenti

1276 1894 1451 1947 praeda.’
1481 1894 1584 1934 oliv.

1329 1959 1528 1998 Humana»
1563 1955 1744 2008 virtutis]
1790 1956 1902 1996 Nam
1934 1956 2169 2007 superiora

1274 2022 1358 2062 duo
1394 2022 1496 2062 Julii
1529 2022 1727 2071 exempla
1760 2019 1917 2060 divinae
1946 2019 2038 2059 vult
2065 2030 2157 2059 esse

1273 2085 1460 2124 virtutis.
1489 2085 1656 2124 Badius.

1326 2147 1500 2187 Annibal
1521 2145 1714 2198 Capuam]
1744 2145 1838 2185 lmo
1868 2144 2054 2185 Romani
2075 2144 2157 2184 Ca-

1274 2224 1400 2264 puam
1433 2210 1649 2250 obsessuri
1678 2215 1803 2250 erant
1823 2209 1999 2249 absente
2021 2207 2158 2248 Anni·

1274 2276 1386 2314 bale.
1444 2275 1587 2314 Livius
1609 2274 1681 2313 lib.
1704 2284 1818 2313 xxv.
1852 2273 2068 2313 Corradus.

1331 2338 1526 2390 Capuam]
1547 2339 1694 2390 Capua
1709 2337 1810 2377 urbs
1828 2335 2088 2387 Campaniae,
2102 2335 2158 2374 de

1274 2415 1358 2456 qua
1378 2403 1492 2442 alibi.

1328 2466 1511 2515 Peligna·
1545 2464 1738 2515 cohortes]
1777 2464 2003 2516 Pelignum
2037 2460 2158 2513 oppi-

1274 2530 1373 2570 dum
1405 2530 1603 2570 Latinum
1637 2534 1720 2578 est,
1741 2541 1767 2568 a
1786 2540 1870 2580 quo
1890 2528 2068 2578 Peligna
2087 2537 2158 2564 co-

1272 2593 1369 2632 hors
1390 2593 1527 2642 dicta,
1551 2592 1622 2644 qui
1654 2591 1761 2631 socii
1790 2591 2094 2638 Romanorum,
2111 2588 2156 2626 in

1273 2667 1417 2694 eorum
1433 2660 1639 2693 venerant
1660 2653 1875 2692 auxilium.
1907 2653 2057 2691 Oliver.

1329 2717 1571 2768 Eaeecratus]
1599 2715 1808 2766 Execrad,
1840 2720 1907 2754 est
1927 2714 2021 2752 dira
2041 2725 2155 2763 quae-

1273 2780 1369 2820 dam
1390 2785 1433 2818 et
1453 2778 1758 2830 imprecatoria
1779 2777 1911 2817 verba
1931 2777 2011 2816 sibi
2044 2776 2154 2815 indi-

1273 2854 1386 2892 cere,
1416 2851 1544 2894 atque
1567 2845 1699 2893 caput
1723 2852 1842 2879 suum
1864 2839 2091 2889 devovere,
2121 2839 2157 2877 si

1273 2905 1411 2945 fallat.

1330 2967 1475 3007 Tereiae
1493 2966 1679 3018 legionis]
1709 2965 1952 3006 Communis
1968 2965 2155 3016 agnomi-

1272 3032 1386 3070 natio
1409 3031 1641 3082 Legionum
1663 3043 1686 3068 a
1707 3040 1882 3068 numero
1905 3028 2005 3079 fuit,
2026 3028 2154 3081 idque

1271 3094 1541 3133 discretionis
1572 3105 1716 3144 causa,
1747 3101 1794 3132 ut
1822 3093 2038 3132 diceretur
2059 3092 2156 3130 Pri-

1271 3170 1356 3207 ma,
1385 3158 1600 3205 Secunda,
1618 3157 1781 3205 Tertia,
1800 3159 1880 3196 &c.
1939 3155 1989 3194 Id
2010 3161 2154 3194 autem

1272 3222 1325 3260 ab
1349 3221 1497 3260 ordine
1520 3220 1720 3270 temporis
1752 3224 1796 3258 et
1827 3219 2038 3265 delectus,
2070 3230 2155 3270 quo

1271 3285 1544 3335 conscriptae.
1599 3283 1685 3322 Sed
1706 3281 1878 3321 fuerunt
1895 3288 1940 3322 et
1958 3282 2041 3320 alia
2063 3294 2156 3332 pas·

1271 3348 1350 3386 sim
1381 3347 1616 3398 Legionum
1637 3346 1902 3396 cognomina.
1969 3345 2039 3386 Ab
2069 3346 2154 3386 Im-

1271 3409 1538 3461 peratoribus
1554 3408 1761 3460 Augusta,
1780 3409 1975 3459 Claudia,
1989 3411 2153 3450 Flavia.

1269 3473 1309 3513 A
1341 3473 1447 3512 locis
1480 3472 1770 3521 hibernorum,
1790 3478 1836 3511 ut
1858 3472 2041 3524 Gallica,
2068 3472 2154 3524 Cy·

1268 3535 1460 3586 renaica,
1500 3534 1717 3586 Scythica,
1751 3535 2050 3585 Macedonica,
2085 3535 2155 3575 ΙΕ-
