2288 3990
398 293 538 347 1048

405 423 606 475 dodrans,
625 423 852 476 quadrans,
871 423 1022 475 nnciae,
1040 424 1181 474 minae,
1199 423 1272 463 de-

404 486 562 536 narius,
595 491 640 526 et
679 486 844 527 similia.
900 487 1013 537 Ergo
1050 487 1271 538 pecuniam

404 549 552 588 nonin
585 548 731 589 loculis
758 560 928 588 servare
956 549 1166 600 solebant,
1194 550 1270 589 sed

401 611 446 651 in
473 611 678 651 thesauris
705 611 862 662 stipare
895 617 941 651 et
977 612 1269 662 condensare;

399 685 496 713 nam
528 675 707 725 stipare,
728 679 793 713 est
812 674 854 712 in
874 674 1010 714 locum
1043 682 1269 727 angustum

399 747 620 787 reponere.
677 736 792 788 Ergo
811 737 1050 790 restipulari,
1068 744 1136 779 est
1155 743 1269 779 retro

399 811 446 839 se
466 799 670 850 obligare,
686 797 729 838 id
744 804 825 850 est,
841 803 989 839 contra
1002 803 1268 852 sponsionem

399 874 423 902 a
443 863 616 902 Valerio
635 861 791 903 factam
811 865 1034 915 pecuniam
1065 866 1268 919 obligare.

404 924 551 963 Oliver.
715 966 719 972 ,

407 1017 410 1020 ,
452 987 603 1027 Atilius
622 988 842 1040 Calatinus]
886 990 972 1030 Hic
1002 992 1156 1031 Consul
1173 1005 1265 1032 cum

398 1050 588 1097 aPoenis
621 1052 661 1091 in
690 1053 824 1092 locum
855 1053 1172 1094 circumsessum
1205 1061 1265 1094 te-

396 1125 512 1153 mere
531 1115 768 1154 exercitum
789 1114 991 1166 duxisset,
1008 1117 1147 1157 Marci
1169 1118 1265 1157 Cal-

397 1175 539 1227 purnii
558 1175 715 1217 tribuni
730 1177 911 1217 militum
923 1179 1083 1220 virtute
1102 1185 1145 1220 et
1165 1192 1264 1232 ope-

397 1250 446 1277 ra
462 1239 613 1289 evasit,
631 1239 702 1291 qui
724 1252 819 1279 cum
838 1241 1042 1281 trecentis
1063 1241 1264 1282 militibus

394 1302 617 1352 eruptione
644 1301 775 1351 facta,
792 1303 935 1343 hostes
954 1304 997 1342 in
1018 1314 1063 1343 se
1089 1316 1264 1344 couver-

395 1368 510 1404 terat
529 1374 687 1404 omnes.
742 1366 813 1404 De
833 1365 964 1404 Atilio
979 1366 1174 1406 Calatino
1194 1367 1263 1408 Ci-

394 1438 494 1466 cero
530 1427 571 1466 in
610 1428 774 1467 Catone
822 1427 1004 1478 majore:
1053 1429 1066 1451 ‘
1090 1429 1263 1470 Quanta

389 1489 473 1530 fuit
489 1491 759 1543 [auctoritas]
775 1491 817 1531 in
835 1493 966 1532 Lucio
981 1492 1153 1534 Caecilio
1168 1494 1261 1533 Me-

388 1553 518 1593 tello?
546 1559 705 1606 quanta
734 1554 778 1593 in
797 1553 930 1594 Atilio
961 1555 1190 1596 Calatino?
1217 1556 1260 1595 in

387 1627 513 1668 quem
539 1616 642 1655 illud
661 1616 870 1668 eulogium
889 1616 1084 1657 unicum:
1121 1619 1260 1659 Pluri-

390 1689 471 1717 mae
509 1678 777 1718 consentiunt
818 1684 981 1730 gentes,
1000 1681 1146 1732 populi
1174 1682 1258 1733 pri-

387 1741 565 1781 marium
586 1740 720 1782 fuisse
743 1742 890 1784 virum.
912 1749 1059 1785 notum
1079 1751 1145 1785 est
1165 1757 1258 1786 car·

389 1816 501 1855 meu,
519 1804 696 1844 incisum
715 1806 758 1845 in
775 1807 1027 1858 sepulchro.'
1059 1808 1206 1850 Oliver.

438 1867 640 1918 Auspicio]
668 1867 836 1909 Cuncta
849 1870 959 1910 enim
974 1871 1087 1923 apud
1107 1873 1257 1913 Roma-

386 1938 461 1968 nos
482 1930 700 1981 auspicato
719 1930 896 1974 fiebant.

439 1990 570 2030 Litem
593 1992 661 2044 do]
687 1992 739 2032 Id
770 1999 837 2034 est
863 1994 986 2045 dico;
1006 2001 1051 2036 et
1077 2001 1143 2037 est
1162 2008 1255 2037 ver-

386 2052 486 2092 bum
507 2054 632 2105 juris.
689 2056 818 2096 Verbi
852 2057 1106 2110 significatio
1125 2060 1256 2100 etiam

383 2115 497 2166 apud
518 2116 828 2160 Grammaticos
843 2121 1073 2162 iuvenitur.
1115 2124 1256 2176 Virgi-

381 2178 488 2219 lius:
528 2179 541 2202 ‘
558 2179 643 2220 Sed
665 2186 805 2222 tamen
834 2183 915 2224 iste
946 2185 1066 2226 Deus
1089 2187 1180 2239 quis
1199 2188 1256 2228 sit

382 2240 451 2293 da,
464 2242 625 2294 Tityre,
652 2244 807 2285 nobis!
861 2247 974 2298 Ergo
1001 2248 1103 2288 dare
1121 2250 1253 2296 litem,

382 2309 447 2344 est
459 2305 533 2355 jus
554 2305 877 2359 disceptationis
897 2310 1056 2351 dicere.

438 2368 494 2407 Ut
519 2381 594 2407 non
620 2370 859 2423 legitimum]
906 2373 1017 2415 Quia
1047 2375 1131 2427 ipsi
1157 2377 1254 2430 lege

379 2442 462 2470 non
483 2431 736 2484 debebatur,
755 2435 830 2475 sed
854 2436 1042 2479 Consuli.

429 2495 452 2544 ς
473 2497 498 2533 3
530 2495 637 2540 Quid
657 2498 793 2545 facias
826 2500 900 2539 Cn.
923 2500 1063 2541 Fulvio
1095 2502 1253 2555 Flacco]

375 2554 464 2596 Hic
483 2556 665 2597 Flaccus
684 2559 944 2611 triumphum
978 2566 1254 2617 contempsit,

377 2617 449 2670 qui
468 2619 604 2669 primo
622 2620 794 2673 subegit
822 2623 1028 2666 Vardaeos
1047 2626 1091 2665 in
1110 2627 1250 2679 Illyri-

373 2691 443 2730 co,
462 2681 616 2721 delude
645 2683 730 2723 alio
761 2688 954 2739 tempore
987 2686 1164 2739 Alpinos
1188 2691 1251 2731 Li-

373 2755 501 2795 gures
547 2744 736 2787 domuit:
790 2747 941 2788 missus
991 2762 1159 2803 quoqne
1206 2753 1249 2792 in

371 2807 575 2847 auxilium
603 2809 933 2852 Massiliensium
958 2812 1159 2855 adversus
1175 2816 1249 2855 Sa-

369 2871 479 2911 linos
498 2871 646 2912 Gallos
678 2873 750 2926 qui
781 2872 888 2914 fines
919 2876 1248 2918 Massiliensium

371 2934 760 2988 depopulabantur,
777 2937 947 2978 demum
980 2951 1076 2979 cum
1095 2941 1247 2982 AEtolis

370 2998 568 3051 bellavit,
580 2999 654 3052 qui
674 3012 769 3040 cum
801 2999 1075 3042 Ambraciam
1102 3003 1248 3044 civita·

369 3066 458 3102 tem
491 3072 636 3102 eorum
669 3061 743 3102 diu
773 3062 979 3103 machinis
998 3076 1246 3117 expugnare

367 3127 592 3170 tentasset,
611 3135 691 3164 nec
711 3136 803 3165 eam
820 3136 977 3176 capere
1001 3130 1159 3177 posset,
1190 3128 1244 3168 ad

366 3192 601 3228 extremam
663 3187 967 3229 necessitatem
1039 3191 1244 3243 oppidani

364 3250 588 3303 compulsi,
629 3250 846 3302 supplices
877 3251 1104 3292 Consulem
1150 3266 1242 3294 ora-

364 3320 479 3365 runt,
509 3318 557 3354 ut
587 3324 661 3354 eos
689 3313 732 3352 in
763 3312 1024 3354 deditionem
1044 3315 1242 3368 accipere

364 3376 520 3424 vellet;
551 3374 663 3427 quod
684 3375 755 3415 ille
772 3375 941 3416 omnino
955 3375 1102 3418 facere
1123 3390 1241 3420 recu-

367 3438 493 3489 savit,
527 3450 608 3478 nec
640 3438 757 3489 prius
783 3436 902 3478 flecti
933 3440 1088 3491 potuit,
1115 3454 1239 3494 quam

367 3502 568 3555 precibus
604 3500 760 3543 Rhodii
791 3500 1015 3554 cujusdam
1042 3501 1182 3545 Attici
1215 3517 1241 3545 a

991 305 1166 345 NOTAE
1206 305 1535 347 VARIORUM
1573 306 1641 346 IN

1333 424 1491 464 Senatu
1509 423 1783 475 impetratum
1805 428 1887 475 est,
1906 429 1955 465 ut
1983 437 2055 466 eos
2073 426 2116 466 in
2131 426 2204 467 de-

1335 486 1538 525 ditionem
1570 487 1809 538 acciperet3
1855 489 1966 540 quod
2013 490 2205 539 graviter

1334 549 1432 588 tulit
1452 549 1656 599 Senatus3
1695 550 1806 589 visus
1833 556 1900 590 est
1919 551 2029 590 enim
2050 557 2203 592 contra

1326 611 1399 662 Jus
1429 609 1598 660 fecisse,
1631 612 1844 663 supplices
1867 614 1910 652 in
1940 613 2201 653 deditionem

1333 672 1481 711 venire
1527 673 1718 712 volentes
1753 676 1997 726 repudiare.
2049 677 2199 716 Olioer.

1332 734 1524 786 Contigit
1543 734 1598 775 A.
1619 735 1674 775 U.
1694 747 1819 777 nxm.
1860 738 1924 778 M.
1941 738 2089 778 Fulvio
2108 740 2200 779 liaec

1333 797 1626 837 attribuuntur
1641 811 1664 838 a
1684 798 1852 851 Pighio.

1384 861 1475 900 Non
1487 863 1602 912 plura
1616 862 1875 914 proeoerpens]
1921 863 2053 906 Quasi
2081 876 2201 904 mens

1330 923 1421 975 ejus
1441 937 1634 976 praesaga
1652 931 1767 965 esset
1785 924 1936 976 futuri,
1963 926 2058 978 quia
2088 926 2204 966 vide-

1328 987 1430 1028 licet
1451 993 1546 1038 post
1566 988 1825 1039 triumphum
1846 987 2115 1028 mulctandus
2134 1001 2200 1028 es-

1329 1056 1393 1089 set
1412 1050 1554 1100 exilio,
1574 1052 1607 1090 si
1630 1052 1948 1102 triumphasset.
1979 1052 2126 1092 oliver.

1382 1113 1650 1164 Praecerpens]
1675 1113 1727 1152 Id
1747 1119 1830 1164 est,
1857 1119 2084 1166 antequam
2102 1125 2200 1153 eve-

1327 1175 1483 1224 nirent,
1500 1186 1675 1227 carpens
1690 1176 1742 1214 de
1762 1173 1994 1215 infortunio
2013 1187 2103 1215 sno.

1381 1239 1488 1277 Nam
1502 1243 1545 1277 ut
1565 1239 1783 1290 urbem,8sc.
1799 1239 2007 1289 quaestione
2017 1238 2193 1289 publica]

1326 1299 1438 1340 Quia
1474 1300 1515 1338 in
1536 1299 1745 1351 judicium
1777 1300 1938 1340 accitus
1972 1306 2054 1351 est,
2085 1302 2198 1353 quod

1324 1361 1558 1412 oppidanos
1576 1362 1617 1400 in
1637 1362 1897 1402 deditionem
1911 1362 2110 1413 accipere
2122 1374 2197 1403 no-

1323 1423 1488 1473 luisset,
1515 1423 1628 1475 quod
1648 1430 1796 1464 contra
1824 1423 2073 1475 religionem
2101 1435 2197 1463 esse

1324 1485 1566 1526 videbatur.

1375 1548 1596 1598 Religionis
1633 1547 1856 1599 insolentia]
1899 1548 1951 1588 In
1980 1549 2197 1600 supplices

1320 1622 1378 1650 sc.
1406 1611 1486 1649 Vel
1505 1612 1602 1663 quia
1614 1612 1871 1664 triumphum
1891 1612 2196 1664 contempsisse

1322 1672 1562 1713 videbatur.
1918 1703 1922 1705 -

1375 1738 1396 1788 ς
1424 1739 1449 1775 4
1474 1736 1741 1788 Sapientiores
1756 1738 1902 1794 igitur]
1943 1739 2009 1778 Ex
2032 1750 2110 1778 suo
2121 1738 2195 1795 jn-

1321 1797 1430 1838 dicio
1449 1805 1596 1839 censet
1616 1812 1703 1850 eos,
1725 1803 1796 1853 qni
1813 1813 1908 1843 cum
1929 1801 2099 1852 repulsa
2118 1800 2195 1841 tri-

1319 1862 1520 1913 umphum
1558 1864 1792 1916 petierunt,
1825 1865 2103 1916 sapientiores
2140 1877 2193 1904 eo

1319 1925 1391 1976 qui
1409 1926 1586 1978 respuit.
1641 1927 1693 1966 In
1721 1940 1804 1980 qua
1822 1939 1868 1967 re
1899 1927 2058 1967 sentire
2075 1926 2194 1967 vide·

1319 1993 1390 2028 tur
1405 1989 1566 2030 Cneum
1581 1990 1700 2029 illum
1717 1991 1910 2030 Fulvium
1928 1991 2142 2042 Flaccum,
2157 1991 2193 2030 si

1318 2051 1578 2103 triumphum
1608 2052 1688 2091 sibi
1721 2052 1944 2092 decretum
1962 2064 2043 2091 non
2066 2063 2194 2104 repu-

1318 2114 1494 2165 diasset,
1521 2115 1639 2155 exilii
1671 2127 1836 2167 poenam
1856 2127 1938 2155 non
1965 2113 2096 2154 fuisse
2117 2114 2190 2154 da-

1318 2183 1472 2225 turum.
1499 2179 1668 2218 Badius.

1373 2241 1524 2293 Capua]
1550 2241 1696 2280 Totius
1711 2239 1809 2280 olim
1822 2239 2067 2292 Campaniae
2089 2239 2191 2279 urbs

1315 2303 1688 2355 praestantissima.
1741 2303 1855 2342 Urbs
1885 2303 2068 2342 maxima
2085 2314 2191 2353 opu-

1315 2368 1632 2421 lentissimaque
1665 2368 1807 2408 Italiae
1845 2367 1966 2407 Livio
2000 2367 2190 2418 appella-

1313 2436 1399 2471 tur.
1455 2431 1514 2472 Et
1532 2436 1770 2482 comparat,
1798 2430 1883 2469 imo
1902 2429 2083 2481 praefert
2110 2429 2192 2470 Ca-

1315 2504 1442 2545 puam
1479 2492 1589 2532 Urbi
1622 2493 1824 2532 Romanae
1855 2492 1946 2532 Cic.
1983 2491 2104 2531 Orat.
2138 2502 2191 2531 11.

1313 2561 1465 2596 contra
1483 2556 1674 2596 Rullum.
1728 2556 1741 2578 ‘
1762 2552 1938 2604 Proua‚'
1968 2559 2016 2593 ut
2045 2553 2191 2594 Livius

1311 2618 1512 2670 loquitur,
1533 2619 1545 2641 ‘
1562 2629 1733 2668 semper
1743 2617 1894 2656 civitas
1908 2617 1949 2655 in
1964 2616 2190 2668 luxuriam,

1312 2692 1395 2720 non
1415 2680 1678 2730 ingeniorum
1699 2678 1825 2718 modo
1841 2678 1960 2729 vitio,
1979 2679 2053 2718 sed
2072 2677 2189 2719 afflu-

1312 2745 1401 2785 enti
1427 2745 1553 2796 copia
1579 2745 1864 2796 voluptatum,
1893 2748 1939 2783 et
1973 2743 2188 2785 illecebris

1311 2807 1445 2847 omnis
1477 2806 1734 2846 amoenitatis
1769 2806 1993 2847 inaritimae
2026 2811 2071 2846 et
2100 2813 2187 2847 ter-

1309 2870 1488 2912 restris!
1507 2871 1632 2911 Unde
1645 2877 1688 2910 et
1699 2870 1952 2910 Hannibalis
1965 2870 2184 2912 domitrix.

1365 2935 1626 2986 Fregellanis]
1671 2933 1867 2985 Fregella
1900 2933 2052 2973 civitas
2085 2935 2184 2975 olim

1308 2998 1540 3038 clarissima
1557 2997 1670 3037 inter
1683 2996 1872 3036 Formias
1886 3001 1932 3034 et
1942 2995 2186 3036 Sinuessam

1308 3060 1388 3100 sita
1403 3072 1486 3100 non
1507 3059 1656 3111 procul
1675 3071 1699 3098 a
1718 3059 1805 3098 Liri
1820 3069 1959 3108 amne,
1972 3058 2095 3110 cujus
2115 3070 2185 3100 ru.-

1306 3122 1413 3162 dera
1430 3122 1637 3174 hodieque
1657 3120 1956 3171 ostenduntur,
1974 3133 2070 3173 quae
2097 3132 2184 3160 am·

1307 3183 1567 3237 plitudinem
1581 3183 1696 3223 urbis
1728 3183 2036 3223 demonstrant.
2091 3181 2183 3223 Ho-

1307 3247 1377 3286 die
1407 3248 1537 3287 Ponte
1553 3258 1664 3286 corvo
1683 3245 1852 3285 dicitur.
1907 3245 2180 3297 Fregellanos

1307 3311 1485 3362 populos
1503 3309 1634 3349 etiam
1662 3307 1794 3348 habet
1818 3307 1983 3347 Plinius
2014 3308 2087 3349 lib.
2106 3320 2180 3350 111.

1305 3386 1400 3425 cap.
1422 3378 1462 3413 5.

1358 3437 1395 3475 A
1413 3435 1559 3475 Senatu
1568 3434 1786 3486 petierunt]
1809 3433 2089 3485 Triumphum
2104 3446 2180 3487 pe·

1305 3504 1446 3540 tentes
1464 3503 1588 3538 extra
1607 3496 1753 3538 urbem
1773 3495 2018 3538 manebant.
