2288 3990
505 283 762 323 VALERu
807 281 1048 320 MAxnm
1095 281 1212 319 mn.
1242 281 1281 317 1.
1321 279 1453 318 CAP.
1480 268 1532 318 7.

130 407 286 458 tonius,
301 405 354 445 de
374 402 599 444 duodecim
620 400 879 453 Caesaribus,
899 413 1008 440 som-

128 473 292 513 niorum
310 465 727 515 observantissimus,
757 465 820 504 ita
847 470 901 504 ut.
927 476 1008 504 nec

128 546 265 583 sumn,
288 543 372 578 nec
403 531 586 571 alienum
605 527 913 579 contempserit
934 539 1008 566 un-

127 608 270 650 quam.
304 593 450 638 vDicit
466 592 580 632 enim
600 591 870 642 Philippensi
901 591 1016 642 acie,

126 659 319 713 quamvis
347 657 573 700 statuisset
599 668 682 696 non
702 655 852 707 egredi
872 655 1015 696 taber·

125 721 293 773 naculo,
336 732 533 773 egressus
579 723 726 759 tamen
770 723 839 759 est
884 718 1011 759 amici

127 785 294 826 somnio
324 784 531 834 monitus,
550 782 767 834 cessitque
795 792 865 822 res
892 793 1010 834 pros-

126 861 248 902 pere,
276 859 406 902 quum
434 847 576 900 captis
605 846 757 888 castris
792 847 885 898 ejits
923 847 1010 887 lec-

126 914 234 963 tica,
259 911 383 965 qnasi
402 911 439 953 si
457 910 518 952 ibi
537 911 700 951 cubans
719 910 1012 964 remansisset,

126 988 336 1017 concursu
365 975 551 1017 hostium
585 973 755 1015 confixa
787 980 918 1027 atque
951 975 1011 1015 la-

126 1043 271 1079 eerata
289 1043 371 1080 est.
403 1038 556 1079 oliver.

122 1126 126 1129 »
181 1101 342 1154 (Σαπφία
372 1100 574 1154 Philipp]
618 1101 673 1142 Id
705 1106 791 1152 est,
824 1101 1011 1142 Pharsa-

122 1165 231 1206 licis.

132 1254 142 1258 «
183 1231 248 1271 Ne
283 1228 540 1280 destinatum]
587 1228 702 1272 Quia
735 1229 866 1269 etiam
888 1230 1013 1270 vivus

123 1294 281 1345 templa
294 1299 529 1345 meruerat,
543 1297 593 1333 ut
608 1292 841 1333 Horatius:
861 1294 874 1316 ‘
890 1294 1010 1333 Prae—

124 1356 238 1396 senti
269 1355 347 1396 tibi
382 1355 548 1399 divinos
575 1355 1012 1406 largimurhonores,

122 1418 430 1471 suu-undasque
460 1423 579 1458 tuum
611 1429 691 1470 per
710 1430 867 1459 nomen
888 1419 1009 1471 poni-

123 1493 214 1522 mns
243 1481 367 1522 aras-¹
395 1481 548 1522 otim.

175 1546 200 1597 ς
227 1549 254 1585 2
283 1546 421 1585 Patris
435 1545 521 1596 sui]
546 1547 658 1587 Nam
670 1545 892 1599 Angustus
912 1547 1007 1588 Cae-

121 1609 231 1648 nris
249 1608 477 1660 adoptivus
491 1608 603 1648 filius
619 1608 719 1651 fuit.

177 1671 455 1724 Calpurniam}
481 1673 718 1724 Calpurnia
729 1686 838 1715 uxor
857 1673 1005 1726 imagi-

121 1741 222 1775 nata
254 1735 411 1775 collabi
439 1734 659 1787 fastigium
685 1735 854 1787 domus,
883 1738 1011 1777 mari-

120 1804 298 1850 tumque
318 1798 362 1838 in
380 1798 543 1850 gremio
563 1810 640 1838 suo
660 1797 850 1840 confodi.

175 1861 270 1901 Non
294 1866 352 1901 eat
369 1873 499 1913 ορατ
514 1861 619 1902 inter
632 1865 789 1913 patrem
805 1863 1008 1917 etfilium]

121 1924 234 1970 Quia
269 1924 532 1965 occurrebat
557 1924 682 1977 illud,
709 1927 822 1979 quod
843 1932 890 1967 et
909 1927 1006 1979 ipse

121 1990 507 2041 patei-sapientius
538 1989 736 2042 fecisset,
767 1991 866 2032 ideo
896 1992 1006 2033 dicit

118 2055 204 2091 non
236 2063 334 2092 esse
363 2053 733 2105 comparationem
764 2052 1004 2095 faciendam

71 2167 75 2171 Ι
118 2113 235 2154 inter
252 2121 420 2168 patrem
435 2121 482 2157 et
495 2115 629 2156 filium
645 2130 658 2167 3
687 2129 787 2158 nam
804 2119 915 2159 alter
931 2132 1006 2171 pa·

119 2185 261 2220 ratum
292 2181 376 2221 iter
401 2181 590 2223 habebat
618 2182 661 2222 in
691 2183 864 2234 coelum,
893 2184 1006 2224 alter

118 2253 367 2295 magnarum
393 2256 534 2285 rerum
561 2245 752 2286 laborem
789 2247 1004 2298 gestabat,

118 2311 347 2359 antequam
366 2306 534 2348 divinos
558 2308 740 2350 honores
767 2311 1004 2363 acciperet.

123 2369 273 2410 elaver.

173 2430 280 2471 Illud
297 2432 419 2472 etium
431 2433 643 2484 somnium]
663 2434 717 2474 P.
733 2433 901 2475 Decius
917 2436 1007 2487 ille,

119 2496 270 2538 Quinti
306 2495 436 2549 filius,
471 2498 545 2550 qui
579 2499 742 2550 primus
769 2511 824 2539 ex
857 2500 1004 2542 Deciis

119 2559 276 2599 Consul
293 2558 394 2610 fuit,
410 2572 505 2600 cum
525 2566 641 2601 esset
656 2562 872 2603 Tribunus
895 2564 1004 2604 mili-

118 2627 207 2662 tum
225 2623 399 2663 Valerio
417 2628 464 2664 et
487 2623 602 2664 Aulo
622 2625 819 2666 Cornelio
840 2627 1002 2668 Consu-

115 2684 244 2734 libus,
283 2699 308 2726 a
346 2686 695 2741 Samnitibusque
731 2698 1003 2740 premeretur

117 2748 334 2790 Romanus
377 2750 612 2803 exercitus,
659 2764 759 2792 cum
808 2755 1002 2805 pericula

114 2813 359 2864 praeliorum
391 2815 520 2855 iniret
548 2814 771 2867 audacius,
807 2829 1000 2859 monere-

117 2882 289 2928 turque,
318 2883 368 2918 nt
396 2878 564 2918 cantior
583 2885 715 2931 esset,
732 2881 894 2922 dixisse
913 2882 999 2923 fer-

115 2943 202 2988 tur,
236 2939 352 2991 quod
381 2946 504 2982 extat
519 2942 563 2981 in
582 2941 834 2996 Annalibus,
852 2946 935 2986 sibi
956 2947 999 2987 in

116 3003 288 3042 somniis
326 3003 460 3044 visum
497 3016 610 3056 esse,
642 3019 738 3047 cum
769 3008 813 3048 in
845 3010 999 3050 mediis

112 3065 306 3106 hostibus
351 3073 611 3119 versaretur,
655 3071 856 3112 occidere
901 3086 998 3114 cum

114 3129 297 3168 maxima
317 3130 467 3182 gioria,
499 3137 654 3172 et‘tum
674 3134 850 3186 quidem
879 3136 997 3177 inco-

114 3191 238 3231 lumis
256 3193 492 3234 exercitum
520 3195 740 3236 obsidione
769 3198 995 3242 liberavit:

113 3261 214 3307 post
246 3254 476 3297 triennium
515 3266 675 3312 autem,
703 3274 801 3303 cum
834 3265 995 3306 Consul

113 3324 243 3370 osset,
260 3319 435 3361 devovit
454 3335 516 3373 se,
537 3329 583 3363 et
601 3324 644 3364 in
665 3326 799 3366 aciem
822 3323 997 3370 Lat‘ino-

112 3390 204 3422 rum
235 3383 392 3435 irrupit
413 3393 619 3439 armatus,
655 3401 745 3441 qno
767 3391 861 3442 ejus
879 3391 996 3434 facto

115 3447 301 3495 superati
315 3454 416 3488 sunt
434 3454 483 3489 et
498 3450 633 3491 deleti
655 3453 810 3494 Latini.
859 3457 994 3508 Cujus

114 3517 228 3548 mors
245 3509 304 3550 ita
316 3512 500 3563 gloriosa
511 3514 607 3568 fuit,
620 3522 669 3556 ut
688 3518 870 3559 eandem
890 3532 992 3560 con-

1855 266 1965 318 965

1071 400 1318 451 cupisceret
1333 398 1463 440 filius.
1507 397 1653 437 Livius
1671 398 1723 437 ab
1740 398 1844 437 urbe
1863 409 1963 438 con-

1072 464 1163 504 dita
1189 463 1272 503 lib.
1308 474 1416 505 vm.¹
1456 462 1469 486 ‘
1482 461 1592 501 Cum
1624 460 1866 509 Consules,'
1899 461 1964 499 in-

1071 528 1181 579 quit,
1219 528 1231 549 ‘
1245 526 1410 568 duobus
1423 525 1604 576 ¹seriptis
1621 523 1886 566 exercitibus
1907 523 1964 562 ad

1072 592 1281 642 Capuam,
1298 601 1383 641 quo
1389 590 1480 641 jam
1495 588 1640 629 Latini
1652 587 1842 639 sociique
1861 598 1965 626 con-

1072 659 1300 703 venerant,
1341 659 1486 694 castra
1521 652 1756 701 locassent,
1792 650 1964 702 utrique

1073 717 1249 758 Consuli
1269 717 1421 756 eadem
1442 716 1604 756 dicitur
1620 715 1711 756 visa
1731 713 1901 766 species
1921 714 1965 753 in

1072 783 1218 836 quiete
1235 782 1315 822 viri
1331 782 1507 834 majoris
1523 781 1709 821 humano
1723 779 1878 820 habitu
1893 792 1965 819 au·

1072 846 1373 899 gustiorisque,
1411 845 1613 896 dicentis,
1652 845 1719 885 Ex
1756 855 1842 883 una
1874 843 1966 883 acie

1071 910 1402 962 Imperatorem,
1451 921 1506 948 ex
1545 909 1685 948 altera
1721 906 1965 948 exercitum
2025 921 2031 926 ·

1070 974 1170 1014 Diis
1204 973 1408 1014 Manibus
1443 972 1658 1025 matrique
1692 973 1846 1013 Terrae
1891 971 1966 1011 de-

1075 1038 1184 1079 beri.
1258 1036 1410 1078 Utrius
1459 1035 1677 1076 exercitus
1723 1034 1968 1086 Imperator

1073 1102 1266 1153 legiones
1304 1100 1504 1148 hostium,
1555 1110 1772 1151 superque
1808 1109 1881 1137 eas
1919 1108 1967 1136 se

1074 1164 1338 1211 devovisset,
1404 1163 1500 1215 ejus
1546 1162 1698 1214 populi
1744 1159 1967 1213 partisque

1073 1228 1303 1273 victoriam
1339 1226 1447 1267 fore.
1506 1226 1601 1266 Hos
1628 1226 1701 1265 ubi
1729 1229 1966 1265 nocturnos

1073 1292 1194 1334 visus
1222 1292 1335 1333 inter
1364 1303 1411 1330 se
1438 1290 1647 1332 Consules
1668 1288 1964 1338 contulerunt,

1073 1356 1241 1408 placuit
1275 1354 1524 1396 avertendae
1555 1354 1697 1393 Deum
1729 1353 1806 1392 irae
1835 1363 1966 1392 causa

1073 1419 1269 1459 victimas
1279 1418 1409 1468 caedi,
1420 1417 1546 1457 simul
1562 1422 1609 1456 ut
1624 1417 1660 1456 si
1673 1429 1726 1456 ex
1736 1416 1799 1456 eis
1813 1415 1966 1455 eadem

1072 1495 1167 1535 q-uoe
1188 1493 1338 1521 somno
1353 1482 1444 1521 visa
1461 1481 1636 1520 fuerant
1651 1479 1967 1531 portenderen-

1071 1552 1156 1595 tur,
1171 1546 1379 1585 alteruter
1388 1544 1620 1584 Consulum
1634 1542 1728 1583 fata
1744 1543 1966 1594 impleret.

1071 1609 1158 1649 Ubi
1176 1620 1381 1660 responsa
1395 1608 1643 1658 aruspicum
1657 1607 1861 1647 insidenti
1870 1607 1964 1658 jam

1070 1674 1212 1714 auimo
1233 1673 1380 1714 tacitae
1414 1673 1612 1726 religioni
1629 1679 1963 1726 *congr-nerunt,

1070 1743 1176 1788 tum,
1194 1736 1396 1777 adhibitis
1419 1737 1576 1789 legatis
1612 1738 1900 1790 tribunisque,
1917 1743 1966 1778 et

1067 1801 1258 1853 imperiis
1298 1802 1442 1841 Deum
1474 1801 1698 1853 propalam
1731 1801 1960 1853 expositis,

1067 1877 1122 1904 ne
1157 1877 1270 1905 mors
1296 1865 1539 1904 voluntaria
1570 1864 1770 1905 Consulis
1796 1864 1962 1904 exerci-

1067 1934 1159 1970 tum
1178 1928 1221 1968 in
1242 1928 1335 1968 acie
1353 1933 1559 1980 terreret,
1575 1934 1830 1980 comparant
1846 1928 1964 1968 inter

1065 2005 1128 2044 se,
1158 1998 1206 2032 ut
1224 1992 1277 2032 ab
1298 1998 1396 2031 utra
1414 1997 1543 2044 parte
1563 1991 1722 2031 cedere
1742 1990 1963 2031 Romanus

1068 2056 1289 2096 exercitus
1324 2057 1549 2108 coepisset,
1586 2055 1688 2096 inde
1719 2067 1767 2095 se
1802 2055 1961 2096 Consul

1068 2120 1306 2160 devoveret
1324 2132 1404 2171 pro
1418 2121 1580 2172 populo
1603 2120 1796 2160 Romano
1817 2121 1963 2162 Quiri-

1069 2182 1306 2236 tibusque.’
1345 2183 1458 2223 Item
1478 2183 1608 2235 paulo
1627 2182 1834 2223 inferius:
1863 2183 1962 2223 ‘In-

1067 2247 1278 2297 structis,'
1304 2247 1455 2299 inquit,
1488 2248 1625 2287 ‘sicut
1661 2252 1764 2287 ante
1795 2246 1962 2287 dictum

1068 2311 1425 2361 esaei-dinibus,
1454 2323 1707 2362 processere
1730 2310 1776 2350 in
1808 2311 1958 2350 aciem,

1069 2374 1259 2413 Manlius
1289 2373 1465 2423 dextro,
1486 2374 1650 2413 Decius
1674 2374 1789 2414 laevo
1825 2385 1961 2414 cornu

1070 2443 1271 2489 praeerat.
1329 2438 1478 2477 Primo
1491 2438 1695 2490 utrinque
1713 2438 1846 2490 aequis
1861 2437 1962 2477 viri-

1069 2501 1166 2552 bus,
1186 2501 1337 2541 eodem
1357 2501 1511 2540 ardore
1529 2501 1766 2541 animorum
1782 2501 1961 2553 gereba-

1068 2570 1138 2604 tur
1170 2576 1268 2613 res3
1297 2563 1456 2603 deinde
1475 2574 1500 2602 a
1522 2563 1632 2603 laevo
1647 2576 1779 2604 cornu
1800 2565 1959 2605 hastati

1067 2627 1264 2678 Romani,
1283 2639 1370 2666 non
1407 2626 1598 2667 ferentes
1631 2628 1958 2680 impressionem

1066 2691 1334 2742 Latinorum,
1362 2702 1406 2730 se
1424 2689 1478 2729 ad
1499 2691 1715 2743 principes
1735 2703 1958 2743 recepere.

1066 2755 1120 2794 In
1151 2755 1232 2794 liae
1262 2754 1554 2805 trepidatione
1586 2755 1754 2796 Decius
1795 2757 1957 2796 Consul

1064 2819 1130 2858 M.
1163 2818 1388 2858 Valerium
1416 2830 1572 2870 magna
1593 2830 1699 2858 voce
1720 2819 1954 2860 inclamat:

1062 2884 1277 2931 Deorum,
1310 2881 1465 2934 inquit,
1493 2894 1593 2933 ope,
1644 2883 1810 2932 Valeri,
1846 2896 1954 2935 opus

1062 2951 1130 2986 est
1140 2962 1152 2996 ;
1164 2944 1363 2997 agedum,
1376 2944 1584 2985 Pontifex
1594 2946 1793 2998 publicus
1806 2947 1957 2999 populi

1062 3008 1262 3058 Romani,
1292 3008 1399 3060 praei
1419 3009 1566 3059 verba,
1592 3009 1748 3061 quibus
1778 3022 1844 3049 me
1875 3022 1953 3061 pro

1060 3072 1302 3124 legionibus
1320 3071 1572 3113 devoveam.
1626 3073 1839 3114 Pontifex
1856 3085 1954 3112 eum

1061 3142 1208 3188 togam
1239 3141 1498 3188 praetextam
1533 3150 1700 3177 sumere
1727 3137 1878 3188 jussit,
1907 3140 1954 3174 et

1061 3201 1205 3240 velato
1242 3201 1402 3252 capite,
1458 3212 1586 3241 manu
1623 3200 1774 3239 subter
1809 3206 1953 3249 togam

1060 3269 1230 3313 exerta,
1261 3264 1544 3314 super-telum
1565 3262 1807 3313 subjectum
1829 3261 1951 3311 pedi-

1059 3327 1140 3367 bus
1160 3332 1370 3376 stantem,
1390 3326 1451 3366 sic
1471 3327 1643 3366 dicere:
1681 3324 1809 3375 Jane,
1828 3325 1954 3376 Jupi-

1058 3398 1142 3442 ter,
1175 3393 1313 3442 Mars,
1351 3393 1487 3431 Pater
1521 3390 1718 3439 Quirine,
1758 3390 1950 3442 Bellona,

1059 3456 1206 3506 Lares,
1222 3454 1327 3494 Divi
1340 3455 1607 3504 Novensiles,
1621 3453 1695 3493 Dii
1709 3453 1952 3506 Indigetes,

1058 3519 1180 3570 Divi,
1200 3530 1380 3570 quorum
1398 3521 1466 3557 est
1485 3522 1680 3569 potestas
1701 3524 1946 3558 nostrorum
