2346 3996
368 275 510 328 1322

363 411 519 452 merito
545 411 628 452 dici
650 414 796 465 possit,
826 414 879 453 ad
900 421 1080 456 mortem
1107 429 1240 471 usque

363 475 593 526 exultasse,
613 489 712 516 nam
730 479 912 529 septimo
928 479 1150 521 consulatu
1167 493 1241 533 pe-

364 539 450 579 riit.
479 540 604 581 Idem.

420 602 646 655 Equestria]
677 606 797 645 Tunc
827 607 1019 647 Decurio
1045 605 1129 648 fuit
1148 609 1240 649 Ma·

363 677 464 706 rius,

417 729 589 780 Siquid,
607 731 695 783 &cd
736 733 909 774 Scilicet
937 735 1122 776 adversi.
1168 738 1238 776 In·

360 793 527 833 tellexit
549 801 690 836 autem
719 809 883 850 necem,
913 801 987 840 sed
1007 799 1058 840 ad
1081 801 1238 841 evitan-

362 854 462 894 dum
493 859 647 898 malum
678 873 816 912 omen,
847 874 931 902 non
961 863 1147 904 audebat
1179 865 1238 904 di-

360 930 472 965 cere,
494 921 527 959 si
547 928 723 962 mortem
743 924 942 966 obiveris.
978 928 1085 967 Bad.

413 983 475 1022 An
496 986 684 1037 efficacius
694 989 898 1040 acciderit]
928 988 998 1029 Ita
1017 990 1155 1042 vulgo.
1184 991 1237 1031 In

359 1046 618 1098 Cauchiano,
634 1052 866 1092 accersam-it.
901 1051 1055 1102 Recte,
1074 1053 1236 1093 inflam-

358 1111 488 1150 mavit
517 1112 628 1151 enim
659 1113 862 1154 virtutem
898 1115 1026 1154 Marii
1053 1116 1132 1155 hac
1163 1129 1237 1156 sna

359 1184 463 1214 voce
492 1175 652 1227 Scipio,
685 1184 732 1217 ut
760 1178 889 1217 etiam
925 1184 1114 1219 testatur
1131 1179 1235 1219 Plu-

358 1239 555 1278 tarchus:
585 1239 660 1279 Τὸν
688 1241 721 1279 δ’
741 1239 807 1280 οὖν
836 1240 982 1293 Μάριον
1001 1242 1073 1280 ὑπὸ
1090 1242 1236 1291 ταύτης

357 1300 517 1351 λέγεται
545 1302 718 1351 μάλιστα
744 1307 815 1352 τῆς
842 1307 984 1355 φωνῆς,
1004 1306 1133 1358 ὥσπερ
1162 1307 1236 1346 ὑπὸ

356 1365 460 1406 Θείας
487 1366 686 1419 κληδόνος,
723 1368 932 1420 ἐπαρθέντα
964 1372 1050 1411 ταῖς
1086 1370 1237 1412 ἐλπίσιν

356 1430 520 1480 ὁρμῆσαι
537 1430 629 1483 πρὸς
646 1431 720 1479 τὴν
732 1433 943 1474 πολιτείαν.
975 1436 1094 1485 Pigh.

414 1493 544 1533 Coenoe
577 1495 780 1547 militaris]
818 1499 964 1547 Certe,
1001 1499 1154 1552 inquit,
1191 1499 1233 1539 in

355 1570 477 1598 coena
504 1559 677 1600 militari
707 1561 907 1613 praevidit
925 1562 1072 1615 Scipio
1091 1576 1234 1616 sump-

357 1627 500 1661 tuosas
518 1622 609 1662 illas
637 1635 796 1674 coenas,
825 1637 929 1678 quas
950 1628 1133 1679 populus
1151 1628 1235 1668 Ro-

355 1697 503 1725 manus
524 1698 576 1725 ea
595 1692 738 1739 nocte,
764 1700 849 1740 qua
878 1690 1117 1730 nuntiatum
1147 1690 1235 1733 fnit

358 1749 552 1790 Cimbros
572 1750 624 1791 ab
644 1763 696 1791 eo
716 1751 848 1792 fuisse
870 1752 1051 1805 deletos,
1084 1755 1126 1793 in
1161 1756 1235 1795 ho-

357 1824 504 1853 norem
526 1814 653 1854 Marii
670 1816 923 1858 celebravit.
955 1818 1060 1859 Oliv.

409 1876 632 1929 Libaverit]
666 1878 719 1918 In
751 1880 945 1919 omnibus
976 1882 1106 1931 sacris
1134 1893 1235 1933 epu-

356 1941 407 1980 lis
435 1942 642 1994 primitias
668 1943 759 1982 Diis
792 1941 1056 1993 offerebant3
1086 1944 1162 1984 sed
1183 1956 1233 1985 ea

354 2011 482 2050 nocte
503 2018 587 2046 non
620 2006 734 2059 Diis,
764 2007 839 2047 sed
863 2007 1003 2048 Mario
1033 2008 1232 2050 libarunt.

356 2069 481 2109 Idem.

411 2133 433 2184 ξ
463 2136 488 2172 8
530 2133 623 2172 Jam
657 2145 744 2184 quoe
778 2134 821 2174 in
870 2137 945 2175 Cn.
985 2136 1234 2189 Pompeium]

356 2196 464 2238 Qnae
503 2198 644 2249 ampla
679 2205 725 2237 et
761 2198 987 2250 magnifica
1024 2200 1233 2252 Pompeio

354 2260 630 2314 contigerint,
644 2262 748 2303 licet
762 2275 814 2302 ex
831 2263 974 2303 multis
989 2265 1233 2306 auctoribus

356 2325 503 2376 colligi
524 2325 675 2378 possit,
704 2331 751 2366 ut
783 2338 807 2365 e
838 2326 953 2366 Plin.
984 2326 1089 2368 Nat.
1118 2328 1234 2371 Hist.

354 2388 430 2428 lib.
451 2399 535 2428 vn.
565 2401 602 2429 c.
620 2393 687 2429 26.
706 2390 777 2442 qui
797 2391 890 2442 ejus
921 2390 1067 2431 titulos
1087 2403 1233 2433 omnes

352 2453 677 2506 triumphosque
705 2454 944 2494 summatim
964 2467 1233 2508 percurrens,

353 2516 473 2557 illum
510 2527 595 2557 non
625 2518 758 2557 solum
786 2516 1026 2558 Alexandri
1067 2518 1235 2571 Magni,

354 2580 431 2620 sed
453 2579 656 2620 Herculis
681 2586 727 2620 et
749 2580 892 2621 Liberi
923 2581 1070 2622 Patris
1094 2581 1233 2635 fulgo-

354 2656 445 2685 rem
479 2644 726 2697 adaequasse
762 2646 891 2695 dicit;
924 2652 970 2687 et
1005 2659 1030 2686 a
1064 2646 1234 2687 Plutar-

355 2709 449 2759 cho,
467 2710 540 2761 qni
573 2708 664 2760 ejus
692 2710 825 2750 vitam
854 2709 1117 2760 describens,
1135 2722 1233 2751 enm

355 2772 475 2826 qnasi
509 2773 564 2813 de
595 2779 688 2814 toto
722 2774 824 2813 orbe
859 2773 1142 2826 triumphasse
1170 2785 1235 2813 os·

357 2838 510 2879 tendit.
557 2837 668 2877 Haec
698 2843 842 2876 tamen
870 2837 1012 2876 onmia
1034 2848 1090 2876 ex
1109 2835 1233 2876 Cice·

356 2902 472 2941 ronis
493 2901 759 2952 Pompeiana
776 2898 947 2940 facilius
975 2911 1026 2939 ac
1046 2899 1231 2939 brevius.

356 2967 466 3006 Eum
500 2965 634 3015 igitur
664 2969 882 3004 auctorem
919 2963 999 3004 hoc
1036 2963 1134 3003 loco
1165 2974 1231 3002 se·

355 3041 475 3082 quar,
498 3028 697 3082 quoniam
725 3027 815 3079 ejus
839 3026 982 3067 verius
1002 3027 1085 3067 erit
1112 3026 1232 3067 testi-

356 3094 561 3135 moninm.
602 3092 721 3133 Dicit
736 3091 871 3131 enim:
902 3091 914 3113 ‘
932 3090 1032 3132 Non
1051 3101 1233 3130 comme-

357 3156 551 3207 morabo,
569 3167 706 3208 nuper
723 3155 786 3195 ita
811 3153 936 3194 nobis
950 3154 1232 3207 patribusque

355 3222 514 3263 nostris
531 3233 621 3261 esse
637 3219 788 3270 visum,
803 3219 907 3259 utin
920 3229 1007 3259 uno
1026 3218 1076 3259 C.
1090 3218 1232 3259 Mario

359 3300 456 3340 spes
477 3285 647 3338 imperii
665 3289 918 3336 poneretur,
934 3287 983 3323 ut
1002 3282 1114 3323 idem
1135 3295 1232 3324 cum

357 3349 589 3402 jugurtha,
618 3347 732 3387 idem
762 3357 859 3386 cum
895 3345 1091 3395 Cimbris,
1118 3345 1234 3386 idem

357 3426 453 3455 cum
472 3412 706 3453 Teuthonis
720 3411 877 3451 bellum
895 3409 1232 3451 administraret.

358 3478 411 3517 In
443 3478 536 3529 ipso
565 3477 643 3517 Cn.
684 3475 908 3527 Pompei0,
944 3475 987 3515 in
1025 3486 1108 3527 quo
1136 3474 1235 3514 novi

359 3540 567 3581 constitui
583 3539 686 3580 nihil
704 3539 795 3579 vult
811 3539 867 3582 Q.
886 3537 1080 3589 Catulus,
1106 3549 1233 3591 quam

943 293 1120 332 NOTAE
1163 295 1238 333 vA
1255 297 1496 339 RIORUM
1540 302 1606 341 IN

1303 422 1438 463 multa
1455 424 1675 476 sintnova,
1693 437 1938 479 summaque
1953 430 2094 471 Catuli
2112 440 2183 473 vo-

1304 486 1469 526 luntate
1485 490 1734 540 constituta,
1749 492 2046 533 recordamini.
2065 492 2180 536 Quid

1303 549 1414 588 enim
1437 556 1522 589 tam
1542 562 1715 602 novum,
1735 565 1860 605 quam
1882 555 2179 597 adolescentu-

1302 611 1387 650 lum
1403 612 1616 663 privatum
1631 615 1867 656 exercitum
1881 618 2045 659 difficili
2064 622 2175 671 reip.

1302 680 1498 726 tempore
1546 677 1786 720 conficere?
1832 681 2034 722 confecit.
2082 683 2179 724 hnic

1302 740 1515 789 praeesse?
1543 740 1731 792 praefuit.
1749 755 1836 782 rem
1861 747 2022 795 optime
2042 747 2179 788 ductu

1301 814 1377 840 suo
1396 804 1574 852 gerere?
1603 805 1748 855 gessit.
1768 806 1869 858 qnid
1899 813 1986 857 tam
2017 816 2178 861 praeter

1301 866 1670 917 consuetudinem,
1687 880 1810 920 quam
1827 869 1987 910 homini
2002 872 2179 920 perado-

1300 928 1496 980 lescenti,
1520 931 1642 983 cujus
1656 934 1906 974 asenatorio
1923 935 2055 985 gradu
2075 944 2178 977 aetas

1299 992 1425 1044 longe
1447 992 1634 1044 abesset,
1661 994 1886 1048 imperinm
1907 1003 2036 1049 atque
2055 1010 2178 1038 exer-

1300 1055 1430 1096 citum
1456 1056 1577 1096 dari?
1616 1057 1800 1098 Siciliam
1832 1059 2026 1111 permitti
2047 1066 2177 1114 atque

1299 1117 1507 1171 Africam,
1537 1119 1780 1174 bellumque
1815 1122 1857 1161 in
1889 1134 1941 1161 ea
1978 1122 2178 1164 adminis-

1301 1182 1527 1222 trandum?
1574 1184 1675 1224 Fuit
1702 1184 1744 1224 in
1763 1185 1826 1225 his
1844 1185 2076 1237 proviuclis
2095 1187 2178 1227 sin-

1297 1246 1434 1295 gulari
1458 1246 1722 1298 innocentia,
1754 1249 1982 1300 gravitate,
2004 1249 2176 1293 virtute.

1297 1307 1468 1348 Bellum
1486 1309 1530 1348 in
1545 1308 1698 1350 Africa
1724 1311 1953 1351 maximum
1973 1311 2177 1361 confecit,

1297 1371 1506 1411 victorem
1522 1373 1760 1413 exercitum
1777 1374 2031 1426 deportavit.
2059 1375 2176 1416 Quid

1298 1445 1399 1474 vero
1431 1439 1519 1476 tam
1548 1436 1803 1489 inauditnm,
1832 1450 1957 1490 quam
1985 1439 2177 1491 equitem

1299 1498 1534 1538 Romanum
1555 1500 1845 1552 triumphare?
1880 1500 1942 1541 At
1958 1513 2053 1544 eam
2072 1515 2176 1555 quo-

1297 1573 1380 1612 qne
1399 1573 1489 1601 rem
1517 1573 1618 1614 pop.
1641 1563 1766 1603 Rom.
1792 1576 1875 1604 non
1905 1565 2030 1606 modo
2051 1565 2176 1616 vidit,

1297 1625 1372 1664 sed
1402 1625 1532 1665 etiam
1561 1627 1674 1666 omni
1702 1626 1843 1667 studio
1871 1628 2094 1669 visendam
2130 1634 2178 1669 et

1296 1688 1677 1730 concelebrandam
1690 1691 1868 1743 putavit.
1890 1692 2006 1734 Quid
2018 1699 2103 1734 tam
2116 1694 2178 1741 in-

1295 1752 1514 1805 usitatum,
1526 1766 1652 1806 quam
1661 1761 1727 1806 ut,
1738 1768 1864 1808 quum
1880 1755 1964 1796 dno
1976 1759 2174 1798 consules

1296 1817 1516 1859 clarissimi
1530 1818 1834 1873 fortissimique
1850 1827 2011 1868 essent,
2027 1823 2172 1875 Eques

1296 1880 1512 1923 Romanus
1529 1882 1582 1923 ad
1604 1882 1762 1923 bellum
1781 1883 2006 1925 maximum
2023 1883 2174 1926 formi-

1296 1943 1688 1999 dolosissimumque
1706 1958 1784 1999 pro
1796 1949 1968 1988 consule
1983 1949 2175 1990 mittere-

1296 2010 1392 2049 tur?
1419 2010 1575 2050 Missus
1590 2015 1678 2050 est:
1697 2022 1781 2063 quo
1794 2011 1964 2063 quidem
1978 2016 2171 2064 tempore

1295 2086 1392 2114 cum
1411 2078 1528 2114 esset
1541 2086 1751 2114 nonnemo
1771 2077 1814 2114 in
1825 2073 2002 2126 Senatu,
2015 2077 2088 2128 qni
2107 2076 2172 2116 di·

1295 2145 1429 2187 ceret,
1466 2138 1563 2178 Non
1590 2143 1793 2190 oportere
1815 2138 1929 2177 mitti
1956 2138 2172 2179 hominem

1297 2200 1509 2251 privatum
1528 2213 1607 2253 pro
1632 2202 1834 2250 consule3
1872 2202 1920 2241 L.
1946 2201 2173 2254 Philippus

1297 2263 1458 2305 dixisse
1475 2264 1652 2315 dicitur,
1671 2264 1770 2305 Non
1786 2278 1830 2305 se
1846 2265 1963 2305 illum
1983 2277 2058 2305 sua
2078 2278 2175 2306 sen-

1296 2329 1433 2369 tentia
1444 2341 1521 2380 pro
1539 2331 1731 2379 consule,
1744 2329 1819 2369 sed
1836 2341 1913 2382 pro
1928 2329 2173 2370 consulibus

1295 2392 1486 2433 mittere.
1503 2392 1643 2432 Tanta
1655 2393 1696 2432 in
1710 2405 1758 2433 eo
1774 2394 1883 2445 reip.
1894 2393 2006 2434 bene
2021 2405 2176 2444 geren-

1296 2456 1362 2496 dae
1393 2469 1490 2510 spes
1521 2457 1877 2509 constituebatur,
1916 2462 1964 2496 ut
1993 2457 2172 2497 duorum

1296 2522 1517 2562 consulum
1550 2533 1702 2561 munus
1733 2521 1854 2561 unius
1893 2521 2175 2561 adolescentis

1296 2584 1448 2625 virtuti
1468 2585 1822 2625 committeretur.
1860 2583 1976 2627 Quid
1992 2590 2079 2624 tam
2091 2584 2175 2624 sin-

1297 2648 1460 2699 gulare,
1480 2660 1606 2700 quam
1631 2653 1681 2688 ut
1709 2659 1764 2687 ex
1790 2648 2172 2689 senatusconsulto

1296 2711 1461 2763 legibus
1496 2712 1675 2762 solutus,
1715 2712 1864 2751 consul
1900 2716 2000 2752 ante
2031 2710 2172 2761 fieret,

1297 2786 1422 2827 quam
1451 2775 1582 2814 ullum
1615 2774 1741 2814 alium
1774 2774 2067 2827 magistratum
2093 2785 2172 2827 per

1295 2837 1412 2888 leges
1431 2848 1586 2889 capere
1604 2834 1828 2876 licuisset?
1871 2835 1987 2878 Quid
2004 2840 2091 2876 tam
2108 2835 2171 2876 in-

1296 2899 1520 2951 credibile,
1544 2912 1669 2953 quam
1698 2893 1917 2940 utiterum
1934 2911 2066 2952 eques
2086 2900 2170 2940 Ro-

1294 2975 1443 3004 manus
1463 2976 1516 3005 ex
1547 2964 1925 3004 Senatusconsnlto
1942 2963 2175 3015 triumpha-

1294 3029 1391 3068 ret?
1420 3028 1526 3070 Quae
1544 3027 1588 3068 in
1603 3027 1836 3068 hominibus
1851 3025 2047 3067 omnibus
2061 3037 2174 3066 nova

1295 3096 1396 3143 post
1421 3091 1638 3131 hominum
1667 3090 1911 3130 memoriam
1932 3089 2173 3129 constituta

1296 3159 1411 3206 sunt,
1440 3166 1493 3195 ea
1522 3161 1609 3196 tam
1638 3155 1773 3196 multa
1801 3165 1883 3193 non
1911 3156 2027 3203 sunt,
2044 3163 2171 3204 quam

1294 3219 1404 3270 haec,
1436 3231 1533 3272 quae
1566 3220 1609 3259 in
1642 3219 1721 3259 hoc
1756 3229 1840 3257 uno
1863 3216 2035 3256 homine
2065 3214 2172 3255 vidi-

1295 3280 1415 3322 mus?
1466 3281 1577 3322 Haec
1615 3280 1783 3322 Cicero.
1841 3278 1944 3319 oliv.
2005 3279 2057 3319 In
2095 3281 2173 3321 Cn.

1296 3344 1542 3397 Pompeium]
1570 3342 1834 3384 Breviarium
1851 3353 1993 3382 rernm
2004 3341 2171 3394 abipso

1297 3413 1527 3460 gestarum,
1547 3406 1659 3460 quod
1681 3406 1828 3446 Romae
1847 3406 1889 3446 in
1909 3405 2070 3457 templo
2087 3405 2172 3446 Mi-

1295 3483 1437 3512 nervae
1475 3470 1684 3512 custodiri
1729 3469 1862 3520 aiunt,
1905 3467 2142 3509 adscribam
2157 3481 2170 3508 ε

1296 3546 1369 3578 CN.
1390 3545 1640 3579 POMPElvs.
1659 3544 1860 3576 MAGnvs.
1888 3544 1992 3575 ιΜΡ.
2026 3542 2168 3574 nnuc
