2346 3996
587 328 847 369 VALERII
890 324 1134 365 MAXlMI

238 459 796 501 POMOERIVM,VELEXTRA
811 456 1117 491 POMOERIVM.

237 517 333 558 Hac
361 517 494 568 igitur
521 516 617 566 lege
637 514 863 554 damnatus
893 511 1119 560 Horatius,

235 577 491 632 provocavit
524 578 578 618 ad
612 578 832 629 populum.
899 575 1012 615 Moti
1046 575 1118 614 lio-

235 644 368 683 mines
392 642 435 681 in
456 653 508 681 eo
535 640 716 692 judicio,
751 640 934 679 maxime
962 637 1119 677 Publio

235 706 421 748 Horatio
438 711 564 758 patre
587 705 882 757 proclamante
909 715 955 743 se
985 701 1118 742 filiam

228 771 324 824 jure
345 782 500 810 caesam
516 769 734 821 judicare,
753 772 881 821 atque
909 767 1001 819 ipso
1029 764 1119 805 filio

235 845 384 886 parem
401 833 587 874 animum
618 832 660 871 in
686 831 801 871 omni
833 829 1026 882 periculo
1047 839 1119 880 ge·

234 904 374 948 rente,
389 897 682 947 absolverunt,
701 902 747 936 et
767 892 1120 935 immisericordia

234 961 373 1013 patris
401 960 616 1011 commoti,
648 959 725 1012 sed
763 958 898 1009 magis
934 957 1119 998 admira-

236 1026 353 1066 tione
375 1024 565 1074 virtutis,
585 1035 709 1076 quam
717 1022 819 1074 jure
835 1033 990 1061 causae.
1014 1020 1120 1059 Oliv.

291 1088 408 1129 For-ti
436 1087 637 1140 punitione
655 1085 823 1126 liberata
845 1082 999 1133 fratris
1023 1085 1119 1123 dex-

234 1151 339 1203 tera]
368 1152 531 1191 Verum
550 1157 634 1202 est,
650 1149 810 1190 librata.
838 1148 956 1201 Lips.

287 1219 312 1271 ᾧ
331 1219 358 1257 2
379 1217 477 1256 Cum
491 1230 516 1256 a
535 1216 697 1267 Libone,
713 1215 800 1267 ξω]
825 1214 1000 1265 Sergius
1017 1213 1119 1254 Gal-

233 1282 290 1322 ba
309 1287 472 1334 praetor
492 1281 533 1320 in
562 1280 778 1332 Hispania
808 1290 972 1318 summa
990 1275 1118 1330 perfi-

233 1344 303 1387 dia
321 1356 421 1384 usus
441 1349 508 1383 est
535 1343 578 1383 in
608 1342 855 1382 Lusitanos.
912 1341 1025 1381 Nam
1044 1339 1119 1380 tri·

233 1398 304 1447 nm
322 1408 564 1458 civitatum,
583 1418 688 1460 quas
703 1403 998 1458 oppugnabat,
1017 1415 1117 1444 con-

233 1473 390 1511 vocato
405 1472 582 1523 populo,
599 1476 800 1522 tanquam
815 1469 870 1509 de
885 1466 1119 1508 commodis

234 1534 326 1586 ejus
356 1539 547 1584 acturus,
580 1539 677 1574 octo
709 1531 858 1582 millia,
886 1531 926 1570 in
966 1530 1117 1583 quibus

234 1597 311 1638 flos
333 1598 579 1650 juventutis
598 1596 879 1648 consistebat,
897 1596 1057 1646 electa,
1072 1600 1118 1635 et

233 1662 361 1702 armis
378 1667 509 1703 exuta
524 1662 678 1714 partim
695 1659 948 1711 trucidavit,
959 1659 1116 1712 partim

234 1723 445 1776 vendidit,
462 1736 590 1776 quum
622 1724 707 1763 illis
736 1723 958 1775 publicam
986 1721 1117 1761 fidem

233 1787 440 1838 dedisset,
460 1799 545 1840 qua
571 1786 675 1827 freti
709 1791 916 1827 venerant
948 1785 991 1825 in
1025 1786 1117 1839 ejus

234 1856 509 1904 potestatem.
546 1852 658 1892 Nam
683 1850 882 1891 Lusitani
904 1850 1116 1890 Sertoria-

233 1927 307 1956 nas
333 1921 483 1968 partes
511 1915 650 1956 secuti
685 1914 874 1966 fuerant,
910 1914 1117 1955 adversus

231 1990 336 2033 quos
349 1979 497 2019 missus
510 1979 591 2020 fnit
602 1979 671 2019 bic
684 1979 858 2030 Sergius
873 1978 1028 2029 Galba,
1043 1978 1117 2031 qui

230 2041 390 2084 violata
410 2042 583 2095 publica
601 2042 703 2094 fide,
720 2043 948 2083 maximam
964 2042 1118 2083 barba·

232 2117 374 2146 rorum
399 2106 568 2147 cladem
600 2106 895 2157 magnitudine
927 2106 1117 2147 criminis

232 2171 468 2224 superavit.
489 2173 604 2212 Reus
618 2172 748 2222 igitur
758 2170 899 2212 factus
918 2171 1118 2213 aLibone

233 2234 405 2275 tribuno
420 2234 576 2286 plebis,
595 2235 664 2275 die
679 2234 799 2274 dicta
814 2234 933 2274 venit
948 2234 990 2274 in
999 2235 1118 2287 judi·

233 2299 364 2348 cium,
398 2298 472 2338 ubi
507 2310 634 2351 quum
669 2311 694 2338 a
729 2297 901 2338 tribuno
938 2298 1119 2350 pertidia

233 2363 528 2413 damnaretur,
575 2362 753 2416 ejusque
798 2362 1117 2403 damnationem

234 2426 357 2474 Cato,
377 2438 506 2478 quum
537 2425 853 2478 nonagenarius
883 2431 1013 2478 esset,
1046 2439 1118 2467 ve-

231 2489 424 2530 hementi
457 2489 651 2530 oratione
685 2489 878 2542 juvaret,
923 2502 1040 2530 reum
1073 2502 1117 2530 se

231 2552 463 2593 manifeste
492 2552 712 2594 confessus
743 2559 836 2593 est:
880 2554 985 2593 nihil
1004 2554 1116 2593 enim

233 2628 313 2667 pro
338 2627 385 2656 se
417 2627 635 2667 recusans,
655 2617 812 2669 quippe
831 2618 1045 2670 supplicio
1071 2631 1116 2658 se

232 2680 408 2731 dignum
430 2681 649 2733 judicans,
687 2683 843 2723 omissa
878 2683 942 2723 sui
974 2696 1119 2735 causa,

234 2745 437 2795 parvulos
467 2746 560 2798 ejus
579 2745 705 2798 filios,
727 2751 773 2786 et
791 2753 992 2799 nepotem
1011 2749 1118 2788 mul-

233 2807 289 2846 tis
307 2818 403 2848 cum
423 2808 653 2860 lachrymis
672 2810 833 2861 populo
846 2810 1116 2850 commenda-

235 2868 326 2910 bat.
365 2871 471 2913 Quae
491 2883 560 2911 res
577 2871 683 2912 adeo
702 2873 936 2912 commovit
955 2885 1117 2923 omnes,

231 2939 280 2974 ut
313 2940 476 2986 praeter
519 2936 765 2988 opinionem
806 2936 1116 2990 absolveretur,

233 2998 304 3049 qui
334 2999 520 3038 omnium
543 3011 753 3040 consensu
785 3000 1000 3051 periturus
1021 3015 1116 3042 esse

232 3061 476 3103 videbatur.
529 3064 601 3103 De
630 3064 710 3104 boc
730 3064 871 3105 Galba
890 3065 1116 3107 Quintilia-

232 3136 309 3166 nus
327 3125 383 3166 de
403 3125 682 3168 Institutione
698 3127 904 3168 Oratoria
924 3128 1031 3168 libro
1051 3142 1117 3170 se·

233 3188 398 3230 cundo:
427 3190 439 3212 ‘
460 3189 686 3244 Sergium,’
713 3191 868 3243 inquit,
897 3192 909 3214 ‘
932 3191 1114 3232 Galbam

233 3252 509 3296 miseratione
529 3255 635 3307 sola,
654 3267 738 3308 qua
757 3267 842 3295 non
872 3268 969 3296 suos
990 3257 1115 3297 modo

233 3314 388 3356 liberos
419 3318 620 3370 parvulos
652 3319 696 3359 in
735 3319 982 3359 concionem
1020 3332 1117 3371 per·

234 3377 429 3432 duxerat,
449 3381 526 3422 sed
559 3382 678 3423 Galli
711 3384 842 3423 etiam
871 3384 1046 3436 Sulpitii
1067 3384 1114 3425 fi-

232 3441 335 3481 lium
355 3443 442 3483 suis
458 3443 552 3496 ipse
564 3445 756 3486 manibus
769 3447 1114 3499 circumtulerat‚

235 3504 429 3556 elapsum
464 3517 575 3558 esse,
614 3520 711 3548 cum
751 3510 931 3551 aliorum
967 3523 1116 3552 monu-

234 3568 410 3621 mentis,
434 3573 526 3612 tum
558 3571 733 3614 Catonis
767 3573 960 3615 oratione
983 3579 1116 3615 testa-

1923 312 2065 365 1279

1183 446 1306 487 tum.’
1354 449 1445 488 Cic.
1481 447 1536 487 de
1565 447 1693 488 Orat.
1721 457 1753 486 1.
1788 448 1856 485 53.
1910 446 1922 467 ‘
1943 441 2067 484 Idem

1182 513 1236 553 Q.
1281 513 1479 563 Sergium
1528 512 1728 559 Galbam,
1764 522 1890 563 quem
1934 509 2068 548 homi·

1183 586 1279 613 nem
1333 575 1466 626 probe
1521 575 1766 615 meminisse
1815 586 1862 614 se
1909 573 2070 622 aiebat,

1183 637 1459 689 pergraviter
1514 637 1832 690 reprehendere
1882 637 2068 686 solebat,

1181 700 1296 753 quod
1317 701 1369 750 is,
1403 702 1450 741 L.
1471 701 1692 741 Scribonio
1726 701 2004 754 quaestionem
2024 700 2067 739 in

1182 775 1279 803 eum
1323 762 1493 803 ferente
1540 765 1685 816 populi
1730 763 2069 804 misericordiam

1181 827 1459 878 concitasset,
1475 840 1569 867 cum
1585 829 1646 867 M.
1665 829 1789 879 Cato,
1802 827 1952 869 Galbae
1973 839 2068 879 gra-

1182 892 1376 931 vissimus
1397 898 1525 944 atque
1555 892 1737 931 acerbus
1759 892 1973 941 inimicus,
2003 904 2070 930 as·

1181 966 1286 1007 pere
1308 955 1422 1007 apud
1453 956 1660 1007 populum
1681 957 1917 995 Romanum
1938 962 1983 995 et
1999 967 2073 995 ve-

1180 1019 1406 1060 hementer
1425 1024 1541 1060 esset
1558 1020 1744 1071 locutus,
1771 1033 1894 1072 quam
1916 1021 2074 1061 oratio-

1182 1096 1279 1124 nem
1298 1084 1340 1123 in
1363 1084 1598 1136 originibus
1619 1084 1704 1124 suis
1727 1084 1939 1136 exposuit.
1990 1085 2072 1124 Re-

1181 1147 1480 1200 prehendebat
1499 1148 1631 1200 igitur
1660 1148 1845 1189 Galbam
1869 1148 2072 1199 Rutilius,

1181 1210 1296 1264 quod
1334 1211 1369 1252 is
1397 1212 1447 1252 C.
1481 1211 1656 1264 Sulpitii
1688 1211 1805 1251 Galli
1843 1211 2072 1264 propinqui

1182 1277 1247 1317 sui
1268 1276 1475 1330 pupillum
1495 1276 1630 1317 filium
1658 1277 1751 1329 ipse
1785 1288 1894 1329 pene
1923 1277 1964 1316 in
1998 1278 2072 1317 hu·

1180 1353 1320 1382 meros
1339 1353 1437 1382 suos
1457 1342 1698 1394 extulisset,
1726 1342 1797 1395 qui
1831 1342 1964 1394 patris
1985 1342 2072 1382 cla·

1182 1404 1335 1446 rissimi
1370 1409 1416 1445 et
1448 1404 1754 1445 recordatione
1781 1408 1828 1445 et
1865 1405 2069 1444 memoria

1179 1466 1330 1508 fletum
1359 1468 1519 1521 populo
1539 1473 1749 1519 moveret,
1770 1474 1816 1508 et
1837 1468 1943 1508 duos
1960 1467 2070 1508 filios

1180 1545 1277 1573 suos
1299 1545 1458 1586 parvos
1488 1534 1636 1574 tutelae
1671 1534 1816 1586 populi
1853 1545 2069 1574 commen-

1181 1596 1342 1649 dasset,
1371 1610 1422 1638 ac
1452 1609 1515 1647 se,
1545 1602 1749 1651 tanquam
1788 1599 1829 1638 in
1865 1603 2070 1651 promptu

1181 1665 1486 1701 testamentum
1502 1661 1684 1712 faceret,
1701 1663 1792 1703 sine
1811 1662 1921 1702 libra
1937 1669 2070 1716 atque

1180 1724 1354 1775 tabulis,
1387 1726 1592 1778 populum
1612 1726 1848 1766 Romanum
1880 1731 2070 1766 tutorem

1180 1789 1414 1829 instituere
1450 1789 1631 1830 dixisset
1668 1790 1835 1830 illorum
1874 1790 2069 1831 orbitati.

1181 1853 1338 1906 Itaque
1355 1866 1450 1893 cum
1467 1853 1627 1893 invidia
1642 1859 1686 1894 et
1705 1854 1804 1894 odio
1823 1854 1968 1906 populi
1981 1860 2071 1894 tum

1181 1916 1323 1957 Galba
1331 1917 1683 1969 premeretur‚his
1694 1930 1862 1971 quoque
1874 1931 1969 1958 eum
1984 1925 2073 1958 tra-

1181 1981 1336 2034 goediis
1358 1982 1585 2022 liberatum
1605 1981 1787 2023 ferebat.
1817 1984 1941 2026 Quod
1964 1985 2069 2024 item

1182 2045 1298 2098 apud
1318 2047 1530 2087 Catonem
1559 2046 1769 2098 scriptum
1801 2059 1895 2087 esse
1928 2045 2071 2098 video,

1181 2111 1194 2134 ‘
1211 2112 1292 2151 nisi
1314 2113 1460 2164 pueris
1489 2117 1534 2153 et
1555 2113 1785 2165 lachrymis
1805 2125 1907 2152 usus
1937 2119 2070 2165 esset,

1182 2187 1332 2226 poeuas
1370 2187 1467 2215 eum
1498 2176 1697 2216 daturum
1733 2176 1900 2217 fuisse!
1958 2177 2069 2217 Haec

1182 327 1298 365 ms.
1325 305 1465 367 νηί.
1507 326 1640 364 CAP.
1666 312 1717 364 1.

1181 2240 1372 2279 Rutilius
1413 2239 1535 2279 valde
1567 2240 1861 2293 vituperabat,
1895 2246 1938 2281 et
1969 2241 2070 2281 huic

1180 2302 1412 2343 humilitati
1431 2303 1619 2355 dicebat,
1640 2304 1707 2344 vel
1728 2303 1902 2343 exilium
1921 2302 2070 2354 fuisse,

1182 2368 1250 2407 vel
1271 2372 1451 2406 mortem
1471 2364 1847 2419 anteponendam.'
1879 2367 2030 2406 Oliver.

1238 2430 1300 2469 M.
1325 2429 1444 2481 Cato]
1490 2430 1657 2470 Praeter
1676 2429 1761 2470 alia
1780 2430 1956 2482 scripsit
1976 2443 2070 2483 sep-

1183 2498 1270 2534 tem
1293 2493 1518 2545 Originum
1536 2493 1684 2534 libros,
1714 2494 1763 2533 In
1781 2493 1932 2547 quibus
1954 2506 2068 2534 com·

1183 2557 1334 2609 plexus
1355 2563 1422 2597 est
1446 2564 1534 2597 tum
1562 2569 1629 2596 res
1649 2563 1795 2609 gestas
1815 2558 1962 2610 populi
1982 2559 2067 2598 Ro-

1181 2621 1312 2670 mani,
1331 2624 1420 2660 tum
1451 2620 1583 2660 etiam
1611 2621 1777 2662 urbium
1800 2621 2001 2673 origines,
2024 2628 2070 2662 et

1182 2697 1279 2737 quae
1311 2684 1471 2725 alicubi
1504 2684 1773 2736 admiranda,
1802 2694 1848 2727 ut
1882 2693 2069 2728 testatur

1182 2748 1310 2788 Corn.
1345 2749 1493 2801 Nepos
1521 2748 1564 2788 in
1585 2747 1843 2801 fragmento,
1865 2751 1976 2803 quod
1999 2764 2068 2790 su-

1181 2818 1329 2864 perest
1346 2825 1370 2853 e
1391 2812 1622 2865 posteriori
1642 2814 1752 2854 libro
1773 2814 1828 2855 de
1846 2815 1962 2855 Vitis
1982 2816 2067 2855 Ex-

1179 2876 1429 2916 cellentium
1450 2877 1784 2928 Imperatorum.

1234 2940 1285 2980 In
1304 2940 1460 2991 origine
1474 2940 1634 2992 retulit]
1653 2941 1724 2981 Ita
1742 2942 1885 2995 vulgo.
1903 2940 2065 2981 Aliter:

1182 3003 1312 3049 Quam
1330 3003 1374 3042 in
1407 3003 1643 3054 Originibus
1679 3004 1831 3046 retulit.
1889 3004 2066 3053 Melius,

1178 3066 1220 3106 in
1242 3066 1446 3118 Origines,
1467 3067 1829 3119 quemadmodum
1862 3067 2067 3107 Cauchia-

1179 3141 1275 3181 nus,
1302 3126 1645 3182 Gemblacensis,
1678 3144 1726 3172 ac
1761 3131 2065 3171 Atrebatensis

1178 3194 1358 3237 habent.
1388 3196 1444 3235 Et
1464 3196 1616 3236 Cicero
1637 3195 1787 3235 eodem
1809 3195 1934 3234 modo
1955 3194 2066 3233 dixit

1179 3259 1221 3298 in
1252 3260 1409 3311 Bruto,
1446 3260 1563 3299 velut
1602 3260 1771 3299 Livius:
1801 3259 1842 3298 in
1874 3258 2063 3296 Annales

1179 3334 1262 3363 non
1293 3335 1418 3363 secus
1438 3335 1488 3362 ac
1511 3319 1675 3363 referre
1704 3322 1747 3361 in
1769 3321 1936 3362 tabulas
1957 3321 2063 3360 dici-

1179 3398 1288 3426 mus.
1320 3387 1444 3437 Pigh.

1237 3449 1293 3488 Et
1315 3448 1426 3488 Galli
1444 3448 1634 3499 sanguine
1652 3445 2061 3498 conjumtumfilium]

1178 3513 1364 3552 Veteres
1399 3512 1515 3562 libri,
1550 3512 1604 3550 Et
1635 3509 1748 3548 Galli
1775 3508 1967 3558 sanguine
1985 3509 2062 3547 sibi

1176 3574 1571 3627 conjunctumfilium.
1627 3572 1786 3612 Tullius
1803 3571 1855 3612 de
1873 3571 2060 3612 Oratore
