2320 4004
521 287 777 330 vAnssRn
821 273 1606 327 MAx1M11n3.u1.cAr.8.

158 421 362 464 equorum
393 408 437 449 in
470 408 576 448 urbe
605 411 717 458 erat,
749 412 891 447 tamen
914 406 1041 445 armis

156 474 270 514 inter
285 471 510 514 tumultum
528 470 685 522 captis,
705 473 752 510 et
769 470 1041 521 eruptionem

159 542 452 586 tentaverunt,
472 540 516 575 et
549 547 645 575 cum
677 536 862 576 evadere
897 535 1044 588 nequi-

154 606 267 652 rent,
285 605 528 652 pugnantes
547 598 602 638 ad
618 599 811 639 ultimum
830 600 1042 640 occubue-

153 669 269 715 runt,
289 675 369 703 nec
399 663 495 715 plus
516 675 641 716 quam
660 663 969 716 qninquaginta
989 675 1044 704 ex

153 727 220 768 his
256 728 300 767 in
333 732 595 780 potestatem
631 729 919 767 Romanorum
956 727 1043 767 vivi

152 795 378 832 venerunt.
432 791 536 831 Plus
552 792 770 845 aliquanto
789 792 933 832 damni
950 793 1043 833 haec

152 856 222 896 ala
257 855 453 909 equitum
485 850 643 896 amissa
674 855 894 907 Annibali,
916 869 1042 909 quam

149 918 326 970 Salapia
340 917 424 958 fuit
442 931 455 968 3
475 931 555 959 nec
571 918 728 959 deinde
747 931 930 973 unquam
949 919 1044 959 Poe-

152 993 249 1030 nus,
286 993 371 1033 quo
404 981 532 1034 longe
571 982 799 1033 plurimum
835 985 1043 1033 valuerat,

151 1044 348 1097 superior
365 1046 560 1097 equitatu
581 1043 680 1086 fuit.
722 1046 933 1088 oliverius.

208 1108 231 1160 ᾗ
264 1110 290 1147 2
318 1106 496 1147 Phocion
532 1109 640 1160 vero]
685 1108 792 1148 Cum
828 1109 1041 1150 Dercnlus

151 1170 326 1223 quidam
358 1170 618 1210 admonebat
647 1170 955 1224 Athenienses,
992 1178 1042 1213 ut

151 1239 360 1275 caverent
394 1234 450 1274 ab
488 1233 654 1274 insidiis
698 1234 941 1287 Nicanoris,
969 1237 1040 1289 qni

153 1299 388 1352 praefectus
403 1305 496 1340 erat
506 1301 756 1353 Cassandri,
770 1302 883 1354 quod
898 1303 1042 1343 occul·

151 1367 197 1402 te
231 1362 389 1403 bellum
424 1369 612 1415 pararet,
642 1364 918 1417 Pyreumque
948 1378 1041 1416 por-

154 1431 244 1466 tum
266 1438 318 1466 ne
337 1427 637 1479 interciperet,
652 1428 893 1479 pericnlum
914 1435 1042 1471 esset.

154 1489 348 1529 Phocion
368 1502 484 1541 vero,
509 1491 666 1542 populo
685 1491 905 1543 audiente,
927 1505 1042 1543 mag-

152 1565 209 1593 na
228 1565 334 1593 voce
365 1553 476 1593 dixit
495 1554 657 1593 nullum
690 1554 850 1594 instare
878 1556 1042 1606 pericu-

152 1617 256 1667 lum,
277 1623 323 1656 et
343 1616 450 1656 nihil
470 1628 645 1668 prorsus
668 1617 903 1656 timendum
933 1630 1041 1669 esse,

152 1679 484 1732 consulebatque
518 1680 653 1732 magis
682 1680 913 1720 amicitiam
943 1694 1038 1721 cum

153 1729 415 1794 Cassandro,
452 1755 576 1796 quam
614 1743 769 1783 bellum
803 1744 1042 1797 suscipien-

151 1804 265 1846 dum.
322 1806 473 1858 Capto.
492 1806 648 1847 deinde
677 1808 834 1859 Pyreo,
871 1820 950 1848 nec
985 1808 1039 1849 ad

151 1869 490 1921 recuperandum
529 1870 699 1920 armari,
735 1882 815 1910 nec
863 1872 1040 1912 armatis

152 1944 341 1984 praeesse
361 1934 509 1975 voluit.
565 1935 676 1975 Nam
706 1933 839 1975 factio
857 1935 1038 1987 optima-

152 2002 259 2047 tum,
290 1999 333 2038 in
372 2010 455 2051 qua
492 2003 539 2038 et
572 1998 768 2039 Phocion
799 2006 910 2050 erat,
941 2011 1038 2039 cum

149 2060 390 2102 Cassandro
411 2062 643 2114 sentiebat,
662 2062 889 2114 populares
913 2062 1039 2114 Poly-

150 2127 348 2177 perconti
387 2121 607 2166 favebant.
677 2126 765 2166 Sed
811 2131 1039 2178 postquam

152 2193 355 2241 suscepto
375 2188 488 2229 bello
518 2190 667 2241 pulsus
697 2196 763 2229 est
783 2189 1042 2239 Cassander,

154 2249 476 2303 Polyperconte
501 2251 629 2300 duce,
653 2251 883 2291 Phocionis
903 2251 1039 2291 consi-

151 2313 256 2354 lium
268 2313 406 2354 minus
421 2315 643 2367 probabile
660 2316 795 2355 visum
811 2315 911 2356 fuit.
930 2317 1039 2355 Tum

151 2375 348 2416 Phocion
383 2377 428 2416 in
474 2378 678 2418 concione
714 2378 1039 2418 Atheniensium

148 2437 337 2479 fortnnae
367 2441 611 2490 gratulatus
645 2445 729 2492 est,
767 2447 814 2480 et
847 2441 901 2480 de
943 2453 1041 2493 pro-

151 2515 280 2556 spero
309 2511 468 2545 eventu
489 2506 662 2545 laetatus
680 2520 691 2556 ;
721 2513 766 2546 at
783 2519 885 2547 vero
905 2508 1042 2547 consi·

151 2567 253 2607 lium
300 2579 423 2608 snum
457 2568 674 2620 aliquanto
718 2569 862 2609 sanius
910 2569 1041 2610 fuisse

151 2628 394 2672 affirmavit.
450 2631 615 2683 Magna
642 2633 813 2685 quidem
843 2639 1041 2674 constan-

151 2695 215 2735 tia
237 2694 332 2746 viri,
366 2695 478 2735 utin
508 2696 602 2748 ipsa
634 2697 817 2736 victoria
837 2697 1042 2748 probaret

152 2759 373 2798 eonsilium
393 2772 533 2809 snum,
551 2760 666 2813 quod
686 2760 831 2801 fuerat
853 2761 907 2801 de
928 2762 1042 2802 bello

152 2834 236 2862 non
266 2824 552 2875 suscipiendo.
611 2825 710 2865 Fuit
739 2825 808 2864 hic
837 2826 1043 2877 Phocion,

152 2891 202 2926 ut
222 2887 265 2926 in
285 2888 478 2939 capitulo
494 2888 549 2928 de
567 2889 885 2940 Ingratitudine
914 2891 1042 2930 latius

150 2950 439 3002 prolixiusque
491 2950 647 2990 dicturi
700 2964 860 3003 sumus,
899 2954 1041 3005 capite

151 3012 405 3053 damnatus:
437 3025 536 3052 nam
570 3013 684 3054 inter
716 3021 892 3067 caetera,
922 3017 966 3056 in
987 3029 1040 3057 eo

152 3086 320 3132 quoque
362 3072 601 3115 offenderat
644 3076 881 3129 civitatem,
925 3079 1039 3131 quod

153 3138 264 3178 male
281 3139 555 3179 consuluerat
575 3140 727 3191 patriae
742 3153 845 3192 suae,
859 3153 912 3181 ne
928 3144 1040 3183 ultro

151 3199 377 3252 Spartanis
397 3202 555 3242 bellum
577 3202 800 3255 inferrent,
821 3205 942 3256 cujus
963 3205 1040 3245 du-

155 3275 237 3312 ces·
261 3263 382 3305 fuere
403 3265 594 3305 Pericles
615 3271 661 3306 et
679 3267 929 3321 Sophocles,
957 3282 1040 3322 quo

156 3323 273 3365 bello
293 3328 446 3367 multas
473 3328 643 3369 Achaiae
671 3330 872 3371 civitates
907 3332 1041 3372 Athe·

157 3386 364 3428 niensium
393 3389 573 3442 imperio
601 3391 868 3444 adjecerunt.
925 3395 1039 3435 Pho-

161 3446 260 3487 cion
288 3451 372 3489 etsi
398 3463 515 3503 sir-pe
558 3454 824 3494 exercitibus
852 3455 1041 3508 praefuit,

161 3522 430 3564 summosque
449 3515 724 3567 magistratus
743 3518 876 3572 cepit,
896 3525 1040 3561 tamen

1850 272 1993 328 1117

1106 406 1238 446 multo
1273 407 1364 458 ejus
1411 407 1554 448 notior
1600 405 1828 458 integritas
1876 405 1995 455 vitae,

1106 482 1233 521 quam
1254 470 1316 510 rei
1337 470 1535 510 militaris
1556 469 1692 510 labor.
1739 468 1896 521 Itaque
1916 468 1991 507 hu-

1098 533 1171 585 jus
1191 534 1394 574 memoria
1412 534 1543 584 nulla,
1574 534 1686 574 illius
1715 538 1856 573 autem
1876 543 1992 583 mag·

1106 609 1163 637 na
1181 595 1312 644 fama,
1342 609 1396 637 ex
1416 610 1500 650 quo
1518 598 1773 650 cognomine
1802 597 1814 619 ‘
1830 596 1965 637 bonus
1978 596 1991 614 ’

1106 665 1175 702 est
1201 661 1458 713 appellatus.
1515 662 1698 714 Legitur
1725 661 1769 701 in
1789 661 1879 701 vita
1900 660 1991 700 De-

1105 724 1355 774 mostheni&
1377 724 1458 763 vim
1490 726 1716 765 maximam
1735 725 1779 764 in
1807 722 1992 764 dicendo

1104 786 1302 826 habuisse
1319 787 1599 839 Phocionem,
1620 789 1691 841 qui
1718 789 1873 828 multas
1894 799 1991 839 gra-

1106 862 1267 903 vesque
1287 852 1522 891 sententias
1549 851 1696 903 paucis
1717 850 1858 891 verbis
1878 862 1992 891 com-

1106 914 1387 965 plecteretur,
1404 914 1508 954 item
1528 914 1640 966 quod
1672 914 1990 954 Demosthenes

1105 989 1253 1017 omnes
1291 977 1517 1029 Oratores,
1554 989 1638 1017 uno
1669 978 1889 1018 Phocione
1918 989 1992 1017 ex-

1105 1046 1253 1093 cepto,
1271 1053 1356 1081 non
1373 1042 1506 1081 solum
1528 1042 1789 1094 eloquentia,
1810 1041 1887 1082 sed
1903 1041 1990 1082 vita

1105 1117 1276 1158 qnoque
1307 1105 1547 1157 superavit.
1580 1105 1731 1146 Oliver.

1159 1169 1225 1221 §3
1254 1167 1448 1218 Socratis,
1475 1168 1563 1220 ξω]
1596 1169 1702 1210 Cum
1732 1169 1889 1209 bellum
1921 1179 1993 1219 ge-

1106 1237 1253 1272 rerent
1289 1231 1579 1272 Athenienses
1615 1233 1821 1272 adversus
1859 1233 1992 1272 Lace-

1104 1295 1355 1346 daemonius,
1383 1302 1428 1336 et
1460 1294 1572 1336 forte
1592 1295 1707 1348 apud
1731 1295 1990 1348 Arginusam

1103 1358 1284 1399 insulam
1310 1360 1532 1411 utriusque
1552 1360 1699 1411 populi
1716 1359 1863 1400 classis
1878 1371 1991 1399 com·

1104 1428 1257 1474 parata
1304 1428 1435 1473 esset,
1484 1435 1534 1463 ac
1579 1428 1716 1463 staret
1761 1422 1991 1474 instructa,

1105 1486 1268 1538 placuit
1303 1486 1454 1526 decem
1488 1487 1771 1538 Praetoribus,
1807 1493 1855 1527 nt
1887 1499 1994 1539 pug-

1103 1561 1201 1590 nam
1221 1562 1316 1590 cum
1337 1551 1458 1589 hoste
1483 1551 1821 1600 committerent,
1840 1555 1886 1590 et
1906 1549 1993 1590 for-

1103 1619 1246 1652 tunam
1269 1613 1582 1664 experirentur.
1631 1614 1727 1655 Quo
1743 1613 1893 1664 proelio
1910 1612 1993 1664 ipsi

1103 1677 1289 1716 victores
1325 1676 1522 1727 fuerunt3
1557 1677 1632 1716 sed
1673 1681 1772 1727 post
1806 1688 1989 1727 pugnam

1101 1739 1245 1780 subito
1259 1746 1412 1779 exorta
1429 1746 1680 1791 tempestas,
1695 1752 1791 1792 quae
1810 1741 1992 1784 classem

1101 1802 1427 1844 Atheniensium
1458 1804 1633 1856 disJecit
1669 1817 1719 1845 ac
1751 1804 1994 1856 dissipavit,

1101 1873 1148 1908 ut
1168 1869 1352 1908 militum
1369 1880 1550 1920 corpora
1565 1870 1798 1921 sepulturae
1818 1867 1993 1908 manda·

1102 1932 1137 1971 ri
1177 1945 1261 1972 non
1303 1933 1538 1983 potuerint.
1596 1933 1705 1973 Cum
1740 1932 1990 1973 nunciatum

1100 2003 1214 2037 esset
1233 1995 1444 2046 Athenas,
1462 1997 1644 2037 militum
1665 2009 1851 2050 corpora
1879 1996 1991 2036 inse-

1101 2061 1223 2112 pulta
1236 2060 1406 2113 jacere,
1424 2061 1532 2102 adeo
1549 2062 1762 2102 excitatus
1774 2067 1840 2102 est
1852 2073 1991 2114 popu-

1101 2124 1165 2163 lus
1203 2123 1482 2164 Atheniensis
1514 2124 1719 2165 adversus
1755 2125 1993 2175 Praetores,

1101 2192 1149 2227 ut
1178 2187 1316 2239 legem
1335 2186 1500 2229 ferrent
1528 2189 1582 2229 de
1603 2188 1808 2230 sumendo
1828 2190 1989 2242 snppli-

1100 2251 1168 2291 cio
1181 2263 1236 2291 ex
1249 2250 1314 2290 his
1334 2263 1429 2290 cum
1447 2253 1628 2303 primum
1648 2252 1891 2295 rediissent.
1929 2253 1988 2293 Et

1102 2327 1197 2355 cum
1220 2314 1334 2356 forte
1354 2317 1623 2355 Demarchus
1642 2321 1756 2356 esset
1775 2317 1989 2368 Socrates,

1101 2378 1145 2417 id
1165 2383 1245 2425 est,
1276 2379 1474 2419 tribunus
1502 2379 1657 2430 plebis,
1687 2379 1804 2418 nulla
1822 2378 1990 2418 ratione

1103 2442 1260 2483 adduci
1290 2444 1448 2496 potuit,
1474 2450 1520 2483 ut
1537 2443 1636 2483 huic
1656 2442 1740 2494 legi
1761 2447 1848 2482 tam
1869 2454 1990 2481 vesa-

1103 2519 1172 2547 nae
1196 2508 1487 2558 consentiret,
1518 2513 1565 2547 et
1597 2507 1696 2559 quia
1718 2506 1988 2557 plebiscitum

1102 2569 1194 2609 fieri
1221 2583 1305 2610 non
1326 2575 1498 2623 poterat
1519 2569 1683 2621 injussu
1702 2569 1907 2619 Socratis,
1927 2568 1990 2608 illi

1103 2645 1182 2685 per
1210 2634 1296 2673 vim
1328 2634 1500 2673 executi
1529 2639 1643 2684 sunt,
1661 2633 1775 2685 quod
1787 2633 1887 2685 jure
1903 2645 1988 2672 non

1106 2703 1320 2749 poterant.
1377 2698 1531 2749 Itaque
1552 2709 1648 2737 cum
1676 2697 1897 2736 Praetores
1925 2709 1989 2736 re-

1107 2762 1305 2812 diissent,
1339 2774 1392 2802 ex
1431 2762 1495 2801 his
1525 2760 1732 2801 continuo
1777 2772 1986 2800 summum

1105 2826 1364 2878 supplicium
1386 2830 1678 2878 sumpserunt.
1717 2824 1868 2863 Oliver.

1157 2888 1399 2939 Arginussas]
1432 2888 1647 2943 Arginusa
1676 2888 1812 2927 insula
1833 2888 1988 2940 exigua

1103 2952 1244 2992 Lesbo
1293 2952 1494 3004 adjacens
1541 2952 1656 2991 inter
1693 2950 1986 3001 Methymnam

1102 3020 1149 3054 et
1168 3015 1438 3067 Mitylenem‚
1470 3015 1589 3067 cujus
1615 3013 1808 3053 meminit
1822 3013 1988 3053 Plinius

1101 3077 1213 3117 libro
1230 3090 1270 3118 v.
1290 3090 1386 3130 cap.
1406 3082 1472 3118 31.
1499 3078 1659 3118 Strabo
1678 3077 1753 3116 lib.
1773 3088 1876 3117 xm.
1897 3082 1986 3115 tres

1101 3138 1211 3181 facit
1228 3139 1464 3192 Arginusas
1478 3140 1646 3181 modico
1662 3140 1890 3179 intervallo
1904 3139 1988 3177 dis-

1102 3207 1262 3243 tantes.
1317 3205 1453 3244 Sicuti
1472 3209 1518 3244 et
1535 3204 1605 3243 hic
1622 3205 1763 3255 plures
1780 3200 1887 3241 facit
1904 3201 1985 3239 Ar·

1103 3266 1276 3318 ginusas
1296 3268 1495 3307 Valerius
1515 3273 1674 3306 noster.

1157 3329 1257 3380 Ejus
1288 3330 1517 3382 potestatis]
1573 3325 1814 3379 Δημαρχίας.
1872 3327 1984 3366 Nam

1101 3393 1186 3435 fuit
1205 3394 1319 3444 apud
1336 3395 1431 3433 illos
1447 3393 1728 3441 Demarchns,
1740 3390 1853 3442 quod
1869 3391 1983 3442 apud

1101 3469 1177 3497 nos
1194 3457 1420 3497 Tribunus,

1155 3520 1226 3559 Ex
1256 3520 1422 3572 indigna
1453 3516 1587 3567 causa]
1617 3515 1743 3559 Quod
1777 3514 1983 3558 videlicet
