2346 3996
525 301 784 341 vAnERu
832 298 1073 337 ΜΑΧιΜι
1121 300 1241 339 mn.
1287 302 1379 341 lx.
1424 303 1559 343 cAP.
1586 288 1637 341 1.

164 434 247 477 que
267 421 447 474 Alpibus
465 419 601 460 virum
635 429 898 459 enervavere
919 417 1045 457 Cam·

166 489 303 541 paniae
322 486 542 527 fomenta:
568 482 696 524 armis
716 483 900 523 invictus
930 480 1046 522 vitiis

165 555 304 594 victus
337 550 434 591 est!
489 548 599 589 Nam
645 548 774 600 paulo
819 559 951 599 supra
989 545 1045 586 de

165 617 272 657 locis
313 615 400 657 illis
445 612 712 665 voluptuosis
763 612 825 652 ita
885 609 1047 651 tradit:

163 682 176 703 ‘
195 675 562 722 Quemadmodum
583 675 696 716 inter
725 680 911 715 tortores
929 672 1047 714 habi·

164 749 260 784 tare
296 740 445 791 nolim,
478 740 540 780 sic
587 752 669 780 nec
706 739 823 780 inter
867 739 1048 792 popinas

165 806 336 861 quidem
364 804 512 846 videre
543 805 688 846 ebrios
715 817 794 857 per
812 804 961 845 littora
981 815 1047 843 er-

165 877 324 921 rantes,
361 877 408 911 et
441 870 821 911 commessationes
845 867 1045 920 navigan-

165 935 289 985 tium,
302 941 348 975 et
362 933 711 986 symphoniarum
726 932 923 973 cantibus
935 936 1047 986 ,stre-

136 999 149 1014 “
165 1004 321 1050 pentes
338 998 472 1046 lacus,
485 1001 531 1037 et
547 996 643 1047 alia,
657 1008 752 1049 qnae
774 996 891 1036 velut
907 995 1048 1035 soluta

164 1061 330 1113 legibus
361 1059 534 1101 luxuria
557 1071 641 1099 non
674 1063 840 1100 tantum
873 1062 1047 1111 peccat,

164 1127 240 1168 sed
261 1124 489 1178 publicat!
523 1125 676 1166 Oliver.

218 1189 418 1232 lambris
447 1190 531 1231 suis
563 1189 784 1244 complexa]
812 1190 919 1232 Quae
958 1190 1046 1230 suis

164 1254 475 1307 voluptatibus,
494 1255 646 1308 quibus
676 1254 886 1306 abundat,
911 1253 1046 1294 Anni-

164 1319 306 1359 balem
343 1318 688 1371 comprehendit.
747 1318 860 1359 Nam
898 1318 1048 1370 Capua

163 1394 301 1434 prona
333 1394 504 1434 semper
553 1381 704 1422 civitas
753 1382 798 1422 in
835 1381 1048 1422 luxuriam

164 1444 261 1497 fuit,
292 1457 379 1486 non
397 1444 663 1498 ingeniorum
684 1446 811 1486 modo
832 1446 953 1497 vitio,
973 1446 1050 1486 sed

163 1508 356 1550 affluenti
373 1510 499 1562 copia
518 1510 804 1562 voluptatum,
834 1516 880 1551 et
909 1510 1051 1551 illece-

166 1573 253 1613 bris
273 1572 408 1613 omnis
437 1573 696 1614 amoenitatis
716 1573 944 1614 maritimas
966 1580 1050 1615 ter-

168 1637 421 1689 restrisque,
436 1643 482 1677 et
501 1642 606 1678 tunc
627 1637 803 1677 licentia
822 1642 1050 1690 tantopere

166 1693 434 1751 lasciviebant,
454 1705 503 1740 ut
519 1712 600 1742 nec
615 1700 783 1742 libidini
804 1714 885 1743 nec
906 1715 1050 1755 sump-

168 1764 283 1804 tibus
303 1764 454 1804 modus
474 1770 605 1805 esset.
637 1765 789 1806 Oliver.

218 1827 417 1879 Seplasia]
446 1821 532 1867 Alii
550 1828 723 1880 babent,
743 1828 933 1881 Selapsia.
963 1829 1049 1869 Est

165 1897 309 1933 autem
342 1893 491 1944 platea
519 1892 697 1945 Capuae,
724 1894 785 1934 sic
817 1894 1050 1946 appellata,

162 1957 206 1995 iu
226 1969 309 2009 qua
323 1957 573 2009 myropolae,
585 1956 665 1997 hoc
680 1963 764 2007 est,
779 1956 1051 2008 unguentarii

164 2019 283 2060 soliti
316 2027 419 2061 sunt
449 2019 675 2072 negotiari.
733 2020 866 2072 Cujus
898 2021 1052 2060 Cicero

163 2083 359 2123 meminit
390 2083 434 2123 in
465 2084 659 2124 oratione
687 2091 839 2125 contra
858 2084 908 2126 C.
929 2084 1051 2125 Piso-

164 2158 278 2197 nem,
295 2145 369 2186 ubi
388 2145 444 2186 de
459 2146 554 2198 lege
574 2148 741 2199 agraria
762 2147 956 2203 disputat
974 2161 986 2198 ;
1006 2154 1050 2189 et

168 2209 416 2257 testimonio
453 2210 675 2251 Ciceronis
713 2210 892 2262 Seplasia
932 2211 1053 2252 dicta

166 2280 252 2323 est,
270 2273 465 2326 quamvis
494 2273 673 2326 Selapsia
689 2273 862 2315 dicatur
881 2287 905 2315 a
925 2275 1052 2315 Vale·

163 2337 241 2377 rio.
275 2335 361 2376 Sed
380 2335 424 2375 id
440 2334 624 2376 fortasse
643 2334 807 2379 factum
824 2345 892 2379 est
907 2351 1053 2380 errore

169 2399 238 2440 vel
261 2398 481 2451 imperitia
497 2399 784 2443 librariorum.
818 2402 927 2444 Oliv.

219 2462 376 2503 Albona
403 2463 555 2516 castra]
595 2464 748 2504 Mollia
795 2472 842 2505 et
877 2464 1053 2506 effoemi-

167 2531 287 2567 nata.
343 2526 529 2567 Constat
555 2528 669 2569 enim
702 2528 894 2570 Albanos
917 2528 1052 2572 fuisse

167 2590 400 2642 molliores,
418 2595 466 2631 et
485 2590 610 2631 Albae
641 2604 820 2644 magnus
850 2592 934 2634 fuit
953 2606 1052 2634 usus

165 2659 509 2706 unguentorum3
529 2666 630 2707 ergo
654 2662 800 2697 castra
820 2656 1052 2700 Poenorum

165 2716 283 2758 saeta
299 2723 401 2759 sunt
419 2717 603 2759 Albana.
636 2720 762 2761 Idem.

218 2785 242 2836 §
269 2787 297 2824 2
327 2784 682 2838 Quaeetiam‚ts-c.]
712 2787 760 2827 L.
792 2786 941 2828 Florus
978 2787 1052 2828 lib.

164 2858 196 2887 1.
216 2859 313 2902 cap.
340 2850 409 2888 21.
438 2848 681 2890 ‘Postremi
717 2850 971 2893 Italicorum
1009 2852 1052 2892 in

165 2908 252 2950 fide
285 2921 478 2951 mansere
511 2912 699 2964 Volsiui‚
735 2914 1054 2966 opulentissimi

167 2972 497 3027 Hetruscorum,
522 2975 802 3029 implorantes
831 2990 957 3031 opem
978 2979 1053 3020 ad-

167 3049 316 3077 versus
331 3049 477 3078 servos
491 3039 698 3092 quosdam
714 3052 828 3092 suos,
842 3041 914 3094 qui
930 3042 1053 3082 liber-

165 3106 301 3142 tatem
320 3113 346 3141 a
363 3101 549 3143 dominis
567 3102 712 3144 datam
733 3104 775 3143 in
795 3104 908 3157 ipsos
928 3116 1051 3145 erex-

166 3169 306 3216 erant,
322 3165 618 3219 translataque
652 3166 695 3206 in
728 3179 774 3207 se
811 3166 1050 3219 republica,

165 3226 526 3278 dominabantur3
545 3229 621 3270 sed
649 3230 690 3269 hi
723 3242 909 3283 quoque,
940 3230 1052 3272 duce

170 3289 304 3330 Fabio
315 3291 515 3344 Gurgite,
532 3306 680 3346 poenas
694 3294 930 3336 dederunt:
954 3306 1052 3335 nam

168 3352 334 3393 Volsini
362 3355 504 3407 quoad
524 3357 716 3398 civitatis
737 3359 854 3411 leges
868 3358 1052 3412 juraque

168 3424 410 3469 servarunt,
430 3420 786 3475 parcimoniaeque
805 3429 850 3462 et
875 3422 1051 3475 frugali-

168 3479 248 3519 tati
313 3491 486 3532 operam
545 3482 775 3535 dederunt,
831 3485 1052 3526 Hetruriae

170 3541 460 3595 principatum
475 3542 604 3587 facile
623 3546 917 3602 obtinuerunt,
936 3555 1052 3602 post-

1856 291 1994 345 1331

1107 430 1236 470 quam
1283 434 1386 463 vero
1434 423 1611 464 luxuriae
1659 426 1788 476 atque
1832 422 1995 463 libidini

1108 482 1282 524 obnoxii
1309 484 1416 526 facti
1462 492 1578 538 sunt,
1623 486 1776 526 sensim
1824 485 1997 525 labente

1109 545 1335 600 disciplina
1365 549 1522 590 veteris
1555 548 1796 599 modestiae,
1825 560 1908 588 non
1935 559 1998 586 so-

1109 609 1196 651 lum
1231 609 1471 663 imperium,
1504 611 1579 652 sed
1599 612 1728 652 etiam
1750 611 1997 652 libertatem

1111 675 1367 726 ainiserunt3
1386 683 1446 729 et,
1460 678 1576 731 quod
1590 677 1744 719 foedius
1759 685 1842 730 est,
1853 679 1896 719 in
1912 691 1998 719 ser-

1111 751 1260 800 vorum
1273 752 1446 782 suorum
1466 747 1725 795 potestatem
1745 745 1999 796 superbissi-

1111 815 1306 858 mamque
1327 804 1661 847 dominationem
1681 807 1954 858 inciderunt3
1974 821 1998 848 a

1111 867 1265 920 quibus
1285 880 1336 908 ea
1356 869 1470 921 passi
1489 876 1605 921 sunt,
1625 883 1720 923 quae
1741 872 1812 912 vix
1832 872 1875 912 iu
1893 873 1997 924 ipsis

1109 932 1244 972 servis
1255 933 1482 974 toleranda
1497 933 1668 976 forent:
1689 935 1762 976 sed
1781 949 1806 975 a
1824 937 1998 985 Senatu,

1111 994 1223 1036 duce
1241 995 1392 1046 Fabio,
1410 995 1582 1037 liberati
1602 997 1734 1038 sunt!
1767 999 1917 1040 Oliver.

1166 1060 1378 1100 Hetrarioe
1393 1059 1528 1113 caput]
1555 1060 1657 1102 Tria
1672 1061 1817 1114 capita
1835 1061 2001 1103 Hetru-

1112 1123 1186 1164 riae
1207 1124 1372 1177 antiqui
1403 1136 1500 1165 esse
1525 1125 1768 1176 voluerunt,
1788 1125 2000 1180 Aretium,

1111 1187 1362 1241 Perusium,
1377 1194 1422 1229 et
1440 1189 1682 1232 Volsinum.
1713 1191 1821 1231 otio.

1165 1253 1188 1304 ς
1217 1255 1241 1292 3
1269 1252 1377 1305 Age,
1406 1253 1586 1305 Xerxes]
1614 1253 1769 1296 Cicero
1795 1255 2000 1297 Tuscula-

1111 1327 1260 1356 narum
1281 1317 1579 1359 Quaestionum
1597 1317 1669 1360 lib.
1687 1330 1732 1360 ν.

1167 1381 1328 1427 Quanta
1347 1381 1483 1434 ruina]
1503 1381 1636 1425 Quasi
1654 1381 1790 1430 dicat,
1806 1382 1973 1435 ingenti
1989 1396 2003 1432 ς

1110 1445 1270 1498 quippe
1301 1447 1375 1498 qui
1392 1447 1586 1487 classem
1611 1458 1747 1499 prope
1766 1446 2000 1487 incredibi-

1110 1508 1267 1560 lem‚et
1285 1510 1529 1551 exercitum
1544 1521 1832 1560 numerosum,
1850 1509 2001 1563 quibus

1112 1572 1321 1625 Neptuno
1355 1573 1545 1626 ,Iovique
1585 1579 1760 1614 catenas
1780 1574 2001 1627 imponere

1110 1637 1378 1690 minabatur,
1403 1638 1525 1678 brevi
1559 1643 1756 1690 tempore
1781 1649 1877 1678 cum
1907 1638 2002 1690 ipso

1112 1712 1247 1753 prope
1268 1701 1451 1754 imperio
1471 1701 1630 1742 amisit.
1667 1701 1817 1742 Oliver.

1170 1765 1193 1816 ξ
1223 1768 1248 1804 4
1278 1765 1497 1805 Antiochus
1525 1763 1691 1817 quoque]
1736 1763 1924 1804 Annibal
1961 1765 2003 1804 in

1114 1826 1268 1867 Africa
1285 1827 1423 1868 victus
1445 1828 1497 1869 ad
1514 1828 1773 1868 Antiochum
1793 1828 1836 1867 in
1856 1827 2003 1868 Asiam

1114 1889 1329 1943 confugit,
1353 1898 1399 1932 et
1416 1892 1533 1944 pacis
1553 1891 1801 1944 impatiens,
1834 1891 2003 1932 hostem

1116 1966 1220 2006 pop.
1263 1955 1388 1996 Rom.
1420 1961 1515 1995 toto
1535 1955 1638 1996 orbe
1658 1954 1899 2009 quaerebat,
1919 1967 2005 2008 qua

1115 2030 1199 2058 non
1221 2019 1340 2070 prius
1362 2019 1549 2071 destitit,
1582 2031 1706 2072 quam
1740 2018 2004 2060 Antiochum

1115 2082 1167 2122 ad
1194 2082 1354 2123 bellum
1377 2082 1585 2123 adversus
1619 2084 1831 2123 Romanos
1864 2084 2004 2124 conci-

1114 2146 1240 2187 tavit.
1296 2145 1536 2186 Antiochus
1559 2144 1646 2186 suis
1664 2145 1831 2198 opibus,
1869 2151 1914 2185 et
1933 2157 2006 2185 uo-

1115 2210 1230 2250 mine
1248 2209 1368 2262 regio
1393 2209 1548 2261 fretus,
1575 2221 1660 2249 non
1679 2209 1895 2251 dubitavit
1915 2209 2004 2250 bet-

1115 2272 1202 2311 lum
1214 2284 1403 2313 movere.
1432 2273 1604 2325 Itaque,
1620 2277 1774 2325 parato
1789 2274 2003 2324 exercitu,

1115 2338 1237 2389 quus
1258 2349 1357 2389 pars
1374 2337 1511 2388 major
1529 2349 1681 2378 aureos
1702 2337 1846 2377 clavos
1863 2336 2003 2388 erepi-

1116 2400 1181 2440 dis
1201 2400 1423 2452 subjectos
1442 2399 1646 2452 habebat,
1675 2406 1882 2453 argentea
1901 2413 2005 2441 vasa

1114 2476 1193 2517 pro
1213 2463 1416 2505 fictilibus
1437 2464 1491 2503 ad
1514 2477 1631 2504 usum
1653 2465 1824 2516 culinae,
1848 2466 2003 2506 multa·

1115 2539 1198 2580 que
1220 2526 1305 2567 alia
1321 2525 1540 2579 superflua
1560 2535 1605 2567 et
1624 2528 1840 2569 luxuriosa
1859 2534 2004 2581 gesta-

1115 2590 1218 2640 bat3
1245 2589 1363 2630 illum
1384 2590 1597 2642 ejusmodi
1616 2591 1852 2643 insignibus
1864 2593 2004 2632 aureis

1116 2662 1162 2696 et
1178 2656 1397 2708 argenteis
1410 2654 1651 2709 florentem,
1665 2669 1814 2699 currus
1833 2670 2003 2712 quoque

1114 2718 1315 2771 falcatos,
1342 2726 1388 2761 et
1407 2720 1661 2772 elephantos
1679 2733 1774 2762 cum
1794 2722 2002 2774 turribus,

1116 2784 1444 2837 equitatumque
1472 2783 1635 2837 fraenis,
1669 2785 1914 2837 monilibus,
1953 2798 2003 2826 ac

1116 2849 1302 2901 phaleris
1321 2848 1671 2902 praefulgentem,
1689 2862 1784 2890 cum
1802 2849 2004 2890 Annibali

1115 2917 1395 2965 ostentasset,
1429 2913 1629 2966 quaesivit
1646 2916 1701 2953 ex
1723 2925 1790 2963 eo,
1808 2912 2000 2966 utinquid

1115 2977 1284 3018 casatis
1297 2981 1444 3018 essent
1459 2977 1688 3018 Romanis:
1708 2977 1762 3016 de
1780 2976 1942 3016 viribus
1957 2984 2003 3016 et

1114 3054 1293 3082 numero
1314 3042 1497 3082 militum
1518 3040 1682 3082 diceus.
1741 3041 1848 3080 Tum
1872 3040 2002 3079 Anni·

1113 3104 1201 3157 bal,
1218 3110 1372 3158 utpote
1388 3104 1569 3146 callidus
1589 3104 1850 3157 imperator:
1870 3103 2000 3151 Satis,

1113 3168 1269 3221 inquit,
1286 3173 1416 3209 eruut
1432 3167 1651 3217 Romanis,
1686 3165 1878 3219 quamvis
1901 3177 1998 3204 ava-

1112 3232 1268 3272 rissimi
1283 3232 1388 3272 siut:
1404 3232 1515 3272 illius
1527 3242 1674 3272 aurum
1689 3235 1734 3270 et
1749 3235 2000 3270 ornamenta

1113 3296 1295 3336 militum
1314 3296 1574 3348 significans,
1631 3295 1717 3335 Hic
1732 3305 1835 3344 ergo
1850 3293 1998 3332 statim

1113 3359 1336 3412 occupatis
1346 3359 1495 3399 insulis
1505 3356 1756 3408 Graecisque
1768 3355 1999 3405 littoribus,

1113 3421 1273 3462 bellum
1287 3422 1436 3462 intulit
1457 3433 1557 3473 pop.
1579 3420 1700 3459 Rom.
1728 3424 1773 3458 et
1794 3423 1993 3470 tanquam

1114 3485 1252 3526 victor
1272 3486 1360 3526 otia
1378 3486 1588 3535 luxusque
1604 3480 1794 3533 agitabat
1813 3494 1822 3520 :
1846 3481 1888 3520 in
1912 3482 1995 3520 Eu-

1114 3547 1208 3589 boea
1237 3549 1367 3601 juxta
1402 3547 1609 3599 Euripum
1645 3545 1795 3598 positis
1827 3545 1994 3597 castris,
