2346 3996
377 273 517 325 1372

374 402 599 452 aequalium
630 401 990 441 familiaritatibus
1008 407 1054 442 et
1071 415 1248 444 consue·

376 464 525 503 tudine
546 466 888 516 propinquorum,
910 464 1090 505 haberet
1116 465 1247 506 etiam

372 538 490 566 more
521 526 702 567 Graeciae
732 525 934 579 quosdam
954 527 1246 568 adolescentes

374 600 517 628 amore
551 590 818 641 conjunctos,
855 589 1063 631 credebat
1099 602 1244 631 eorum

374 651 560 700 nemini;
591 651 666 690 sed
700 651 766 703 iis,
799 664 902 704 quos
923 665 977 693 ex
994 651 1168 694 familiis
1184 655 1244 695 lo·

370 715 590 765 cupletum
622 727 765 755 servos
815 715 1049 769 delegerat,
1090 717 1242 769 quibus

370 788 523 816 nomen
553 776 774 817 servitutis
806 778 1072 831 detraxerat,
1090 787 1134 820 et
1154 781 1243 832 qui-

372 838 550 879 busdam
587 841 804 893 convenis,
841 848 887 882 et
918 841 1020 882 feris
1049 843 1241 884 barbaris

368 903 562 954 corporis
581 904 821 944 custodiam
836 905 1133 946 committebat
1150 919 1162 956 ;
1182 907 1245 946 ita

371 972 551 1018 propter
564 962 765 1019 injustam
785 969 1020 1009 dominatus
1040 970 1247 1022 cupidita-

368 1034 455 1069 tem
489 1031 531 1070 in
561 1043 780 1072 carcerem
811 1032 1122 1085 quodammodo
1150 1034 1244 1085 ipse

371 1104 417 1131 se
437 1093 697 1134 incluserat:
727 1095 979 1147 quinetiam,
998 1107 1051 1135 ne
1083 1097 1244 1136 tonsori

366 1158 524 1198 collum
570 1160 874 1212 committeret,
920 1161 1097 1200 tondere
1135 1160 1244 1200 filias

369 1232 467 1260 suas
488 1221 633 1263 docuit
651 1237 663 1272 ;
696 1224 756 1264 ita
775 1224 944 1264 sordido
965 1225 1245 1276 ancillarique

369 1283 550 1324 artificio
581 1287 711 1337 regiae
731 1286 916 1338 virgines
946 1292 995 1327 ut.
1014 1287 1243 1327 tonstricu-

367 1347 418 1385 1ae
463 1348 696 1388 tondebant
742 1350 917 1390 barbam
961 1356 1006 1390 et
1043 1350 1243 1402 capillum

368 1409 520 1458 patris.
577 1411 635 1450 Et
665 1417 809 1451 tamen
843 1411 895 1452 ab
920 1411 972 1451 iis
1004 1412 1127 1464 ipsis,
1147 1424 1243 1452 cum

361 1471 452 1522 jam
467 1474 959 1521 essentadultae,ferrum
975 1475 1169 1525 removit,
1180 1477 1241 1515 in-

354 1535 611 1589 sumitque,
624 1543 672 1578 ut
683 1538 960 1578 candentibus
971 1538 1241 1590 juglandium

365 1600 658 1650 putaminibus
686 1601 858 1642 barbam
879 1601 958 1642 sibi
973 1607 1019 1643 et
1038 1602 1242 1653 capillum

365 1662 614 1704 adurerent.
672 1664 778 1704 Cum
808 1665 912 1704 duas
935 1677 1088 1705 uxores
1112 1664 1243 1704 habe·

362 1731 446 1776 ret,
470 1725 794 1768 Aristomachen
815 1728 956 1768 civem
985 1739 1120 1778 suam,
1147 1727 1244 1768 Clo-

367 1788 506 1829 ridem
535 1796 677 1831 autem
707 1791 984 1842 Locrensem,
1014 1791 1075 1832 sic
1109 1797 1242 1832 noctu

367 1853 423 1892 ad
443 1865 516 1893 eas
533 1854 793 1906 ventitabat,
812 1861 861 1895 ut
891 1854 1032 1895 omnia
1050 1855 1240 1907 specula-

365 1921 502 1968 retur,
522 1923 568 1958 et
587 1922 928 1969 perscrutaretur
944 1923 1058 1970 ante,
1077 1924 1125 1959 et
1143 1930 1242 1958 cum

364 1980 521 2020 fossam
541 1982 669 2021 latam
686 1981 918 2022 cubiculari
933 1982 1047 2022 lecto
1061 1982 1241 2022 circum-

365 2043 572 2096 dedisset,
617 2045 795 2098 ejusque
844 2043 972 2084 fossae
1017 2044 1240 2084 transitum

365 2106 586 2157 ponticulo
618 2107 759 2158 ligneo
796 2106 1106 2157 conjunxisset,
1142 2118 1239 2147 eum

362 2170 519 2221 ipsum,
539 2181 636 2209 cum
655 2168 791 2209 forem
811 2168 995 2209 cubiculi
1012 2169 1240 2222 clauserat,

363 2231 669 2284 detorquebat.
724 2231 932 2284 Idemque
951 2242 1047 2271 cum
1061 2231 1105 2272 in
1124 2242 1239 2272 com-

362 2295 559 2335 munibus
608 2296 818 2347 suggestis
867 2295 1104 2335 consistere
1154 2306 1239 2335 non

365 2358 560 2409 auderet,
590 2357 837 2398 concionari
854 2370 907 2398 ex
928 2359 1016 2398 alta
1035 2358 1143 2398 turri
1171 2370 1239 2398 so-

361 2421 510 2470 lebat;
539 2426 670 2473 atque
689 2422 738 2468 is,
758 2433 856 2461 cum
876 2421 964 2473 pila
982 2422 1130 2461 ludere
1152 2423 1239 2462 vel-

362 2484 425 2523 let
461 2482 624 2535 (studio
660 2483 772 2523 enim
809 2483 881 2523 illo
921 2484 1240 2537 delectabatur)

362 2546 634 2599 tunicamque
670 2551 869 2598 poneret,
903 2547 1239 2597 adolescentulo,

365 2623 489 2662 quem
510 2611 698 2660 amabat,
719 2610 948 2650 tradidisse
968 2610 1155 2662 gladium
1177 2611 1239 2650 di·

364 2673 493 2712 citur.
536 2672 622 2713 Hic
641 2685 736 2713 cum
752 2673 924 2725 quidam
941 2672 1238 2725 familiarisjo·

361 2747 462 2776 cans
480 2735 673 2786 dixisset,
689 2735 786 2775 huic
817 2740 936 2775 certe
971 2736 1099 2776 vitam
1121 2742 1237 2776 tuam

362 2798 612 2849 committis,
640 2797 937 2849 arrisissetque
974 2797 1238 2848 adolescens,

361 2868 589 2914 utrumque
619 2861 751 2912 jussit
787 2860 999 2910 interfici;
1055 2862 1236 2901 alterum

362 2925 434 2978 qui
454 2924 563 2965 viam
582 2924 914 2965 demonstrasset
939 2923 1237 2973 interimendi3

362 2989 545 3028 alterum
595 2986 668 3039 qui
712 2986 754 3026 id
795 2986 880 3025 risu
922 2986 1234 3038 approbasset!

364 3050 474 3090 Haec
509 3050 676 3091 Cicero.
739 3049 855 3089 Hinc
889 3047 1015 3089 facile
1052 3050 1235 3101 intelligi

360 3118 520 3165 potest,
558 3125 682 3166 quam
716 3113 846 3153 miser
869 3112 1003 3153 fuerit
1031 3121 1234 3165 tyrannus

360 3178 443 3218 iste
463 3183 584 3218 tanta
601 3177 839 3229 suspicione
858 3177 1023 3228 plenus.
1055 3178 1161 3217 Οῑίυ.

420 3241 678 3281 Gaudentium
689 3239 956 3291 juglandium]
983 3239 1010 3281 J
1015 3251 1039 3281 u
1045 3240 1236 3291 glandes,

364 3313 477 3347 teste
498 3307 655 3355 Nonio,
674 3310 772 3345 sunt
790 3309 997 3356 agrestes.
1043 3305 1237 3345 Macrob.

362 3370 578 3410 Saturnal.
606 3369 680 3409 lib.
713 3380 765 3408 11.
798 3380 836 3408 c.
870 3370 936 3407 14.
992 3367 1123 3408 ‘Nux
1153 3368 1238 3407 ista

361 3432 727 3485 juglans‚'inquit‚
746 3433 759 3454 ‘
772 3430 1003 3471 secundum
1021 3431 1240 3472 nonnullo-

366 3508 455 3536 rum
484 3495 743 3549 opinionem,
761 3505 784 3534 a
797 3493 989 3547 juvando
1019 3500 1062 3533 et
1082 3494 1238 3545 glande

954 286 1132 325 NOTAE
1178 288 1450 328 VARIORU
1465 291 1505 328 M
1548 291 1611 329 IN

1310 404 1424 446 dicta
1437 407 1736 448 existimatur.'
1767 408 1949 448 Gravius
1961 419 2063 448 vero
2077 408 2182 450 Bas-

1310 480 1379 507 sus
1413 469 1486 509 lib.
1522 470 1575 510 de
1607 469 1926 522 Significatione
1958 470 2183 511 verborum

1308 530 1388 569 hoc
1424 530 1583 571 refert:
1613 532 1819 583 ‘Juglans
1849 533 1974 572 arbor
2002 533 2182 584 perinde

1309 592 1430 633 dicta
1459 600 1542 643 est,
1570 606 1619 634 ac
1649 596 1769 636 Jovis
1790 597 1936 647 glans;
1965 607 2062 635 nam
2082 596 2183 648 quia

1309 653 1354 693 id
1387 656 1549 695 arboris
1582 669 1713 706 genus
1747 670 1878 698 nuces
1911 658 2058 710 habet,
2086 669 2182 711 quae

1310 723 1406 756 sunt
1440 719 1635 758 suaviore
1673 732 1842 771 sapore,
1898 732 2024 772 quam
2059 721 2183 772 glans

1311 785 1392 830 est,
1429 780 1540 820 hunc
1577 780 1763 821 fructum
1801 781 1964 834 antiqui
1997 782 2076 832 illi,
2109 785 2180 835 qui

1310 844 1546 894 egregium,
1565 845 1795 896 glandique
1814 845 2009 896 similem,
2029 846 2183 898 ipsam-

1307 916 1390 957 que
1425 905 1619 946 arborem
1647 907 1744 947 Deo
1771 906 1940 958 dignam
1968 907 2184 950 existima-

1307 967 1429 1019 bant,
1458 968 1591 1019 Jovis,
1609 969 1807 1020 glandem
1844 970 2186 1022 appellaverunt,

1310 1032 1381 1083 qui
1402 1043 1513 1072 nunc
1532 1033 1667 1072 literis
1695 1033 1899 1073 interlisis
1912 1033 2090 1087 juglans
2109 1045 2183 1073 no-

1307 1095 1522 1136 minatur!
1567 1097 1636 1136 De
1652 1108 1829 1148 quarum
1847 1097 1994 1148 specie
2014 1096 2182 1136 Plinius

1308 1157 1440 1198 multa
1479 1158 1601 1198 dicit.
1628 1160 1756 1199 Idem.
1827 1159 2086 1200 Gaudentium
2110 1159 2189 1213 ju-¹

1301 1221 1525 1272 glandium]
1562 1221 1848 1262 Incensarum.
1878 1223 2108 1262 Putamina
2143 1233 2184 1261 e-

1305 1282 1392 1320 nim
1411 1295 1582 1331 nucum,
1614 1296 1665 1323 eo
1696 1283 1809 1336 quod
1835 1284 2023 1336 pinguia,
2042 1283 2177 1326 facili-

1306 1350 1373 1384 ter
1386 1344 1687 1397 incenduntur,
1707 1352 1967 1400 tenuemque
1980 1348 2182 1397 calorem,

1306 1407 1381 1447 sed
1399 1408 1530 1448 latam
1549 1407 1760 1450 flammam
1788 1409 1993 1450 emittunt
2012 1410 2085 1450 tali
2105 1410 2181 1464 mi-

1302 1472 1481 1513 nisterio
1519 1485 1604 1514 non
1632 1474 1839 1527 ineptam,
1869 1475 2101 1528 statimque
2137 1474 2181 1515 in

1304 1534 1512 1576 carbones
1548 1542 1789 1578 vertuntur.
1832 1537 1959 1578 Unde
1995 1537 2182 1579 carbone

1306 1598 1518 1639 candente
1556 1600 1707 1640 Cicero
1743 1612 1839 1641 usas
1865 1600 1984 1641 dicit.
2013 1600 2181 1641 Badius.

1311 1664 1369 1702 Ut
1398 1665 1644 1704 candentium
1667 1665 1920 1715 ,iuglandium
1947 1668 2016 1707 aut
2041 1677 2183 1707 nucum

1299 1726 1586 1778 putaminibus]
1618 1727 1688 1767 Ita
1723 1727 1862 1780 vulgo.
1917 1727 2081 1778 Verba,
2113 1732 2182 1768 auc

1301 1801 1455 1841 nucum,
1485 1800 1509 1828 e
1534 1790 1794 1841 glossemate
1813 1790 2019 1841 adJuncta
2038 1789 2180 1830 viden-

1303 1855 1412 1903 tur:>
1430 1858 1499 1892 est
1523 1852 1636 1898 enim
1661 1864 1816 1893 nucum
1836 1865 1971 1905 genus
1991 1853 2181 1906 juglans.

1305 1914 1458 1956 Cicero
1476 1915 1645 1957 Tuscul.
1664 1928 1710 1956 v.
1739 1915 1887 1957 iisdem
1908 1929 2020 1970 pene
2040 1918 2183 1958 verbis

1302 1977 1397 2018 haec
1430 1978 1563 2019 dicit:
1593 1980 1605 2002 ‘
1623 1980 1681 2019 Et
1710 1985 1853 2020 tamen
1880 1979 1934 2020 ab
1965 1980 2049 2021 illis
2078 1981 2181 2033 ipsis

1303 2054 1400 2082 cum
1413 2043 1504 2094 jam
1525 2048 1670 2083 essent
1691 2043 1850 2083 adultae
1865 2041 2027 2085 ferrum
2045 2056 2182 2085 remo·

1303 2105 1394 2155 vit;
1422 2106 1690 2159 instituitque
1709 2110 1760 2146 ut
1785 2106 2069 2148 candentibus
2081 2108 2181 2160 jug-

1302 2167 1489 2208 landium
1520 2168 1810 2220 putaminibus
1828 2168 2008 2210 barbam
2035 2169 2183 2211 sibiet

1301 2230 1502 2283 capillum
1522 2230 1791 2273 adurerent?
1824 2231 1948 2283 Pigh.

1359 2293 1571 2346 Excussae]
1597 2294 1811 2335 Scrutatae
1839 2300 1885 2335 et
1908 2294 2179 2350 investigatae

1303 2368 1357 2396 an
1376 2355 1535 2398 ferrum
1556 2357 1750 2398 haberet.

1358 2420 1470 2460 CAP.
1487 2432 1587 2460 x1v.
1615 2420 1772 2461 Aleiore
1790 2420 1988 2474 doctrina]
2013 2420 2183 2473 Alludit

1303 2481 1356 2522 ad
1390 2481 1660 2535 Anaxagorae
1692 2482 1983 2525 Homoeomer.
2016 2484 2070 2525 de
2097 2497 2183 2538 qua

1304 2545 1431 2586 Lucr.
1463 2547 1474 2568 ‘
1493 2545 1621 2586 Nunc
1658 2546 1711 2586 ad
1745 2546 2014 2598 Anaxagorae
2039 2547 2183 2588 venia-

1302 2623 1394 2651 mus
1425 2610 1816 2653 Homoeomeriam.’
1850 2613 2050 2654 Servius:
2078 2613 2183 2654 ‘Se-

1301 2675 1487 2715 cundum
1524 2675 1841 2728 Anaxagoram,
1878 2677 1950 2730 qui
1983 2677 2182 2719 Homoeo-

1302 2738 1479 2778 merlam
1500 2737 1626 2788 dicit,
1655 2739 1697 2778 id
1732 2743 1818 2790 est,
1844 2739 2030 2780 omnium
2048 2751 2180 2780 mem-

1300 2802 1471 2841 brorum
1505 2801 1838 2853 similitudinem,
1855 2814 1952 2843 esse
1983 2803 2026 2843 in
2050 2803 2178 2845 rebus

1300 2865 1508 2914 creandis,
1529 2866 1568 2904 id
1590 2871 1674 2915 est,
1686 2878 1739 2905 ex
1755 2865 1937 2917 ossibus,
1954 2867 2178 2919 sanguine,

1300 2940 1350 2968 ac
1371 2927 1598 2968 medullis!
1645 2930 1760 2979 Lege
1781 2929 2060 2971 Plutarchum
2079 2930 2179 2975 Pla-

1300 2991 1396 3031 citis
1418 2991 1492 3031 lib.
1516 3002 1561 3030 v.
1588 3002 1682 3042 cap.
1703 2995 1770 3032 11.
1791 2997 1836 3032 et
1865 2995 1934 3032 12.
1987 2991 2177 3042 Plinium

1303 3053 1380 3093 lib.
1422 3064 1505 3093 vu.
1541 3054 1731 3094 Solinum
1767 3066 1861 3106 cap.
1898 3053 1953 3094 de
1981 3054 2178 3097 Homine.

1303 3119 1434 3158 Coler.

1356 3180 1588 3231 Contextui]
1616 3179 1924 3232 compositioni
1942 3179 2176 3234 sanguinis.

1355 3244 1437 3284 Nec
1477 3256 1643 3295 parvum
1671 3242 1962 3294 argumentum]
2009 3242 2176 3289 Horum

1299 3305 1654 3357 Philosophorum
1704 3306 1942 3358 opinionem
1985 3306 2176 3359 sequitur

1300 3369 1463 3408 Solinus
1495 3369 1639 3419 capite
1670 3368 1829 3420 quinto.
1885 3368 2003 3408 Dicit
2031 3368 2172 3410 enim:

1299 3437 1310 3454 ‘
1329 3431 1426 3473 Jam
1449 3442 1549 3470 vero
1570 3430 1642 3482 qui
1657 3429 1842 3477 defixum
1863 3431 2044 3470 animum
2063 3427 2173 3481 rese·

1302 3501 1367 3536 rat
1387 3494 1439 3535 ad
1457 3493 1776 3535 similitudinum
1792 3506 1954 3545 causas,
1969 3499 2172 3547 quantum
