2346 3996
579 305 839 346 VALERu
882 303 1125 343 MAlel
1168 305 1286 343 ma.
1327 306 1463 346 vm.
1506 305 1640 345 cAP.
1669 292 1755 344 ll.

260 428 364 470 bat:
393 427 406 450 ⁶
422 426 491 467 An
509 436 610 466 vero
625 437 723 466 cum
734 423 960 475 Pericles,'
980 423 1134 476 iuquit,

258 491 272 514 ‘
293 489 575 532 Athenienses
604 489 762 531 milites
791 488 903 528 Solis
939 488 1134 528 obscura·

261 555 379 594 tione
398 551 586 602 territos,
600 550 779 592 redditis
792 552 929 592 causis
945 551 1035 604 ejus
1057 550 1134 602 rei,

260 621 379 657 metu
398 615 633 656 liberavit?
686 614 778 660 Aut
806 627 904 656 cum
922 614 1134 667 Sulpicius

258 680 333 720 ille
352 679 502 720 Gallus
531 679 575 719 in
604 679 801 720 exercitu
835 680 884 720 L.
913 678 1053 719 Paulli
1082 678 1136 718 de

261 744 394 784 Luna».
413 741 658 785 defectione
680 744 894 795 disseruit,
922 756 993 795 ne,
1020 743 1138 783 velut

261 806 461 860 prodigio
480 808 684 849 divinitus
700 807 832 860 facto,
851 808 1034 849 militum
1052 808 1138 848 ani-

259 872 318 912 mi
338 878 621 923 terrerentur,
638 884 723 912 non
740 872 912 913 videtur
931 884 1028 912 usus
1048 884 1141 912 ora-

262 939 371 979 toris
401 935 539 978 officio
555 937 586 977 ?’
618 939 765 978 Oliver.
818 937 987 991 Sulpicii
1008 937 1140 990 Galli]

261 1002 348 1044 Qui
371 1002 532 1055 primus
559 1002 768 1042 rationem
799 1000 998 1043 defectus
1026 1002 1141 1043 luna-

262 1065 322 1105 ris
355 1065 516 1117 docuit,
555 1071 709 1117 postea
756 1063 877 1106 edito
929 1066 1142 1106 volumine

262 1134 378 1170 teste
397 1128 562 1170 Plinio.
620 1127 750 1180 Apud
771 1129 951 1169 Graecos
983 1128 1143 1180 primus

263 1193 444 1245 eclipsin
487 1192 691 1246 praedixit
736 1194 892 1234 Thales
929 1193 1141 1235 Milesius.

264 1255 394 1297 eoler.
1063 1310 1065 1312 V

317 1319 366 1361 L.
403 1319 559 1371 Paulli]
607 1319 866 1361 Plutarchus
903 1320 948 1360 in
989 1318 1143 1361 Paullo

263 1381 433 1424 AEmilio
451 1383 587 1423 multo
606 1383 744 1423 aliter.
772 1385 943 1424 Corrad.

318 1445 501 1487 Siderum
523 1446 688 1498 natura]
716 1448 941 1490 Quomodo
970 1460 1048 1500 per
1081 1449 1144 1488 in-

264 1510 587 1562 terpositionem
619 1517 749 1551 terrae
784 1513 895 1552 inter
927 1512 1069 1553 Solem
1101 1520 1147 1554 et

264 1573 447 1627 Lunam,
462 1575 598 1624 Luna,
616 1587 710 1628 quae
731 1589 756 1616 a
774 1576 871 1616 Sole
890 1577 1037 1618 lumen
1059 1590 1147 1617 mu·

264 1642 426 1689 tuatur,
444 1637 669 1678 deficeret.
699 1639 806 1684 Bad.

320 1701 388 1752 §2
418 1701 512 1741 Idus
541 1703 734 1756 Martias]
772 1703 957 1744 Constat
994 1703 1146 1745 Idibus

263 1763 435 1822 Martiis
455 1777 611 1818 caesum
631 1765 759 1807 fuisse
780 1767 997 1813 Caesarem
1016 1768 1060 1808 in
1078 1769 1147 1809 Se-

265 1833 387 1878 natu,
427 1833 536 1870 teste
575 1829 735 1871 Ovidio
774 1831 891 1874 Fast.
928 1843 1000 1874 111.
1031 1833 1148 1873 circa

262 1889 408 1932 finem.
439 1892 593 1934 Oliver.

318 1955 375 1994 Et
395 1967 481 1996 cum
500 1957 613 2005 sorte
632 1969 744 1998 mane
759 1960 944 2012 uterque]
970 1958 1041 1999 Ita
1061 1961 1150 2000 vul-

271 2029 341 2071 go.
385 2017 437 2059 In
457 2019 675 2061 veteribus
693 2020 842 2062 libris:
864 2023 924 2062 Eo
943 2035 1030 2063 cum
1039 2022 1151 2073 forte

267 2094 394 2125 mane.
433 2083 619 2124 Melius:
650 2089 698 2125 ut
719 2084 939 2127 referatur
966 2086 1019 2127 ad
1035 2087 1150 2128 diem

259 2147 419 2188 ‘Iduum
439 2149 712 2193 Martiarum.
740 2151 864 2202 Pigk.

321 2211 436 2252 Err-
465 2213 488 2265 ς
509 2215 530 2252 l
555 2212 772 2254 Obscuram
787 2215 899 2267 Sole]
922 2216 1150 2257 Frontinus

267 2279 414 2315 tamen
434 2275 546 2316 libro
575 2287 606 2318 1.
629 2289 723 2330 cap.
745 2279 823 2319 ult.
846 2280 973 2320 aliter
991 2281 1151 2322 sentire

266 2337 452 2380 videtur.
495 2339 615 2380 Dicit
631 2342 769 2383 enim=
789 2342 801 2365 ‘
819 2342 1033 2397 Pericles,
1053 2357 1150 2385 cum

265 2401 308 2443 in
329 2408 472 2442 castra
490 2402 581 2455 ejus
600 2401 760 2445 fulmen
779 2404 1032 2460 decidisset,
1064 2413 1149 2449 ter-

267 2465 512 2520 ruissetque
564 2467 735 2522 milites,
786 2470 1001 2513 advocata
1049 2485 1149 2514 con-

265 2529 405 2583 cione,
429 2530 641 2582 lapidibus
674 2532 718 2572 in
754 2538 1032 2586 conspectum
1060 2549 1150 2577 >om·

265 2593 384 2639 nium
413 2594 588 2648 collisis,
615 2596 760 2648 ignem
789 2599 998 2650 excussit,
1027 2602 1151 2642 seda-

265 2657 416 2713 vitqne
441 2659 828 2715 conturbationem,
856 2676 954 2704 cum
983 2663 1149 2707 docuis-

264 2726 334 2762 set
368 2721 567 2763 similiter
598 2724 776 2767 nubium
811 2727 966 2770 attritu
1001 2732 1150 2771 excuti

262 2782 452 2826 fulmen!
484 2786 638 2829 oliver.

317 2847 590 2893 Sollicitudiue
606 2853 838 2907 agerentur]
858 2854 1147 2897 Concuteren-

264 2916 338 2952 tur
356 2913 662 2957 sollieitudine.
691 2916 800 2960 Baa.
880 2954 884 2958 ,

319 2975 387 3016 Aa
405 2974 510 3016 Solis
525 2981 565 3017 et
584 2978 712 3019 Lunae
742 2982 915 3035 cursum]
945 2982 1073 3035 Quia,
1099 2989 1150 3025 ut

265 3049 397 3090 supra
431 3039 632 3093 diximus,
667 3055 765 3083 cum
803 3044 1149 3097 hemisphaerium

268 3101 402 3146 Lunae
436 3103 567 3143 solari
604 3104 660 3145 sit
695 3104 891 3158 inferius,
942 3110 1148 3164 Lunaque

269 3175 441 3218 semper
474 3166 627 3207 tendat
665 3167 710 3209 in
750 3169 988 3224 obliquum,
1032 3172 1149 3215 forte

269 3241 366 3269 cum
404 3229 458 3270 ad
498 3232 856 3284 perpendiculum
891 3235 982 3291 Soli
1016 3236 1150 3280 fuerit

257 3292 481 3343 opposita,
509 3294 602 3346 ejus
634 3296 798 3350 excipit
830 3298 990 3352 radios,
1020 3307 1070 3342 ut
1095 3302 1149 3342 ad

266 3365 343 3393 nos
377 3357 605 3407 pervenire
635 3371 721 3401 non
753 3363 935 3416 possint,
965 3369 1010 3405 et
1047 3365 1149 3406 iude

206 3459 209 3464 ,
267 3427 385 3469 saepe
405 3419 594 3461 tenebrae
615 3424 1019 3475 superinducuntur.
1042 3429 1148 3471 Oliv.

321 3480 345 3532 ς
363 3482 390 3520 2
420 3481 636 3535 Quantum,
653 3485 740 3541 εμπ]
770 3486 1008 3532 Plurimum
1024 3491 1149 3531 attri-

265 3541 359 3589 buit
377 3543 459 3588 arti
478 3543 742 3602 Alexander,
768 3551 840 3605 qui
870 3565 895 3593 a
922 3554 1037 3598 nullo
1056 3554 1149 3609 pin,-

1936 294 2079 347 1305

1198 423 1238 475 gi
1268 436 1349 465 nec
1368 424 1472 478 fingi
1495 425 1696 476 voluerit,
1728 424 1810 464 nisi
1831 423 1883 464 ab
1903 424 1983 475 his,
2006 427 2081 478 qui

1197 489 1381 529 omnium
1419 488 1765 542 praestantissimi
1786 500 1862 528 suo
1883 493 2081 541 tempore

1198 548 1359 602 forent,
1387 551 1543 605 Apelle
1578 552 1743 594 scilicet
1775 557 1906 606 atque
1929 553 2081 605 Lysip-

1199 625 1269 665 po.
1326 616 1397 654 De
1419 616 1571 669 quibus
1601 616 1808 656 Horatius
1836 616 1975 668 Epist.
2004 616 2082 658 lib.

1198 677 1279 718 ult.
1307 678 1318 698 ‘
1340 678 1432 718 Rex
1447 679 1523 720 ille
1543 679 1696 732 poema
1714 681 1799 723 Qui
1819 686 1906 721 tam
1927 680 2084 721 ridicu-

1200 741 1286 780 lum
1312 746 1401 782 tam
1423 754 1521 782 care
1542 744 1748 796 prodigus
1775 744 1895 795 emit,
1924 744 2084 785 Edicto

1203 805 1354 857 vetuit,
1384 819 1439 847 ne
1468 807 1561 860 quis
1598 821 1643 848 se
1684 815 1846 861 praeter
1883 807 2087 860 Apellem

1205 870 1428 922 Pingeret,
1459 878 1533 914 aut
1565 874 1671 913 alius
1693 874 1884 926 Lysippo
1903 873 2088 914 duceret

1204 947 1291 975 aera
1309 936 1450 976 Fortis
1467 935 1705 977 Alexandri
1725 939 1866 978 vultus
1887 939 2088 979 simulan-

1205 998 1295 1041 tia:
1364 999 1520 1041 Cicero
1557 1013 1726 1053 quoque
1765 1002 1907 1053 Epist.
1943 1002 1995 1041 ad
2035 1003 2089 1043 L.

1204 1061 1459 1104 Lucceium:
1485 1063 1497 1086 ‘
1516 1063 1671 1116 Neque
1687 1064 1798 1103 enim
1815 1064 2092 1116 Alexander-,⁹

1205 1125 1360 1179 inquit,
1390 1127 1496 1168 ‘ille
1527 1127 1678 1180 gratiae
1713 1138 1842 1167 causa
1863 1127 1916 1167 ab
1940 1127 2093 1178 Apelle

1205 1192 1473 1242 potissimum
1494 1191 1629 1245 pingi,
1656 1196 1701 1232 et
1721 1205 1745 1232 a
1764 1192 1959 1244 Lysippo
1986 1190 2092 1245 fingi

1205 1256 1401 1307 volebat3
1422 1257 1495 1297 sed
1514 1257 1627 1309 quod
1644 1256 1810 1296 illorum
1833 1263 1972 1297 artem
1994 1269 2092 1297 cum

1205 1320 1323 1373 ipsis,
1349 1326 1439 1361 tum
1459 1321 1589 1362 etiam
1611 1320 1692 1361 sihi
1714 1320 1861 1372 gloriae
1890 1319 1984 1360 fore
2016 1333 2094 1372 pu-

1206 1385 1347 1437 tebat,
1376 1390 1506 1439 atque
1555 1386 1616 1426 illi
1660 1385 1848 1426 artifices
1901 1386 2094 1438 corporis

1207 1448 1435 1488 simulacra
1485 1448 1641 1501 ignotis
1697 1455 1798 1489 nota
1847 1447 2096 1489 faciebant!

1207 1513 1309 1554 Fuit
1342 1513 1455 1552 enim
1495 1512 1674 1565 Apelles
1714 1512 1858 1564 pictor
1897 1512 2096 1563 eximius,

1209 1575 1351 1627 patria
1371 1576 1502 1627 Coiis,
1530 1575 1699 1628 ingenio
1720 1582 1765 1616 et
1784 1576 1936 1628 gratia,
1965 1582 2013 1618 ut
2033 1577 2095 1616 in-

1207 1640 1301 1693 quit
1339 1637 1647 1693 Quintilianus,
1689 1641 2095 1694 praestantissimus:

1209 1703 1299 1756 qui,
1311 1709 1424 1745 teste
1439 1705 1603 1755 Plinio,
1618 1716 1766 1745 omnes
1782 1705 1899 1756 prius
1913 1704 2098 1757 genitos,

1209 1763 1464 1821 futurosque
1485 1775 1654 1821 postea,
1679 1769 1916 1821 superavit,
1945 1774 1990 1809 et
2019 1769 2100 1809 arti

1212 1846 1317 1886 suae,
1343 1834 1424 1874 hoc
1461 1840 1545 1881 est,
1584 1835 1785 1886 picturae,
1822 1835 1946 1886 plura
1983 1835 2099 1875 solus

1213 1909 1365 1950 prope,
1393 1910 1518 1951 quam
1540 1898 1687 1938 caeteri
1716 1910 1880 1949 omnes,
1909 1899 2102 1940 contulit.

1212 1962 1383 2002 Summe
1407 1962 1601 2004 laudavit
1621 1961 1789 2002 Plinius
1808 1963 2024 2003 Venerem
2046 1962 2100 2003 ab

1213 2038 1266 2066 eo
1298 2026 1460 2079 pictam
1494 2031 1725 2068 exeuntem
1759 2039 1784 2067 e
1816 2027 1940 2073 mari,
1973 2039 2102 2080 quam

1214 2095 1366 2141 postea
1395 2091 1573 2132 Romam
1603 2090 1836 2131 adductam
1857 2091 1993 2131 Divus
2012 2089 2102 2131 Au-

1214 2160 1365 2205 gustus
1382 2153 1546 2195 dicavit
1567 2153 1788 2206 intemplo
1809 2154 2011 2204 Caesaris,
2028 2166 2101 2195 cn-

1203 2217 1279 2273 jus
1297 2215 1547 2258 inferiorem
1569 2221 1737 2269 partem
1759 2223 2008 2269 corruptam
2028 2217 2102 2270 qui

1213 2278 1419 2321 reficeret
1437 2292 1521 2321 non
1538 2281 1680 2333 potuit
1696 2279 1891 2332 reperiri.
1919 2280 2105 2321 Inchoa-

1215 2344 1344 2384 vitet
1361 2344 1505 2395 aliam,
1534 2349 1650 2385 teste
1683 2344 1845 2394 Plinio,
1871 2344 1939 2385 cui
1973 2345 2102 2386 etiam

1214 2406 1327 2447 illam
1348 2419 1467 2447 suam
1485 2407 1676 2460 priorem
1697 2406 1852 2448 invidit
1872 2419 1986 2448 mors
2002 2419 2102 2460 per-

1214 2476 1315 2511 aeta
1355 2477 1496 2522 parte.
1565 2472 1662 2512 Nec
1714 2471 1787 2523 qui
1843 2470 2104 2512 succederet

1213 2534 1336 2585 operi
1371 2533 1425 2574 ad
1459 2535 1719 2587 praescripta
1748 2534 2009 2576 lineamenta
2039 2536 2103 2576 in-

1214 2602 1368 2638 ventus
1415 2602 1496 2639 est.
1565 2598 1694 2639 Unde
1735 2599 1890 2640 Cicero
1924 2600 2038 2642 libro
2070 2612 2104 2643 1.

1214 2660 1352 2713 Epist.
1399 2661 1454 2702 ad
1506 2661 1769 2705 Lentulum:
1821 2668 1833 2686 ‘
1874 2663 2004 2706 Nunc
2055 2670 2105 2705 ut

1213 2724 1391 2776 Apelles
1427 2725 1611 2766 Veneris
1665 2730 1799 2779 caput
1845 2732 1890 2766 et
1941 2740 2106 2769 summa

1212 2788 1402 2841 pectoris
1424 2789 1678 2841 politissima
1698 2794 1793 2830 arte
1814 2789 2010 2846 perfecit,
2038 2805 2104 2832 re-

1211 2851 1368 2905 liquam
1414 2858 1580 2905 partem
1619 2853 1814 2905 corporis
1854 2853 2102 2897 inchoatam

1211 2914 1418 2968 reliquit?
1474 2914 1598 2955 Idem
1623 2915 1697 2956 lib'.
1718 2914 1807 2958 Off.
1828 2928 1901 2957 111.
1927 2919 1939 2941 ‘
1962 2918 2103 2960 Nemo

1211 2980 1354 3032 pictor
1387 2983 1584 3031 repertus
1603 2983 1685 3030 est,
1714 2980 1787 3033 qui
1806 2980 1989 3022 Veneris
2009 2993 2102 3023 eam

1211 3049 1396 3096 partem,
1425 3054 1554 3096 quam
1573 3041 1749 3095 Apelles
1767 3043 2010 3085 inchoatam
2038 3057 2104 3085 re-

1210 3107 1422 3160 liquisset,
1442 3106 1705 3147 absolveret.
1752 3105 1853 3146 Oris
1874 3107 1987 3146 enim
2007 3109 2102 3159 pul-

1211 3170 1411 3211 chritudo
1458 3169 1614 3223 reliqui
1640 3171 1642 3173 ’
1667 3169 1859 3220 corporis
1904 3169 2103 3211 imitandi

1211 3248 1332 3289 spem
1363 3234 1617 3276 auferebat!
1673 3234 1827 3275 Pinxit
1846 3239 1891 3274 et
1910 3234 2101 3279 Alexan-

1213 3300 1334 3340 drum
1362 3299 1567 3351 Magnum
1599 3296 1762 3338 fulmen
1796 3303 2020 3340 tenentem
2053 3300 2100 3341 in

1213 3363 1374 3416 templo
1412 3361 1611 3413 Ephesiae
1645 3359 1815 3412 Dianae,
1853 3367 1899 3401 et
1935 3361 2100 3405 fulmen

1211 3426 1338 3468 eitra
1365 3425 1553 3467 tabulam
1573 3423 1723 3475 videri,
1753 3424 1991 3466 scribentes
2010 3438 2099 3468 me-

1211 3491 1440 3533 minerunt.
1483 3486 1639 3529 Refert
1656 3486 1761 3527 item
1782 3487 1967 3542 Plinius,
1983 3492 2099 3544 quod

1212 3553 1355 3607 pinxit
1390 3563 1459 3603 ea,
1499 3561 1598 3604 quae
1633 3548 1757 3603 pingi
1784 3561 1871 3593 non
1906 3560 2098 3607 possunt,
