<?xml version="1.0" encoding="UTF-8"?>
<!DOCTYPE html PUBLIC "-//W3C//DTD XHTML 1.0 Transitional//EN"
    "http://www.w3.org/TR/xhtml1/DTD/xhtml1-transitional.dtd">
<html xmlns="http://www.w3.org/1999/xhtml" xml:lang="en" lang="en">
 <head>
  <title>
</title>
<meta http-equiv="Content-Type" content="text/html;charset=utf-8" />
  <meta name='ocr-system' content='tesseract 3.04.00' />
  <meta name='ocr-capabilities' content='ocr_page ocr_carea ocr_par ocr_line ocrx_word'/>
</head>
<body>
  <div class='ocr_page' id='page_1' title='image "./factorumdictorum03valeuoft_0248.png"; bbox 0 0 2320 4004; ppageno 0'>
   <div class='ocr_carea' id='block_1_1' title="bbox 416 314 553 397">
    <p class='ocr_par' dir='ltr' id='par_1_1' title="bbox 416 314 553 397">
     <span class='ocr_line' id='line_1_1' title="bbox 416 314 553 397; baseline 0.015 -32"><span class='ocrx_word' id='word_1_1' title='bbox 416 314 553 397; x_wconf 36' lang='grc' dir='ltr'><strong>ωε,</strong></span> 
     </span>
    </p>
   </div>
   <div class='ocr_carea' id='block_1_2' title="bbox 407 441 1300 3587">
    <p class='ocr_par' dir='ltr' id='par_1_2' title="bbox 407 441 1290 1882">
     <span class='ocr_line' id='line_1_2' title="bbox 407 441 1286 495; baseline -0.001 -12"><span class='ocrx_word' id='word_1_2' title='bbox 407 444 482 495; x_wconf 89' lang='lat' dir='ltr'><strong>qui</strong></span> <span class='ocrx_word' id='word_1_3' title='bbox 500 442 639 484; x_wconf 87' lang='lat' dir='ltr'><strong>omnia</strong></span> <span class='ocrx_word' id='word_1_4' title='bbox 660 454 748 495; x_wconf 86' lang='lat' dir='ltr'><strong>prae</strong></span> <span class='ocrx_word' id='word_1_5' title='bbox 772 441 932 482; x_wconf 88' lang='lat' dir='ltr'><strong>divitiis</strong></span> <span class='ocrx_word' id='word_1_6' title='bbox 961 442 1142 482; x_wconf 89' lang='lat' dir='ltr'><strong>humana</strong></span> <span class='ocrx_word' id='word_1_7' title='bbox 1171 455 1286 495; x_wconf 86' lang='lat' dir='ltr'><strong>sper-</strong></span> 
     </span>
     <span class='ocr_line' id='line_1_3' title="bbox 409 507 1287 560; baseline 0 -13"><span class='ocrx_word' id='word_1_8' title='bbox 409 514 532 559; x_wconf 89' lang='lat' dir='ltr'><strong>nunt,</strong></span> <span class='ocrx_word' id='word_1_9' title='bbox 548 520 684 560; x_wconf 91' lang='lat' dir='ltr'><strong>neque</strong></span> <span class='ocrx_word' id='word_1_10' title='bbox 705 507 851 547; x_wconf 88' lang='lat' dir='ltr'><strong>honori</strong></span> <span class='ocrx_word' id='word_1_11' title='bbox 871 518 1023 558; x_wconf 88' lang='lat' dir='ltr'><strong>magno</strong></span> <span class='ocrx_word' id='word_1_12' title='bbox 1044 507 1200 556; x_wconf 88' lang='lat' dir='ltr'><strong>locum,</strong></span> <span class='ocrx_word' id='word_1_13' title='bbox 1215 519 1287 547; x_wconf 88' lang='lat' dir='ltr'><strong>ne-</strong></span> 
     </span>
     <span class='ocr_line' id='line_1_4' title="bbox 409 568 1287 622; baseline -0.001 -13"><span class='ocrx_word' id='word_1_14' title='bbox 409 582 494 622; x_wconf 89' lang='lat' dir='ltr'><strong>que</strong></span> <span class='ocrx_word' id='word_1_15' title='bbox 524 570 675 610; x_wconf 88' lang='lat' dir='ltr'><strong>virtuti</strong></span> <span class='ocrx_word' id='word_1_16' title='bbox 706 575 861 621; x_wconf 88' lang='lat' dir='ltr'><strong>putant</strong></span> <span class='ocrx_word' id='word_1_17' title='bbox 893 580 1004 619; x_wconf 87' lang='lat' dir='ltr'><strong>esse,</strong></span> <span class='ocrx_word' id='word_1_18' title='bbox 1037 569 1119 608; x_wconf 90' lang='lat' dir='ltr'><strong>nisi</strong></span> <span class='ocrx_word' id='word_1_19' title='bbox 1152 568 1287 609; x_wconf 83' lang='lat' dir='ltr'><strong>effuse</strong></span> 
     </span>
     <span class='ocr_line' id='line_1_5' title="bbox 410 631 1288 684; baseline 0.001 -12"><span class='ocrx_word' id='word_1_20' title='bbox 410 631 586 672; x_wconf 87' lang='lat' dir='ltr'><strong>affluant</strong></span> <span class='ocrx_word' id='word_1_21' title='bbox 621 645 741 684; x_wconf 89' lang='lat' dir='ltr'><strong>opes.</strong></span> <span class='ocrx_word' id='word_1_22' title='bbox 807 633 915 684; x_wconf 84' lang='lat' dir='ltr'>Spes</span> <span class='ocrx_word' id='word_1_23' title='bbox 957 634 1083 673; x_wconf 91' lang='lat' dir='ltr'><strong>unica</strong></span> <span class='ocrx_word' id='word_1_24' title='bbox 1124 633 1288 684; x_wconf 85' lang='lat' dir='ltr'><strong>imperii</strong></span> 
     </span>
     <span class='ocr_line' id='line_1_6' title="bbox 408 695 1287 748; baseline 0 -13"><span class='ocrx_word' id='word_1_25' title='bbox 408 697 556 748; x_wconf 88' lang='lat' dir='ltr'><strong>populi</strong></span> <span class='ocrx_word' id='word_1_26' title='bbox 585 695 767 735; x_wconf 88' lang='lat' dir='ltr'><strong>Romani</strong></span> <span class='ocrx_word' id='word_1_27' title='bbox 798 696 846 735; x_wconf 86' lang='lat' dir='ltr'><strong>L.</strong></span> <span class='ocrx_word' id='word_1_28' title='bbox 869 696 1090 738; x_wconf 80' lang='lat' dir='ltr'><strong>Quinctius</strong></span> <span class='ocrx_word' id='word_1_29' title='bbox 1120 697 1287 736; x_wconf 88' lang='lat' dir='ltr'><strong>Cincin·</strong></span> 
     </span>
     <span class='ocr_line' id='line_1_7' title="bbox 409 758 1287 810; baseline -0.001 -12"><span class='ocrx_word' id='word_1_30' title='bbox 409 766 531 798; x_wconf 87' lang='lat' dir='ltr'><strong>natus</strong></span> <span class='ocrx_word' id='word_1_31' title='bbox 550 764 668 798; x_wconf 88' lang='lat' dir='ltr'><strong>trans</strong></span> <span class='ocrx_word' id='word_1_32' title='bbox 693 758 895 810; x_wconf 82' lang='lat' dir='ltr'>Tyberim</span> <span class='ocrx_word' id='word_1_33' title='bbox 927 764 1078 799; x_wconf 88' lang='lat' dir='ltr'><strong>contra</strong></span> <span class='ocrx_word' id='word_1_34' title='bbox 1105 770 1199 798; x_wconf 85' lang='lat' dir='ltr'><strong>eum</strong></span> <span class='ocrx_word' id='word_1_35' title='bbox 1226 759 1287 809; x_wconf 84' lang='lat' dir='ltr'><strong>ip-</strong></span> 
     </span>
     <span class='ocr_line' id='line_1_8' title="bbox 409 820 1288 871; baseline -0.002 -11"><span class='ocrx_word' id='word_1_36' title='bbox 409 833 499 860; x_wconf 90' lang='lat' dir='ltr'><strong>sum</strong></span> <span class='ocrx_word' id='word_1_37' title='bbox 533 822 692 871; x_wconf 89' lang='lat' dir='ltr'><strong>locum,</strong></span> <span class='ocrx_word' id='word_1_38' title='bbox 722 820 795 860; x_wconf 91' lang='lat' dir='ltr'><strong>ubi</strong></span> <span class='ocrx_word' id='word_1_39' title='bbox 828 833 940 860; x_wconf 89' lang='lat' dir='ltr'><strong>nunc</strong></span> <span class='ocrx_word' id='word_1_40' title='bbox 974 821 1143 861; x_wconf 84' lang='lat' dir='ltr'><strong>navalia</strong></span> <span class='ocrx_word' id='word_1_41' title='bbox 1175 828 1288 870; x_wconf 87' lang='lat' dir='ltr'><strong>sunt,</strong></span> 
     </span>
     <span class='ocr_line' id='line_1_9' title="bbox 410 883 1287 935; baseline 0 -13"><span class='ocrx_word' id='word_1_42' title='bbox 410 890 593 935; x_wconf 89' lang='lat' dir='ltr'><strong>quatuor</strong></span> <span class='ocrx_word' id='word_1_43' title='bbox 604 884 805 935; x_wconf 87' lang='lat' dir='ltr'><strong>jugerum</strong></span> <span class='ocrx_word' id='word_1_44' title='bbox 824 883 993 924; x_wconf 87' lang='lat' dir='ltr'><strong>colebat</strong></span> <span class='ocrx_word' id='word_1_45' title='bbox 1012 895 1174 934; x_wconf 88' lang='lat' dir='ltr'><strong>agrum,</strong></span> <span class='ocrx_word' id='word_1_46' title='bbox 1194 896 1287 935; x_wconf 81' lang='lat' dir='ltr'><strong>quae</strong></span> 
     </span>
     <span class='ocr_line' id='line_1_10' title="bbox 411 945 1288 996; baseline 0 -12"><span class='ocrx_word' id='word_1_47' title='bbox 411 952 538 996; x_wconf 88' lang='lat' dir='ltr'><strong>prata</strong></span> <span class='ocrx_word' id='word_1_48' title='bbox 568 946 746 987; x_wconf 81' lang='lat' dir='ltr'><strong>Quintia</strong></span> <span class='ocrx_word' id='word_1_49' title='bbox 766 951 987 986; x_wconf 87' lang='lat' dir='ltr'><strong>vocantur.</strong></span> <span class='ocrx_word' id='word_1_50' title='bbox 1042 945 1110 985; x_wconf 88' lang='lat' dir='ltr'><strong>Ibi</strong></span> <span class='ocrx_word' id='word_1_51' title='bbox 1132 958 1156 984; x_wconf 90' lang='lat' dir='ltr'><strong>a</strong></span> <span class='ocrx_word' id='word_1_52' title='bbox 1177 946 1288 996; x_wconf 85' lang='lat' dir='ltr'><strong>lega-</strong></span> 
     </span>
     <span class='ocr_line' id='line_1_11' title="bbox 409 1007 1286 1059; baseline 0 -12"><span class='ocrx_word' id='word_1_53' title='bbox 409 1009 481 1058; x_wconf 87' lang='lat' dir='ltr'><strong>tis,</strong></span> <span class='ocrx_word' id='word_1_54' title='bbox 503 1020 577 1050; x_wconf 87' lang='lat' dir='ltr'><strong>seu</strong></span> <span class='ocrx_word' id='word_1_55' title='bbox 604 1007 759 1047; x_wconf 88' lang='lat' dir='ltr'><strong>fossam</strong></span> <span class='ocrx_word' id='word_1_56' title='bbox 791 1007 956 1048; x_wconf 86' lang='lat' dir='ltr'><strong>fodiens</strong></span> <span class='ocrx_word' id='word_1_57' title='bbox 988 1009 1086 1059; x_wconf 86' lang='lat' dir='ltr'><strong>palo</strong></span> <span class='ocrx_word' id='word_1_58' title='bbox 1105 1008 1286 1059; x_wconf 86' lang='lat' dir='ltr'><strong>iunixus,</strong></span> 
     </span>
     <span class='ocr_line' id='line_1_12' title="bbox 410 1071 1289 1122; baseline 0.001 -13"><span class='ocrx_word' id='word_1_59' title='bbox 410 1082 483 1110; x_wconf 82' lang='lat' dir='ltr'><strong>seu</strong></span> <span class='ocrx_word' id='word_1_60' title='bbox 503 1082 598 1110; x_wconf 91' lang='lat' dir='ltr'><strong>cum</strong></span> <span class='ocrx_word' id='word_1_61' title='bbox 634 1075 792 1119; x_wconf 90' lang='lat' dir='ltr'><strong>araret,</strong></span> <span class='ocrx_word' id='word_1_62' title='bbox 811 1071 932 1122; x_wconf 86' lang='lat' dir='ltr'><strong>operi</strong></span> <span class='ocrx_word' id='word_1_63' title='bbox 956 1076 1074 1110; x_wconf 85' lang='lat' dir='ltr'><strong>certe</strong></span> <span class='ocrx_word' id='word_1_64' title='bbox 1103 1071 1146 1110; x_wconf 88' lang='lat' dir='ltr'><strong>id</strong></span> <span class='ocrx_word' id='word_1_65' title='bbox 1177 1071 1289 1122; x_wconf 87' lang='lat' dir='ltr'><strong>quod</strong></span> 
     </span>
     <span class='ocr_line' id='line_1_13' title="bbox 409 1134 1289 1186; baseline 0 -12"><span class='ocrx_word' id='word_1_66' title='bbox 409 1141 579 1175; x_wconf 84' lang='lat' dir='ltr'><strong>constat</strong></span> <span class='ocrx_word' id='word_1_67' title='bbox 610 1135 765 1176; x_wconf 90' lang='lat' dir='ltr'><strong>rustico</strong></span> <span class='ocrx_word' id='word_1_68' title='bbox 797 1135 1004 1186; x_wconf 88' lang='lat' dir='ltr'><strong>intentus,</strong></span> <span class='ocrx_word' id='word_1_69' title='bbox 1022 1136 1159 1175; x_wconf 78' lang='lat' dir='ltr'><strong>salute</strong></span> <span class='ocrx_word' id='word_1_70' title='bbox 1190 1134 1289 1174; x_wconf 87' lang='lat' dir='ltr'><strong>data</strong></span> 
     </span>
     <span class='ocr_line' id='line_1_14' title="bbox 410 1199 1289 1251; baseline 0.001 -14"><span class='ocrx_word' id='word_1_71' title='bbox 410 1199 677 1251; x_wconf 80' lang='lat' dir='ltr'><strong>invicemque</strong></span> <span class='ocrx_word' id='word_1_72' title='bbox 698 1199 882 1250; x_wconf 88' lang='lat' dir='ltr'><strong>reddita,</strong></span> <span class='ocrx_word' id='word_1_73' title='bbox 902 1205 1090 1251; x_wconf 85' lang='lat' dir='ltr'><strong>rogatus,</strong></span> <span class='ocrx_word' id='word_1_74' title='bbox 1111 1206 1157 1239; x_wconf 90' lang='lat' dir='ltr'><strong>ut</strong></span> <span class='ocrx_word' id='word_1_75' title='bbox 1175 1200 1289 1250; x_wconf 84' lang='lat' dir='ltr'><strong>quod</strong></span> 
     </span>
     <span class='ocr_line' id='line_1_15' title="bbox 409 1261 1290 1315; baseline 0.002 -15"><span class='ocrx_word' id='word_1_76' title='bbox 409 1261 519 1301; x_wconf 86' lang='lat' dir='ltr'><strong>bene</strong></span> <span class='ocrx_word' id='word_1_77' title='bbox 558 1268 748 1302; x_wconf 83' lang='lat' dir='ltr'><strong>verteret</strong></span> <span class='ocrx_word' id='word_1_78' title='bbox 784 1264 865 1314; x_wconf 89' lang='lat' dir='ltr'><strong>ipsi</strong></span> <span class='ocrx_word' id='word_1_79' title='bbox 902 1264 1047 1315; x_wconf 90' lang='lat' dir='ltr'><strong>reique</strong></span> <span class='ocrx_word' id='word_1_80' title='bbox 1083 1262 1290 1314; x_wconf 88' lang='lat' dir='ltr'><strong>publicae,</strong></span> 
     </span>
     <span class='ocr_line' id='line_1_16' title="bbox 413 1325 1290 1365; baseline 0 -2"><span class='ocrx_word' id='word_1_81' title='bbox 413 1325 618 1364; x_wconf 85' lang='lat' dir='ltr'><strong>mandata</strong></span> <span class='ocrx_word' id='word_1_82' title='bbox 644 1326 824 1364; x_wconf 88' lang='lat' dir='ltr'><strong>Senatus</strong></span> <span class='ocrx_word' id='word_1_83' title='bbox 854 1326 1036 1365; x_wconf 86' lang='lat' dir='ltr'><strong>audiret.</strong></span> <span class='ocrx_word' id='word_1_84' title='bbox 1094 1325 1290 1364; x_wconf 86' lang='lat' dir='ltr'><strong>Admira-</strong></span> 
     </span>
     <span class='ocr_line' id='line_1_17' title="bbox 411 1388 1290 1439; baseline 0 -13"><span class='ocrx_word' id='word_1_85' title='bbox 411 1393 480 1426; x_wconf 91' lang='lat' dir='ltr'><strong>tus</strong></span> <span class='ocrx_word' id='word_1_86' title='bbox 510 1388 797 1439; x_wconf 78' lang='lat' dir='ltr'>rogitansque,</span> <span class='ocrx_word' id='word_1_87' title='bbox 815 1388 972 1427; x_wconf 85' lang='lat' dir='ltr'><strong>satisne</strong></span> <span class='ocrx_word' id='word_1_88' title='bbox 1002 1388 1118 1427; x_wconf 87' lang='lat' dir='ltr'><strong>salva</strong></span> <span class='ocrx_word' id='word_1_89' title='bbox 1145 1392 1290 1427; x_wconf 88' lang='lat' dir='ltr'><strong>essent</strong></span> 
     </span>
     <span class='ocr_line' id='line_1_18' title="bbox 410 1450 1288 1501; baseline 0 -12"><span class='ocrx_word' id='word_1_90' title='bbox 410 1450 566 1499; x_wconf 85' lang='lat' dir='ltr'><strong>omnia,</strong></span> <span class='ocrx_word' id='word_1_91' title='bbox 582 1455 723 1501; x_wconf 83' lang='lat' dir='ltr'><strong>togam</strong></span> <span class='ocrx_word' id='word_1_92' title='bbox 742 1457 955 1501; x_wconf 85' lang='lat' dir='ltr'><strong>repetere,</strong></span> <span class='ocrx_word' id='word_1_93' title='bbox 968 1461 991 1489; x_wconf 92' lang='lat' dir='ltr'><strong>e</strong></span> <span class='ocrx_word' id='word_1_94' title='bbox 1007 1451 1174 1501; x_wconf 89' lang='lat' dir='ltr'><strong>tugurio</strong></span> <span class='ocrx_word' id='word_1_95' title='bbox 1193 1462 1288 1501; x_wconf 87' lang='lat' dir='ltr'><strong>pro-</strong></span> 
     </span>
     <span class='ocr_line' id='line_1_19' title="bbox 409 1513 1290 1566; baseline 0.003 -15"><span class='ocrx_word' id='word_1_96' title='bbox 409 1513 610 1565; x_wconf 87' lang='lat' dir='ltr'><strong>ferreque</strong></span> <span class='ocrx_word' id='word_1_97' title='bbox 630 1526 805 1554; x_wconf 85' lang='lat' dir='ltr'><strong>uxorem</strong></span> <span class='ocrx_word' id='word_1_98' title='bbox 824 1515 1027 1555; x_wconf 84' lang='lat' dir='ltr'>Raciliam</span> <span class='ocrx_word' id='word_1_99' title='bbox 1042 1514 1186 1566; x_wconf 88' lang='lat' dir='ltr'><strong>jubet,</strong></span> <span class='ocrx_word' id='word_1_100' title='bbox 1206 1526 1290 1566; x_wconf 93' lang='lat' dir='ltr'><strong>qua</strong></span> 
     </span>
     <span class='ocr_line' id='line_1_20' title="bbox 412 1575 1289 1630; baseline 0.001 -15"><span class='ocrx_word' id='word_1_101' title='bbox 412 1577 534 1615; x_wconf 87' lang='lat' dir='ltr'><strong>simul</strong></span> <span class='ocrx_word' id='word_1_102' title='bbox 554 1577 745 1617; x_wconf 90' lang='lat' dir='ltr'><strong>absterso</strong></span> <span class='ocrx_word' id='word_1_103' title='bbox 767 1578 943 1630; x_wconf 88' lang='lat' dir='ltr'><strong>pulvere</strong></span> <span class='ocrx_word' id='word_1_104' title='bbox 965 1589 1014 1617; x_wconf 87' lang='lat' dir='ltr'><strong>ac</strong></span> <span class='ocrx_word' id='word_1_105' title='bbox 1044 1575 1199 1617; x_wconf 86' lang='lat' dir='ltr'><strong>sudore</strong></span> <span class='ocrx_word' id='word_1_106' title='bbox 1221 1589 1289 1616; x_wconf 92' lang='lat' dir='ltr'><strong>ve-</strong></span> 
     </span>
     <span class='ocr_line' id='line_1_21' title="bbox 411 1641 1289 1692; baseline 0.003 -14"><span class='ocrx_word' id='word_1_107' title='bbox 411 1642 522 1679; x_wconf 87' lang='lat' dir='ltr'><strong>latus</strong></span> <span class='ocrx_word' id='word_1_108' title='bbox 557 1642 784 1692; x_wconf 88' lang='lat' dir='ltr'><strong>processit,</strong></span> <span class='ocrx_word' id='word_1_109' title='bbox 803 1641 1070 1681; x_wconf 88' lang='lat' dir='ltr'><strong>Dictatorem</strong></span> <span class='ocrx_word' id='word_1_110' title='bbox 1104 1652 1199 1680; x_wconf 89' lang='lat' dir='ltr'><strong>eum</strong></span> <span class='ocrx_word' id='word_1_111' title='bbox 1229 1641 1289 1681; x_wconf 89' lang='lat' dir='ltr'><strong>le-</strong></span> 
     </span>
     <span class='ocr_line' id='line_1_22' title="bbox 414 1703 1288 1756; baseline 0.003 -14"><span class='ocrx_word' id='word_1_112' title='bbox 414 1703 504 1754; x_wconf 86' lang='lat' dir='ltr'><strong>gati</strong></span> <span class='ocrx_word' id='word_1_113' title='bbox 537 1705 801 1755; x_wconf 84' lang='lat' dir='ltr'><strong>gratulantes</strong></span> <span class='ocrx_word' id='word_1_114' title='bbox 829 1706 1113 1756; x_wconf 88' lang='lat' dir='ltr'><strong>consalutant,</strong></span> <span class='ocrx_word' id='word_1_115' title='bbox 1147 1707 1189 1744; x_wconf 92' lang='lat' dir='ltr'><strong>in</strong></span> <span class='ocrx_word' id='word_1_116' title='bbox 1221 1718 1288 1745; x_wconf 87' lang='lat' dir='ltr'><strong>ur-</strong></span> 
     </span>
     <span class='ocr_line' id='line_1_23' title="bbox 413 1766 1288 1820; baseline 0.006 -16"><span class='ocrx_word' id='word_1_117' title='bbox 413 1766 508 1805; x_wconf 86' lang='lat' dir='ltr'><strong>bem</strong></span> <span class='ocrx_word' id='word_1_118' title='bbox 528 1772 695 1818; x_wconf 84' lang='lat' dir='ltr'><strong>vocant,</strong></span> <span class='ocrx_word' id='word_1_119' title='bbox 709 1768 780 1820; x_wconf 87' lang='lat' dir='ltr'><strong>qui</strong></span> <span class='ocrx_word' id='word_1_120' title='bbox 797 1772 935 1807; x_wconf 86' lang='lat' dir='ltr'><strong>terror</strong></span> <span class='ocrx_word' id='word_1_121' title='bbox 954 1769 1066 1808; x_wconf 89' lang='lat' dir='ltr'><strong>sitin</strong></span> <span class='ocrx_word' id='word_1_122' title='bbox 1083 1770 1288 1820; x_wconf 89' lang='lat' dir='ltr'><strong>exercitu,</strong></span> 
     </span>
     <span class='ocr_line' id='line_1_24' title="bbox 413 1831 951 1882; baseline 0.006 -14"><span class='ocrx_word' id='word_1_123' title='bbox 413 1831 754 1882; x_wconf 83' lang='lat' dir='ltr'><strong>exponunt‚’&amp;c.</strong></span> <span class='ocrx_word' id='word_1_124' title='bbox 803 1832 951 1872; x_wconf 80' lang='lat' dir='ltr'><strong>Oliver.</strong></span> 
     </span>
    </p>

    <p class='ocr_par' dir='ltr' id='par_1_3' title="bbox 408 1894 1293 2578">
     <span class='ocr_line' id='line_1_25' title="bbox 469 1894 1286 1949; baseline 0.009 -17"><span class='ocrx_word' id='word_1_125' title='bbox 469 1894 546 1938; x_wconf 78' lang='lat' dir='ltr'><strong>Qui</strong></span> <span class='ocrx_word' id='word_1_126' title='bbox 561 1895 609 1934; x_wconf 82' lang='lat' dir='ltr'><strong>ab</strong></span> <span class='ocrx_word' id='word_1_127' title='bbox 625 1895 779 1945; x_wconf 80' lang='lat' dir='ltr'><strong>aratro]</strong></span> <span class='ocrx_word' id='word_1_128' title='bbox 807 1897 921 1937; x_wconf 85' lang='lat' dir='ltr'><strong>Plin.</strong></span> <span class='ocrx_word' id='word_1_129' title='bbox 942 1897 1016 1936; x_wconf 89' lang='lat' dir='ltr'><strong>lib.</strong></span> <span class='ocrx_word' id='word_1_130' title='bbox 1034 1908 1170 1938; x_wconf 75' lang='lat' dir='ltr'><strong>xvnr.</strong></span> <span class='ocrx_word' id='word_1_131' title='bbox 1193 1909 1286 1949; x_wconf 87' lang='lat' dir='ltr'><strong>cap.</strong></span> 
     </span>
     <span class='ocr_line' id='line_1_26' title="bbox 413 1959 1289 2013; baseline 0.007 -17"><span class='ocrx_word' id='word_1_132' title='bbox 413 1961 452 1996; x_wconf 86' lang='lat'><strong>3.</strong></span> <span class='ocrx_word' id='word_1_133' title='bbox 476 1959 487 1980; x_wconf 85' lang='lat'>‘</span> <span class='ocrx_word' id='word_1_134' title='bbox 505 1959 640 1999; x_wconf 86' lang='lat' dir='ltr'><strong>Manii</strong></span> <span class='ocrx_word' id='word_1_135' title='bbox 661 1959 830 2011; x_wconf 82' lang='lat' dir='ltr'><strong>quidem</strong></span> <span class='ocrx_word' id='word_1_136' title='bbox 866 1961 985 2001; x_wconf 87' lang='lat' dir='ltr'><strong>Curii</strong></span> <span class='ocrx_word' id='word_1_137' title='bbox 1015 1967 1110 2013; x_wconf 88' lang='lat' dir='ltr'><strong>post</strong></span> <span class='ocrx_word' id='word_1_138' title='bbox 1143 1963 1289 2002; x_wconf 89' lang='lat' dir='ltr'><strong>trium-</strong></span> 
     </span>
     <span class='ocr_line' id='line_1_27' title="bbox 413 2022 1290 2077; baseline 0.005 -16"><span class='ocrx_word' id='word_1_139' title='bbox 413 2022 519 2073; x_wconf 86' lang='lat' dir='ltr'><strong>phos</strong></span> <span class='ocrx_word' id='word_1_140' title='bbox 548 2023 878 2076; x_wconf 82' lang='lat' dir='ltr'><strong>immensumque</strong></span> <span class='ocrx_word' id='word_1_141' title='bbox 909 2030 1119 2064; x_wconf 89' lang='lat' dir='ltr'><strong>terrarum</strong></span> <span class='ocrx_word' id='word_1_142' title='bbox 1147 2025 1290 2077; x_wconf 86' lang='lat' dir='ltr'><strong>adjec-</strong></span> 
     </span>
     <span class='ocr_line' id='line_1_28' title="bbox 415 2085 1291 2140; baseline 0.006 -16"><span class='ocrx_word' id='word_1_143' title='bbox 415 2091 504 2125; x_wconf 88' lang='lat' dir='ltr'><strong>tum</strong></span> <span class='ocrx_word' id='word_1_144' title='bbox 534 2085 715 2137; x_wconf 85' lang='lat' dir='ltr'><strong>imperio</strong></span> <span class='ocrx_word' id='word_1_145' title='bbox 743 2092 843 2126; x_wconf 83' lang='lat' dir='ltr'><strong>nota</strong></span> <span class='ocrx_word' id='word_1_146' title='bbox 871 2088 1018 2128; x_wconf 86' lang='lat' dir='ltr'><strong>concio</strong></span> <span class='ocrx_word' id='word_1_147' title='bbox 1049 2094 1130 2139; x_wconf 85' lang='lat' dir='ltr'><strong>est,</strong></span> <span class='ocrx_word' id='word_1_148' title='bbox 1149 2090 1291 2140; x_wconf 90' lang='lat' dir='ltr'><strong>perni-</strong></span> 
     </span>
     <span class='ocr_line' id='line_1_29' title="bbox 415 2149 1290 2203; baseline 0.003 -15"><span class='ocrx_word' id='word_1_149' title='bbox 415 2149 575 2189; x_wconf 87' lang='lat' dir='ltr'><strong>ciosum</strong></span> <span class='ocrx_word' id='word_1_150' title='bbox 612 2149 791 2200; x_wconf 85' lang='lat' dir='ltr'>intelligi</span> <span class='ocrx_word' id='word_1_151' title='bbox 830 2150 983 2201; x_wconf 91' lang='lat' dir='ltr'><strong>civem,</strong></span> <span class='ocrx_word' id='word_1_152' title='bbox 1020 2151 1088 2190; x_wconf 87' lang='lat' dir='ltr'><strong>cui</strong></span> <span class='ocrx_word' id='word_1_153' title='bbox 1126 2156 1290 2203; x_wconf 82' lang='lat' dir='ltr'><strong>septem</strong></span> 
     </span>
     <span class='ocr_line' id='line_1_30' title="bbox 408 2213 1291 2264; baseline 0.003 -13"><span class='ocrx_word' id='word_1_154' title='bbox 408 2213 565 2264; x_wconf 86' lang='lat' dir='ltr'><strong>jugera</strong></span> <span class='ocrx_word' id='word_1_155' title='bbox 596 2224 681 2252; x_wconf 92' lang='lat' dir='ltr'><strong>non</strong></span> <span class='ocrx_word' id='word_1_156' title='bbox 715 2219 861 2254; x_wconf 89' lang='lat' dir='ltr'><strong>esseut</strong></span> <span class='ocrx_word' id='word_1_157' title='bbox 898 2216 1018 2254; x_wconf 83' lang='lat' dir='ltr'><strong>satis.</strong></span> <span class='ocrx_word' id='word_1_158' title='bbox 1077 2214 1185 2254; x_wconf 83' lang='lat' dir='ltr'><strong>Haec</strong></span> <span class='ocrx_word' id='word_1_159' title='bbox 1220 2227 1291 2255; x_wconf 88' lang='lat' dir='ltr'><strong>au-</strong></span> 
     </span>
     <span class='ocr_line' id='line_1_31' title="bbox 413 2276 1292 2328; baseline 0.005 -14"><span class='ocrx_word' id='word_1_160' title='bbox 413 2281 500 2314; x_wconf 83' lang='lat' dir='ltr'><strong>tem</strong></span> <span class='ocrx_word' id='word_1_161' title='bbox 520 2287 714 2315; x_wconf 87' lang='lat' dir='ltr'><strong>mensura</strong></span> <span class='ocrx_word' id='word_1_162' title='bbox 743 2276 883 2327; x_wconf 89' lang='lat' dir='ltr'><strong>plebei</strong></span> <span class='ocrx_word' id='word_1_163' title='bbox 913 2281 1008 2328; x_wconf 88' lang='lat' dir='ltr'><strong>post</strong></span> <span class='ocrx_word' id='word_1_164' title='bbox 1033 2281 1207 2318; x_wconf 80' lang='lat' dir='ltr'><strong>exactos</strong></span> <span class='ocrx_word' id='word_1_165' title='bbox 1227 2290 1292 2318; x_wconf 63' lang='lat' dir='ltr'><strong>re⁴</strong></span> 
     </span>
     <span class='ocr_line' id='line_1_32' title="bbox 415 2338 1292 2391; baseline 0.003 -15"><span class='ocrx_word' id='word_1_166' title='bbox 415 2348 490 2389; x_wconf 86' lang='lat' dir='ltr'><strong>ges</strong></span> <span class='ocrx_word' id='word_1_167' title='bbox 525 2338 739 2389; x_wconf 85' lang='lat' dir='ltr'><strong>assignata</strong></span> <span class='ocrx_word' id='word_1_168' title='bbox 776 2344 857 2378; x_wconf 89' lang='lat' dir='ltr'><strong>est.</strong></span> <span class='ocrx_word' id='word_1_169' title='bbox 933 2340 1142 2381; x_wconf 81' lang='lat' dir='ltr'><strong>Quaenam</strong></span> <span class='ocrx_word' id='word_1_170' title='bbox 1190 2351 1292 2391; x_wconf 91' lang='lat' dir='ltr'><strong>ergo</strong></span> 
     </span>
     <span class='ocr_line' id='line_1_33' title="bbox 415 2401 1293 2455; baseline 0.003 -15"><span class='ocrx_word' id='word_1_171' title='bbox 415 2406 547 2442; x_wconf 84' lang='lat' dir='ltr'><strong>tantae</strong></span> <span class='ocrx_word' id='word_1_172' title='bbox 578 2401 787 2442; x_wconf 88' lang='lat' dir='ltr'><strong>ubertatis</strong></span> <span class='ocrx_word' id='word_1_173' title='bbox 803 2414 932 2442; x_wconf 85' lang='lat' dir='ltr'><strong>causa</strong></span> <span class='ocrx_word' id='word_1_174' title='bbox 960 2404 1079 2443; x_wconf 83' lang='lat' dir='ltr'><strong>erat?</strong></span> <span class='ocrx_word' id='word_1_175' title='bbox 1107 2404 1293 2455; x_wconf 88' lang='lat' dir='ltr'><strong>ipsorum</strong></span> 
     </span>
     <span class='ocr_line' id='line_1_34' title="bbox 414 2464 1293 2518; baseline 0.005 -15"><span class='ocrx_word' id='word_1_176' title='bbox 414 2469 518 2505; x_wconf 91' lang='lat' dir='ltr'><strong>tunc</strong></span> <span class='ocrx_word' id='word_1_177' title='bbox 536 2464 729 2505; x_wconf 89' lang='lat' dir='ltr'><strong>manibus</strong></span> <span class='ocrx_word' id='word_1_178' title='bbox 758 2465 1071 2518; x_wconf 82' lang='lat' dir='ltr'><strong>Imperatorum</strong></span> <span class='ocrx_word' id='word_1_179' title='bbox 1098 2467 1293 2507; x_wconf 88' lang='lat' dir='ltr'><strong>coleban-</strong></span> 
     </span>
     <span class='ocr_line' id='line_1_35' title="bbox 414 2526 625 2578; baseline 0 -11"><span class='ocrx_word' id='word_1_180' title='bbox 414 2533 484 2567; x_wconf 85' lang='lat' dir='ltr'><strong>tur</strong></span> <span class='ocrx_word' id='word_1_181' title='bbox 504 2526 625 2578; x_wconf 65' lang='lat' dir='ltr'><strong>agri!</strong></span> 
     </span>
    </p>

    <p class='ocr_par' dir='ltr' id='par_1_4' title="bbox 421 2589 1296 2705">
     <span class='ocr_line' id='line_1_36' title="bbox 470 2589 1296 2642; baseline 0.005 -13"><span class='ocrx_word' id='word_1_182' title='bbox 470 2589 825 2642; x_wconf 78' lang='lat' dir='ltr'><strong>AEstuosissimum]</strong></span> <span class='ocrx_word' id='word_1_183' title='bbox 852 2590 991 2632; x_wconf 86' lang='lat' dir='ltr'><strong>AEstui</strong></span> <span class='ocrx_word' id='word_1_184' title='bbox 1018 2592 1127 2633; x_wconf 90' lang='lat' dir='ltr'><strong>Solis</strong></span> <span class='ocrx_word' id='word_1_185' title='bbox 1162 2594 1296 2633; x_wconf 85' lang='lat' dir='ltr'><strong>maxi-</strong></span> 
     </span>
     <span class='ocr_line' id='line_1_37' title="bbox 421 2653 764 2705; baseline 0.003 -13"><span class='ocrx_word' id='word_1_186' title='bbox 421 2664 491 2692; x_wconf 90' lang='lat' dir='ltr'><strong>me</strong></span> <span class='ocrx_word' id='word_1_187' title='bbox 511 2653 764 2705; x_wconf 83' lang='lat' dir='ltr'><strong>subjectum.</strong></span> 
     </span>
    </p>

    <p class='ocr_par' dir='ltr' id='par_1_5' title="bbox 417 2716 1300 3272">
     <span class='ocr_line' id='line_1_38' title="bbox 472 2716 1296 2769; baseline 0.004 -14"><span class='ocrx_word' id='word_1_188' title='bbox 472 2716 676 2767; x_wconf 83' lang='lat' dir='ltr'><strong>Pupim‘ae]</strong></span> <span class='ocrx_word' id='word_1_189' title='bbox 733 2718 869 2756; x_wconf 88' lang='lat' dir='ltr'><strong>Locus</strong></span> <span class='ocrx_word' id='word_1_190' title='bbox 908 2717 1020 2757; x_wconf 88' lang='lat' dir='ltr'><strong>haud</strong></span> <span class='ocrx_word' id='word_1_191' title='bbox 1054 2719 1204 2769; x_wconf 89' lang='lat' dir='ltr'><strong>procul</strong></span> <span class='ocrx_word' id='word_1_192' title='bbox 1242 2718 1296 2758; x_wconf 90' lang='lat' dir='ltr'><strong>ab</strong></span> 
     </span>
     <span class='ocr_line' id='line_1_39' title="bbox 417 2779 1296 2832; baseline 0.003 -14"><span class='ocrx_word' id='word_1_193' title='bbox 417 2779 553 2829; x_wconf 87' lang='lat' dir='ltr'><strong>urbe;</strong></span> <span class='ocrx_word' id='word_1_194' title='bbox 582 2779 694 2819; x_wconf 90' lang='lat' dir='ltr'><strong>unde</strong></span> <span class='ocrx_word' id='word_1_195' title='bbox 723 2780 856 2820; x_wconf 87' lang='lat' dir='ltr'><strong>tribus</strong></span> <span class='ocrx_word' id='word_1_196' title='bbox 876 2780 1064 2832; x_wconf 88' lang='lat' dir='ltr'><strong>Pupinia</strong></span> <span class='ocrx_word' id='word_1_197' title='bbox 1083 2781 1200 2821; x_wconf 84' lang='lat' dir='ltr'><strong>dicta</strong></span> <span class='ocrx_word' id='word_1_198' title='bbox 1215 2787 1296 2822; x_wconf 86' lang='lat' dir='ltr'><strong>est.</strong></span> 
     </span>
     <span class='ocr_line' id='line_1_40' title="bbox 418 2843 1298 2894; baseline 0.001 -12"><span class='ocrx_word' id='word_1_199' title='bbox 418 2844 526 2883; x_wconf 89' lang='lat' dir='ltr'><strong>Erat</strong></span> <span class='ocrx_word' id='word_1_200' title='bbox 562 2848 706 2882; x_wconf 87' lang='lat' dir='ltr'><strong>autem</strong></span> <span class='ocrx_word' id='word_1_201' title='bbox 741 2843 860 2882; x_wconf 91' lang='lat' dir='ltr'><strong>locus</strong></span> <span class='ocrx_word' id='word_1_202' title='bbox 906 2843 1087 2883; x_wconf 85' lang='lat' dir='ltr'><strong>maxime</strong></span> <span class='ocrx_word' id='word_1_203' title='bbox 1125 2844 1298 2894; x_wconf 87' lang='lat' dir='ltr'><strong>sterilis,</strong></span> 
     </span>
     <span class='ocr_line' id='line_1_41' title="bbox 421 2904 1299 2958; baseline 0.001 -13"><span class='ocrx_word' id='word_1_204' title='bbox 421 2906 534 2946; x_wconf 89' lang='lat' dir='ltr'><strong>sicut</strong></span> <span class='ocrx_word' id='word_1_205' title='bbox 570 2904 683 2944; x_wconf 86' lang='lat' dir='ltr'><strong>infra</strong></span> <span class='ocrx_word' id='word_1_206' title='bbox 719 2905 920 2945; x_wconf 85' lang='lat' dir='ltr'><strong>ostendit.</strong></span> <span class='ocrx_word' id='word_1_207' title='bbox 979 2906 1127 2946; x_wconf 80' lang='lat' dir='ltr'><strong>Oliver.</strong></span> <span class='ocrx_word' id='word_1_208' title='bbox 1173 2907 1299 2958; x_wconf 80' lang='lat' dir='ltr'><strong>Pupi-</strong></span> 
     </span>
     <span class='ocr_line' id='line_1_42' title="bbox 424 2967 1300 3021; baseline 0 -13"><span class='ocrx_word' id='word_1_209' title='bbox 424 2968 520 3019; x_wconf 70' lang='lat' dir='ltr'><strong>nioe]</strong></span> <span class='ocrx_word' id='word_1_210' title='bbox 566 2969 719 3008; x_wconf 85' lang='lat' dir='ltr'><strong>Festus</strong></span> <span class='ocrx_word' id='word_1_211' title='bbox 751 2968 793 3006; x_wconf 89' lang='lat' dir='ltr'><strong>in</strong></span> <span class='ocrx_word' id='word_1_212' title='bbox 825 2967 1033 3008; x_wconf 84' lang='lat' dir='ltr'><strong>Schedis:</strong></span> <span class='ocrx_word' id='word_1_213' title='bbox 1079 2969 1090 2991; x_wconf 88' lang='lat'>‘</span> <span class='ocrx_word' id='word_1_214' title='bbox 1114 2970 1300 3021; x_wconf 86' lang='lat' dir='ltr'><strong>Pupinia</strong></span> 
     </span>
     <span class='ocr_line' id='line_1_43' title="bbox 427 3030 1299 3083; baseline 0 -12"><span class='ocrx_word' id='word_1_215' title='bbox 427 3032 564 3071; x_wconf 83' lang='lat' dir='ltr'><strong>tribus</strong></span> <span class='ocrx_word' id='word_1_216' title='bbox 586 3031 640 3071; x_wconf 88' lang='lat' dir='ltr'><strong>ab</strong></span> <span class='ocrx_word' id='word_1_217' title='bbox 661 3031 750 3082; x_wconf 84' lang='lat' dir='ltr'><strong>agri</strong></span> <span class='ocrx_word' id='word_1_218' title='bbox 769 3030 938 3070; x_wconf 90' lang='lat' dir='ltr'><strong>nomine</strong></span> <span class='ocrx_word' id='word_1_219' title='bbox 966 3031 1098 3081; x_wconf 88' lang='lat' dir='ltr'><strong>dicta,</strong></span> <span class='ocrx_word' id='word_1_220' title='bbox 1117 3032 1187 3083; x_wconf 92' lang='lat' dir='ltr'><strong>qui</strong></span> <span class='ocrx_word' id='word_1_221' title='bbox 1212 3032 1299 3071; x_wconf 92' lang='lat' dir='ltr'><strong>Pu-</strong></span> 
     </span>
     <span class='ocr_line' id='line_1_44' title="bbox 421 3093 1300 3147; baseline 0 -13"><span class='ocrx_word' id='word_1_222' title='bbox 421 3095 547 3147; x_wconf 88' lang='lat' dir='ltr'><strong>pillus</strong></span> <span class='ocrx_word' id='word_1_223' title='bbox 563 3093 821 3145; x_wconf 85' lang='lat' dir='ltr'><strong>appellatur,</strong></span> <span class='ocrx_word' id='word_1_224' title='bbox 840 3093 957 3133; x_wconf 87' lang='lat' dir='ltr'><strong>circa</strong></span> <span class='ocrx_word' id='word_1_225' title='bbox 982 3094 1212 3134; x_wconf 87' lang='lat' dir='ltr'><strong>Tusculum</strong></span> <span class='ocrx_word' id='word_1_226' title='bbox 1231 3107 1300 3134; x_wconf 88' lang='lat' dir='ltr'><strong>ur-</strong></span> 
     </span>
     <span class='ocr_line' id='line_1_45' title="bbox 420 3156 1299 3210; baseline -0.001 -12"><span class='ocrx_word' id='word_1_227' title='bbox 420 3157 547 3198; x_wconf 67' lang='lat' dir='ltr'><strong>bem!</strong></span> <span class='ocrx_word' id='word_1_228' title='bbox 606 3156 728 3196; x_wconf 90' lang='lat' dir='ltr'><strong>Dicit</strong></span> <span class='ocrx_word' id='word_1_229' title='bbox 756 3161 899 3195; x_wconf 86' lang='lat' dir='ltr'><strong>tamen</strong></span> <span class='ocrx_word' id='word_1_230' title='bbox 916 3156 1115 3196; x_wconf 89' lang='lat' dir='ltr'><strong>Valerius</strong></span> <span class='ocrx_word' id='word_1_231' title='bbox 1141 3157 1299 3210; x_wconf 85' lang='lat' dir='ltr'><strong>ubique</strong></span> 
     </span>
     <span class='ocr_line' id='line_1_46' title="bbox 422 3219 1177 3272; baseline -0.003 -11"><span class='ocrx_word' id='word_1_232' title='bbox 422 3222 613 3272; x_wconf 79' lang='lat' dir='ltr'><strong>Pupinia,</strong></span> <span class='ocrx_word' id='word_1_233' title='bbox 631 3231 716 3260; x_wconf 89' lang='lat' dir='ltr'><strong>non</strong></span> <span class='ocrx_word' id='word_1_234' title='bbox 735 3219 926 3271; x_wconf 73' lang='lat' dir='ltr'><strong>Pupinus.</strong></span> <span class='ocrx_word' id='word_1_235' title='bbox 984 3219 1177 3259; x_wconf 88' lang='lat' dir='ltr'><strong>Colerus.</strong></span> 
     </span>
    </p>

    <p class='ocr_par' dir='ltr' id='par_1_6' title="bbox 421 3282 1299 3587">
     <span class='ocr_line' id='line_1_47' title="bbox 475 3282 1299 3334; baseline -0.001 -10"><span class='ocrx_word' id='word_1_236' title='bbox 475 3282 731 3334; x_wconf 78' lang='lat' dir='ltr'><strong>Asserebant]</strong></span> <span class='ocrx_word' id='word_1_237' title='bbox 759 3282 1014 3322; x_wconf 86' lang='lat' dir='ltr'><strong>Rectissime</strong></span> <span class='ocrx_word' id='word_1_238' title='bbox 1030 3282 1072 3322; x_wconf 88' lang='lat' dir='ltr'><strong>in</strong></span> <span class='ocrx_word' id='word_1_239' title='bbox 1086 3282 1194 3323; x_wconf 91' lang='lat' dir='ltr'><strong>libro</strong></span> <span class='ocrx_word' id='word_1_240' title='bbox 1213 3283 1299 3323; x_wconf 92' lang='lat' dir='ltr'><strong>Da-</strong></span> 
     </span>
     <span class='ocr_line' id='line_1_48' title="bbox 421 3345 1299 3399; baseline -0.001 -12"><span class='ocrx_word' id='word_1_241' title='bbox 421 3347 562 3399; x_wconf 82' lang='lat' dir='ltr'><strong>nielis,</strong></span> <span class='ocrx_word' id='word_1_242' title='bbox 592 3345 860 3393; x_wconf 78' lang='lat' dir='ltr'><strong>arcessebant;</strong></span> <span class='ocrx_word' id='word_1_243' title='bbox 888 3356 968 3385; x_wconf 87' lang='lat' dir='ltr'><strong>nec</strong></span> <span class='ocrx_word' id='word_1_244' title='bbox 1005 3345 1178 3397; x_wconf 86' lang='lat' dir='ltr'><strong>Pighius</strong></span> <span class='ocrx_word' id='word_1_245' title='bbox 1211 3359 1299 3386; x_wconf 89' lang='lat' dir='ltr'><strong>mu-</strong></span> 
     </span>
     <span class='ocr_line' id='line_1_49' title="bbox 422 3407 1298 3450; baseline 0 0"><span class='ocrx_word' id='word_1_246' title='bbox 422 3416 517 3450; x_wconf 88' lang='lat' dir='ltr'><strong>tare</strong></span> <span class='ocrx_word' id='word_1_247' title='bbox 561 3408 725 3450; x_wconf 84' lang='lat' dir='ltr'><strong>debuit.</strong></span> <span class='ocrx_word' id='word_1_248' title='bbox 795 3407 1132 3448; x_wconf 80' lang='lat' dir='ltr'><strong>Arcessebantur</strong></span> <span class='ocrx_word' id='word_1_249' title='bbox 1186 3411 1298 3450; x_wconf 86' lang='lat' dir='ltr'><strong>enim</strong></span> 
     </span>
     <span class='ocr_line' id='line_1_50' title="bbox 423 3469 1298 3524; baseline 0 -13"><span class='ocrx_word' id='word_1_250' title='bbox 423 3471 552 3524; x_wconf 84' lang='lat' dir='ltr'><strong>prisci</strong></span> <span class='ocrx_word' id='word_1_251' title='bbox 571 3471 632 3511; x_wconf 91' lang='lat' dir='ltr'><strong>illi</strong></span> <span class='ocrx_word' id='word_1_252' title='bbox 651 3482 706 3511; x_wconf 84' lang='lat' dir='ltr'><strong>ex</strong></span> <span class='ocrx_word' id='word_1_253' title='bbox 724 3470 836 3522; x_wconf 87' lang='lat' dir='ltr'><strong>agris</strong></span> <span class='ocrx_word' id='word_1_254' title='bbox 853 3469 909 3509; x_wconf 89' lang='lat' dir='ltr'><strong>ad</strong></span> <span class='ocrx_word' id='word_1_255' title='bbox 927 3469 1120 3521; x_wconf 86' lang='lat' dir='ltr'><strong>imperia,</strong></span> <span class='ocrx_word' id='word_1_256' title='bbox 1138 3470 1191 3510; x_wconf 91' lang='lat' dir='ltr'><strong>ad</strong></span> <span class='ocrx_word' id='word_1_257' title='bbox 1211 3484 1298 3511; x_wconf 88' lang='lat' dir='ltr'><strong>ma-</strong></span> 
     </span>
     <span class='ocr_line' id='line_1_51' title="bbox 426 3533 1295 3587; baseline 0.002 -13"><span class='ocrx_word' id='word_1_258' title='bbox 426 3537 639 3587; x_wconf 82' lang='lat' dir='ltr'><strong>gistratus.</strong></span> <span class='ocrx_word' id='word_1_259' title='bbox 668 3533 860 3577; x_wconf 79' lang='lat' dir='ltr'><strong>Plinius:</strong></span> <span class='ocrx_word' id='word_1_260' title='bbox 890 3533 1044 3575; x_wconf 88' lang='lat' dir='ltr'><strong>‘Tales</strong></span> <span class='ocrx_word' id='word_1_261' title='bbox 1063 3539 1150 3575; x_wconf 87' lang='lat' dir='ltr'><strong>tum</strong></span> <span class='ocrx_word' id='word_1_262' title='bbox 1167 3536 1295 3576; x_wconf 87' lang='lat' dir='ltr'><strong>etiam</strong></span> 
     </span>
    </p>
   </div>
   <div class='ocr_carea' id='block_1_3' title="bbox 993 326 1650 366">
    <p class='ocr_par' dir='ltr' id='par_1_7' title="bbox 993 326 1650 366">
     <span class='ocr_line' id='line_1_52' title="bbox 993 326 1650 366; baseline 0.003 -2"><span class='ocrx_word' id='word_1_263' title='bbox 993 326 1168 365; x_wconf 80' lang='lat' dir='ltr'><strong>NOTAE</strong></span> <span class='ocrx_word' id='word_1_264' title='bbox 1212 326 1540 366; x_wconf 84' lang='lat' dir='ltr'>VARIORUM</span> <span class='ocrx_word' id='word_1_265' title='bbox 1584 327 1650 366; x_wconf 80' lang='grc' dir='ltr'><strong>ΙΝ</strong></span> 
     </span>
    </p>
   </div>
   <div class='ocr_carea' id='block_1_4' title="bbox 1348 443 2272 3585">
    <p class='ocr_par' dir='ltr' id='par_1_8' title="bbox 1348 443 2234 922">
     <span class='ocr_line' id='line_1_53' title="bbox 1351 443 2230 496; baseline -0.001 -13"><span class='ocrx_word' id='word_1_266' title='bbox 1351 444 1532 484; x_wconf 83' lang='lat' dir='ltr'><strong>viatores</strong></span> <span class='ocrx_word' id='word_1_267' title='bbox 1566 448 1704 495; x_wconf 71' lang='lat' dir='ltr'><strong>erant,</strong></span> <span class='ocrx_word' id='word_1_268' title='bbox 1742 443 1853 496; x_wconf 82' lang='lat' dir='ltr'><strong>quod</strong></span> <span class='ocrx_word' id='word_1_269' title='bbox 1904 443 2043 495; x_wconf 86' lang='lat' dir='ltr'><strong>ipsum</strong></span> <span class='ocrx_word' id='word_1_270' title='bbox 2081 453 2230 484; x_wconf 89' lang='lat' dir='ltr'><strong>nomen</strong></span> 
     </span>
     <span class='ocr_line' id='line_1_54' title="bbox 1349 506 2232 558; baseline 0.001 -13"><span class='ocrx_word' id='word_1_271' title='bbox 1349 506 1531 546; x_wconf 89' lang='lat' dir='ltr'><strong>inditum</strong></span> <span class='ocrx_word' id='word_1_272' title='bbox 1554 513 1635 558; x_wconf 89' lang='lat' dir='ltr'><strong>est,</strong></span> <span class='ocrx_word' id='word_1_273' title='bbox 1654 507 1833 546; x_wconf 85' lang='lat' dir='ltr'><strong>subinde</strong></span> <span class='ocrx_word' id='word_1_274' title='bbox 1866 513 1911 546; x_wconf 85' lang='lat' dir='ltr'><strong>et</strong></span> <span class='ocrx_word' id='word_1_275' title='bbox 1942 518 1996 545; x_wconf 86' lang='lat' dir='ltr'><strong>ex</strong></span> <span class='ocrx_word' id='word_1_276' title='bbox 2025 506 2136 558; x_wconf 86' lang='lat' dir='ltr'><strong>agris</strong></span> <span class='ocrx_word' id='word_1_277' title='bbox 2154 507 2232 546; x_wconf 88' lang='lat' dir='ltr'><strong>Se-</strong></span> 
     </span>
     <span class='ocr_line' id='line_1_55' title="bbox 1350 570 2232 623; baseline 0 -15"><span class='ocrx_word' id='word_1_278' title='bbox 1350 576 1494 609; x_wconf 88' lang='lat' dir='ltr'><strong>natum</strong></span> <span class='ocrx_word' id='word_1_279' title='bbox 1511 571 1746 623; x_wconf 87' lang='lat' dir='ltr'><strong>Ducesque</strong></span> <span class='ocrx_word' id='word_1_280' title='bbox 1767 570 2113 611; x_wconf 66' lang='lat' dir='ltr'><strong>arcessentibus!</strong></span> <span class='ocrx_word' id='word_1_281' title='bbox 2156 570 2232 609; x_wconf 88' lang='lat' dir='ltr'><strong>Vi-</strong></span> 
     </span>
     <span class='ocr_line' id='line_1_56' title="bbox 1349 631 2234 684; baseline 0.001 -15"><span class='ocrx_word' id='word_1_282' title='bbox 1349 632 1532 670; x_wconf 88' lang='lat' dir='ltr'><strong>dendum</strong></span> <span class='ocrx_word' id='word_1_283' title='bbox 1570 645 1622 671; x_wconf 91' lang='lat' dir='ltr'><strong>an</strong></span> <span class='ocrx_word' id='word_1_284' title='bbox 1660 633 1889 684; x_wconf 87' lang='lat' dir='ltr'><strong>legendum</strong></span> <span class='ocrx_word' id='word_1_285' title='bbox 1918 634 1974 673; x_wconf 91' lang='lat' dir='ltr'><strong>sit</strong></span> <span class='ocrx_word' id='word_1_286' title='bbox 2002 631 2115 684; x_wconf 86' lang='lat' dir='ltr'><strong>apud</strong></span> <span class='ocrx_word' id='word_1_287' title='bbox 2147 632 2234 672; x_wconf 91' lang='lat' dir='ltr'><strong>Pli-</strong></span> 
     </span>
     <span class='ocr_line' id='line_1_57' title="bbox 1348 694 2233 747; baseline 0.002 -15"><span class='ocrx_word' id='word_1_288' title='bbox 1348 694 1485 734; x_wconf 87' lang='lat' dir='ltr'><strong>nium:</strong></span> <span class='ocrx_word' id='word_1_289' title='bbox 1545 695 1657 740; x_wconf 81' lang='lat' dir='ltr'><strong>Quod</strong></span> <span class='ocrx_word' id='word_1_290' title='bbox 1699 697 1824 747; x_wconf 79' lang='lat' dir='ltr'><strong>ipsum</strong></span> <span class='ocrx_word' id='word_1_291' title='bbox 1867 709 2005 736; x_wconf 77' lang='lat' dir='ltr'><strong>nomen</strong></span> <span class='ocrx_word' id='word_1_292' title='bbox 2044 695 2233 735; x_wconf 81' lang='lat' dir='ltr'><strong>indicium</strong></span> 
     </span>
     <span class='ocr_line' id='line_1_58' title="bbox 1348 757 2234 811; baseline 0.002 -17"><span class='ocrx_word' id='word_1_293' title='bbox 1348 761 1419 797; x_wconf 79' lang='lat' dir='ltr'><strong>est.</strong></span> <span class='ocrx_word' id='word_1_294' title='bbox 1474 758 1544 797; x_wconf 87' lang='lat' dir='ltr'><strong>Sic</strong></span> <span class='ocrx_word' id='word_1_295' title='bbox 1574 757 1686 797; x_wconf 89' lang='lat' dir='ltr'><strong>idem</strong></span> <span class='ocrx_word' id='word_1_296' title='bbox 1708 758 1904 798; x_wconf 83' lang='lat' dir='ltr'><strong>Valerius</strong></span> <span class='ocrx_word' id='word_1_297' title='bbox 1926 757 2122 811; x_wconf 86' lang='lat' dir='ltr'><strong>sequenti</strong></span> <span class='ocrx_word' id='word_1_298' title='bbox 2159 770 2234 797; x_wconf 85' lang='lat' dir='ltr'><strong>ex·</strong></span> 
     </span>
     <span class='ocr_line' id='line_1_59' title="bbox 1349 820 2231 870; baseline 0.002 -12"><span class='ocrx_word' id='word_1_299' title='bbox 1349 820 1517 870; x_wconf 86' lang='lat' dir='ltr'><strong>emplo:</strong></span> <span class='ocrx_word' id='word_1_300' title='bbox 1545 821 1557 843; x_wconf 93' lang='lat'>‘</span> <span class='ocrx_word' id='word_1_301' title='bbox 1581 821 1665 862; x_wconf 82' lang='lat' dir='ltr'><strong>Qui</strong></span> <span class='ocrx_word' id='word_1_302' title='bbox 1704 820 1757 860; x_wconf 91' lang='lat' dir='ltr'><strong>ad</strong></span> <span class='ocrx_word' id='word_1_303' title='bbox 1796 832 1891 860; x_wconf 87' lang='lat' dir='ltr'><strong>eum</strong></span> <span class='ocrx_word' id='word_1_304' title='bbox 1929 820 2231 860; x_wconf 88' lang='lat' dir='ltr'><strong>arcessendum</strong></span> 
     </span>
     <span class='ocr_line' id='line_1_60' title="bbox 1351 882 2084 922; baseline 0.003 -2"><span class='ocrx_word' id='word_1_305' title='bbox 1351 893 1374 920; x_wconf 90' lang='lat' dir='ltr'><strong>a</strong></span> <span class='ocrx_word' id='word_1_306' title='bbox 1390 889 1541 921; x_wconf 87' lang='lat' dir='ltr'><strong>senatu</strong></span> <span class='ocrx_word' id='word_1_307' title='bbox 1564 882 1678 921; x_wconf 88' lang='lat' dir='ltr'><strong>missi</strong></span> <span class='ocrx_word' id='word_1_308' title='bbox 1699 882 1851 922; x_wconf 87' lang='lat' dir='ltr'><strong>erant.’</strong></span> <span class='ocrx_word' id='word_1_309' title='bbox 1911 883 2084 922; x_wconf 74' lang='lat' dir='ltr'><strong>Colerus.</strong></span> 
     </span>
    </p>

    <p class='ocr_par' dir='ltr' id='par_1_9' title="bbox 1349 942 2272 2069">
     <span class='ocr_line' id='line_1_61' title="bbox 1403 942 2232 996; baseline 0.002 -13"><span class='ocrx_word' id='word_1_310' title='bbox 1403 946 1425 995; x_wconf 68' lang='grc' dir='ltr'><strong>ξ)</strong></span> <span class='ocrx_word' id='word_1_311' title='bbox 1445 949 1467 983; x_wconf 88' lang='grc'><strong><em>5</em></strong></span> <span class='ocrx_word' id='word_1_312' title='bbox 1496 944 1675 984; x_wconf 73' lang='lat' dir='ltr'><strong>Atilium</strong></span> <span class='ocrx_word' id='word_1_313' title='bbox 1698 945 1847 996; x_wconf 83' lang='lat' dir='ltr'><strong>autem]</strong></span> <span class='ocrx_word' id='word_1_314' title='bbox 1877 942 2036 984; x_wconf 88' lang='lat' dir='ltr'><strong>Atilius</strong></span> <span class='ocrx_word' id='word_1_315' title='bbox 2054 943 2143 995; x_wconf 89' lang='lat' dir='ltr'><strong>ille,</strong></span> <span class='ocrx_word' id='word_1_316' title='bbox 2161 947 2232 996; x_wconf 91' lang='lat' dir='ltr'><strong>qui</strong></span> 
     </span>
     <span class='ocr_line' id='line_1_62' title="bbox 1349 1006 2235 1058; baseline 0 -12"><span class='ocrx_word' id='word_1_317' title='bbox 1349 1007 1556 1046; x_wconf 87' lang='lat' dir='ltr'><strong>Serranus</strong></span> <span class='ocrx_word' id='word_1_318' title='bbox 1576 1007 1717 1046; x_wconf 81' lang='lat' dir='ltr'><strong>dictus</strong></span> <span class='ocrx_word' id='word_1_319' title='bbox 1739 1019 1765 1046; x_wconf 90' lang='lat' dir='ltr'><strong>a</strong></span> <span class='ocrx_word' id='word_1_320' title='bbox 1786 1006 1983 1054; x_wconf 87' lang='lat' dir='ltr'><strong>serendo,</strong></span> <span class='ocrx_word' id='word_1_321' title='bbox 2003 1007 2116 1058; x_wconf 89' lang='lat' dir='ltr'><strong>quod</strong></span> <span class='ocrx_word' id='word_1_322' title='bbox 2135 1018 2235 1046; x_wconf 90' lang='lat' dir='ltr'><strong>cum</strong></span> 
     </span>
     <span class='ocr_line' id='line_1_63' title="bbox 1352 1069 2269 1123; baseline 0.001 -15"><span class='ocrx_word' id='word_1_323' title='bbox 1352 1082 1498 1121; x_wconf 86' lang='lat' dir='ltr'><strong>agrum</strong></span> <span class='ocrx_word' id='word_1_324' title='bbox 1515 1082 1634 1109; x_wconf 90' lang='lat' dir='ltr'><strong>suum</strong></span> <span class='ocrx_word' id='word_1_325' title='bbox 1649 1071 1826 1118; x_wconf 86' lang='lat' dir='ltr'><strong>coleret,</strong></span> <span class='ocrx_word' id='word_1_326' title='bbox 1840 1076 2042 1110; x_wconf 88' lang='lat' dir='ltr'><strong>evocatus</strong></span> <span class='ocrx_word' id='word_1_327' title='bbox 2055 1069 2109 1109; x_wconf 88' lang='lat' dir='ltr'><strong>ad</strong></span> <span class='ocrx_word' id='word_1_328' title='bbox 2125 1081 2233 1123; x_wconf 87' lang='lat' dir='ltr'><strong>rem·</strong></span> <span class='ocrx_word' id='word_1_329' title='bbox 2266 1113 2269 1117; x_wconf 62' lang='grc'><em>,</em></span> 
     </span>
     <span class='ocr_line' id='line_1_64' title="bbox 1351 1133 2234 1184; baseline 0.002 -12"><span class='ocrx_word' id='word_1_330' title='bbox 1351 1133 1582 1184; x_wconf 88' lang='lat' dir='ltr'><strong>publicam,</strong></span> <span class='ocrx_word' id='word_1_331' title='bbox 1602 1134 1655 1174; x_wconf 90' lang='lat' dir='ltr'><strong>ob</strong></span> <span class='ocrx_word' id='word_1_332' title='bbox 1690 1134 1887 1174; x_wconf 83' lang='lat' dir='ltr'><strong>eximiam</strong></span> <span class='ocrx_word' id='word_1_333' title='bbox 1916 1134 2120 1174; x_wconf 84' lang='lat' dir='ltr'><strong>virtutem</strong></span> <span class='ocrx_word' id='word_1_334' title='bbox 2145 1145 2234 1174; x_wconf 91' lang='lat' dir='ltr'><strong>me-</strong></span> 
     </span>
     <span class='ocr_line' id='line_1_65' title="bbox 1353 1196 2234 1237; baseline 0.001 -2"><span class='ocrx_word' id='word_1_335' title='bbox 1353 1197 1440 1235; x_wconf 87' lang='lat' dir='ltr'><strong>ruit</strong></span> <span class='ocrx_word' id='word_1_336' title='bbox 1471 1196 1746 1237; x_wconf 86' lang='lat' dir='ltr'><strong>dictaturam.</strong></span> <span class='ocrx_word' id='word_1_337' title='bbox 1803 1197 1971 1236; x_wconf 90' lang='lat' dir='ltr'><strong>Plinius</strong></span> <span class='ocrx_word' id='word_1_338' title='bbox 2000 1196 2075 1236; x_wconf 89' lang='lat' dir='ltr'><strong>lib.</strong></span> <span class='ocrx_word' id='word_1_339' title='bbox 2095 1207 2234 1236; x_wconf 84' lang='lat' dir='ltr'><strong>xvur.</strong></span> 
     </span>
     <span class='ocr_line' id='line_1_66' title="bbox 1353 1258 2233 1310; baseline 0.001 -13"><span class='ocrx_word' id='word_1_340' title='bbox 1353 1270 1447 1309; x_wconf 87' lang='lat' dir='ltr'><strong>cap.</strong></span> <span class='ocrx_word' id='word_1_341' title='bbox 1489 1261 1530 1297; x_wconf 82' lang='lat'><strong>3.</strong></span> <span class='ocrx_word' id='word_1_342' title='bbox 1566 1258 1837 1309; x_wconf 80' lang='lat' dir='ltr'><strong>‘Quaenam,’</strong></span> <span class='ocrx_word' id='word_1_343' title='bbox 1874 1258 2027 1310; x_wconf 90' lang='lat' dir='ltr'><strong>iuquit,</strong></span> <span class='ocrx_word' id='word_1_344' title='bbox 2065 1258 2077 1280; x_wconf 92' lang='lat'>‘</span> <span class='ocrx_word' id='word_1_345' title='bbox 2099 1263 2233 1298; x_wconf 80' lang='lat' dir='ltr'><strong>tantae</strong></span> 
     </span>
     <span class='ocr_line' id='line_1_67' title="bbox 1351 1320 2234 1371; baseline 0.001 -12"><span class='ocrx_word' id='word_1_346' title='bbox 1351 1321 1564 1360; x_wconf 88' lang='lat' dir='ltr'><strong>ubertatis</strong></span> <span class='ocrx_word' id='word_1_347' title='bbox 1597 1333 1725 1360; x_wconf 87' lang='lat' dir='ltr'><strong>causa</strong></span> <span class='ocrx_word' id='word_1_348' title='bbox 1757 1320 1880 1360; x_wconf 83' lang='lat' dir='ltr'><strong>erat?</strong></span> <span class='ocrx_word' id='word_1_349' title='bbox 1910 1320 2098 1371; x_wconf 89' lang='lat' dir='ltr'><strong>ipsorum</strong></span> <span class='ocrx_word' id='word_1_350' title='bbox 2130 1325 2234 1360; x_wconf 89' lang='lat' dir='ltr'><strong>tunc</strong></span> 
     </span>
     <span class='ocr_line' id='line_1_68' title="bbox 1351 1382 2236 1435; baseline 0.001 -13"><span class='ocrx_word' id='word_1_351' title='bbox 1351 1383 1544 1423; x_wconf 89' lang='lat' dir='ltr'><strong>manibus</strong></span> <span class='ocrx_word' id='word_1_352' title='bbox 1603 1383 1918 1435; x_wconf 88' lang='lat' dir='ltr'><strong>Imperatorum</strong></span> <span class='ocrx_word' id='word_1_353' title='bbox 1980 1382 2236 1423; x_wconf 88' lang='lat' dir='ltr'><strong>colebantur</strong></span> 
     </span>
     <span class='ocr_line' id='line_1_69' title="bbox 1352 1446 2234 1499; baseline 0.002 -13"><span class='ocrx_word' id='word_1_354' title='bbox 1352 1447 1456 1499; x_wconf 88' lang='lat' dir='ltr'><strong>agri,</strong></span> <span class='ocrx_word' id='word_1_355' title='bbox 1492 1453 1539 1487; x_wconf 92' lang='lat' dir='ltr'><strong>ut</strong></span> <span class='ocrx_word' id='word_1_356' title='bbox 1582 1446 1646 1486; x_wconf 88' lang='lat' dir='ltr'><strong>fas</strong></span> <span class='ocrx_word' id='word_1_357' title='bbox 1685 1452 1753 1486; x_wconf 88' lang='lat' dir='ltr'><strong>est</strong></span> <span class='ocrx_word' id='word_1_358' title='bbox 1787 1447 1966 1486; x_wconf 89' lang='lat' dir='ltr'><strong>credere</strong></span> <span class='ocrx_word' id='word_1_359' title='bbox 2014 1446 2234 1498; x_wconf 83' lang='lat' dir='ltr'><strong>gaudente</strong></span> 
     </span>
     <span class='ocr_line' id='line_1_70' title="bbox 1352 1510 2235 1562; baseline 0.001 -13"><span class='ocrx_word' id='word_1_360' title='bbox 1352 1516 1484 1561; x_wconf 86' lang='lat' dir='ltr'><strong>terra,</strong></span> <span class='ocrx_word' id='word_1_361' title='bbox 1506 1522 1676 1550; x_wconf 85' lang='lat' dir='ltr'><strong>vomere</strong></span> <span class='ocrx_word' id='word_1_362' title='bbox 1710 1511 1903 1550; x_wconf 87' lang='lat' dir='ltr'><strong>laureato</strong></span> <span class='ocrx_word' id='word_1_363' title='bbox 1923 1514 1968 1549; x_wconf 91' lang='lat' dir='ltr'><strong>et</strong></span> <span class='ocrx_word' id='word_1_364' title='bbox 1987 1510 2235 1562; x_wconf 87' lang='lat' dir='ltr'><strong>triumphali</strong></span> 
     </span>
     <span class='ocr_line' id='line_1_71' title="bbox 1352 1572 2235 1624; baseline 0.001 -12"><span class='ocrx_word' id='word_1_365' title='bbox 1352 1579 1536 1624; x_wconf 87' lang='lat' dir='ltr'><strong>aratore,</strong></span> <span class='ocrx_word' id='word_1_366' title='bbox 1555 1574 1644 1613; x_wconf 88' lang='lat' dir='ltr'><strong>sive</strong></span> <span class='ocrx_word' id='word_1_367' title='bbox 1665 1573 1726 1612; x_wconf 90' lang='lat' dir='ltr'><strong>illi</strong></span> <span class='ocrx_word' id='word_1_368' title='bbox 1760 1573 1910 1613; x_wconf 88' lang='lat' dir='ltr'><strong>eadem</strong></span> <span class='ocrx_word' id='word_1_369' title='bbox 1943 1584 2046 1612; x_wconf 85' lang='lat' dir='ltr'><strong>cura</strong></span> <span class='ocrx_word' id='word_1_370' title='bbox 2074 1572 2235 1613; x_wconf 87' lang='lat' dir='ltr'><strong>semina</strong></span> 
     </span>
     <span class='ocr_line' id='line_1_72' title="bbox 1351 1634 2237 1688; baseline 0.002 -14"><span class='ocrx_word' id='word_1_371' title='bbox 1351 1635 1595 1676; x_wconf 84' lang='lat' dir='ltr'><strong>tractabant</strong></span> <span class='ocrx_word' id='word_1_372' title='bbox 1614 1648 1697 1688; x_wconf 90' lang='lat' dir='ltr'><strong>qua</strong></span> <span class='ocrx_word' id='word_1_373' title='bbox 1733 1635 1860 1685; x_wconf 90' lang='lat' dir='ltr'><strong>bella,</strong></span> <span class='ocrx_word' id='word_1_374' title='bbox 1879 1634 2112 1687; x_wconf 85' lang='lat' dir='ltr'><strong>eademque</strong></span> <span class='ocrx_word' id='word_1_375' title='bbox 2142 1634 2237 1676; x_wconf 89' lang='lat' dir='ltr'><strong>dili-</strong></span> 
     </span>
     <span class='ocr_line' id='line_1_73' title="bbox 1350 1697 2232 1751; baseline 0.001 -14"><span class='ocrx_word' id='word_1_376' title='bbox 1350 1698 1496 1750; x_wconf 87' lang='lat' dir='ltr'><strong>gentia</strong></span> <span class='ocrx_word' id='word_1_377' title='bbox 1516 1710 1619 1737; x_wconf 88' lang='lat' dir='ltr'><strong>arva</strong></span> <span class='ocrx_word' id='word_1_378' title='bbox 1651 1697 1936 1749; x_wconf 86' lang='lat' dir='ltr'><strong>disponebant</strong></span> <span class='ocrx_word' id='word_1_379' title='bbox 1963 1709 2048 1750; x_wconf 87' lang='lat' dir='ltr'><strong>qua</strong></span> <span class='ocrx_word' id='word_1_380' title='bbox 2075 1705 2232 1751; x_wconf 80' lang='lat' dir='ltr'><strong>castra,</strong></span> 
     </span>
     <span class='ocr_line' id='line_1_74' title="bbox 1351 1760 2234 1804; baseline 0.001 -3"><span class='ocrx_word' id='word_1_381' title='bbox 1351 1762 1441 1801; x_wconf 87' lang='lat' dir='ltr'><strong>sive</strong></span> <span class='ocrx_word' id='word_1_382' title='bbox 1472 1761 1666 1801; x_wconf 81' lang='lat' dir='ltr'><strong>honestis</strong></span> <span class='ocrx_word' id='word_1_383' title='bbox 1703 1760 1896 1800; x_wconf 87' lang='lat' dir='ltr'><strong>manibus</strong></span> <span class='ocrx_word' id='word_1_384' title='bbox 1934 1761 2075 1802; x_wconf 79' lang='lat' dir='ltr'><strong>omnia</strong></span> <span class='ocrx_word' id='word_1_385' title='bbox 2091 1761 2234 1804; x_wconf 83' lang='lat' dir='ltr'><strong>laetius</strong></span> 
     </span>
     <span class='ocr_line' id='line_1_75' title="bbox 1350 1825 2238 1877; baseline 0.003 -13"><span class='ocrx_word' id='word_1_386' title='bbox 1350 1825 1622 1876; x_wconf 89' lang='lat' dir='ltr'><strong>proveniunt,</strong></span> <span class='ocrx_word' id='word_1_387' title='bbox 1649 1829 1847 1877; x_wconf 87' lang='lat' dir='ltr'><strong>quoniam</strong></span> <span class='ocrx_word' id='word_1_388' title='bbox 1878 1830 1924 1865; x_wconf 89' lang='lat' dir='ltr'><strong>et</strong></span> <span class='ocrx_word' id='word_1_389' title='bbox 1955 1826 2161 1866; x_wconf 82' lang='lat' dir='ltr'><strong>curiosius</strong></span> <span class='ocrx_word' id='word_1_390' title='bbox 2186 1825 2238 1866; x_wconf 86' lang='lat' dir='ltr'><strong>fi-</strong></span> 
     </span>
     <span class='ocr_line' id='line_1_76' title="bbox 1351 1889 2233 1940; baseline 0.005 -13"><span class='ocrx_word' id='word_1_391' title='bbox 1351 1894 1443 1940; x_wconf 89' lang='lat' dir='ltr'><strong>unt,</strong></span> <span class='ocrx_word' id='word_1_392' title='bbox 1461 1895 1675 1929; x_wconf 89' lang='lat' dir='ltr'><strong>serentem</strong></span> <span class='ocrx_word' id='word_1_393' title='bbox 1705 1889 1961 1929; x_wconf 87' lang='lat' dir='ltr'><strong>invenerunt</strong></span> <span class='ocrx_word' id='word_1_394' title='bbox 1989 1889 2078 1931; x_wconf 79' lang='lat' dir='ltr'><strong>dati</strong></span> <span class='ocrx_word' id='word_1_395' title='bbox 2105 1890 2233 1930; x_wconf 86' lang='lat' dir='ltr'><strong>hono-</strong></span> 
     </span>
     <span class='ocr_line' id='line_1_77' title="bbox 1349 1952 2234 2004; baseline 0.001 -12"><span class='ocrx_word' id='word_1_396' title='bbox 1349 1965 1418 1992; x_wconf 84' lang='lat' dir='ltr'><strong>res</strong></span> <span class='ocrx_word' id='word_1_397' title='bbox 1451 1953 1697 2004; x_wconf 87' lang='lat' dir='ltr'><strong>Serranum,</strong></span> <span class='ocrx_word' id='word_1_398' title='bbox 1715 1952 2117 2004; x_wconf 74' lang='lat' dir='ltr'><strong>unde‘cognomen.’</strong></span> <span class='ocrx_word' id='word_1_399' title='bbox 2147 1953 2234 1993; x_wconf 72' lang='lat'><em>012·-</em></span> 
     </span>
     <span class='ocr_line' id='line_1_78' title="bbox 1351 2031 2272 2069; baseline 0 -11"><span class='ocrx_word' id='word_1_400' title='bbox 1351 2031 1431 2058; x_wconf 77' lang='lat' dir='ltr'><strong>ver.</strong></span> <span class='ocrx_word' id='word_1_401' title='bbox 2267 2067 2272 2069; x_wconf 9' lang='lat' dir='ltr'><strong>g</strong></span> 
     </span>
    </p>

    <p class='ocr_par' dir='ltr' id='par_1_10' title="bbox 1354 2080 2240 3448">
     <span class='ocr_line' id='line_1_79' title="bbox 1408 2080 2232 2133; baseline 0 -12"><span class='ocrx_word' id='word_1_402' title='bbox 1408 2082 1588 2122; x_wconf 82' lang='lat' dir='ltr'><strong>Eburneo</strong></span> <span class='ocrx_word' id='word_1_403' title='bbox 1632 2081 1818 2133; x_wconf 82' lang='lat' dir='ltr'><strong>scipione]</strong></span> <span class='ocrx_word' id='word_1_404' title='bbox 1865 2081 2096 2133; x_wconf 88' lang='lat' dir='ltr'><strong>Sceptrum</strong></span> <span class='ocrx_word' id='word_1_405' title='bbox 2143 2080 2232 2121; x_wconf 87' lang='lat' dir='ltr'><strong>sive</strong></span> 
     </span>
     <span class='ocr_line' id='line_1_80' title="bbox 1354 2144 2234 2198; baseline -0.001 -12"><span class='ocrx_word' id='word_1_406' title='bbox 1354 2153 1572 2198; x_wconf 88' lang='lat' dir='ltr'><strong>gestamen</strong></span> <span class='ocrx_word' id='word_1_407' title='bbox 1605 2147 1827 2186; x_wconf 89' lang='lat' dir='ltr'><strong>consulare</strong></span> <span class='ocrx_word' id='word_1_408' title='bbox 1847 2145 1986 2196; x_wconf 89' lang='lat' dir='ltr'><strong>scipio</strong></span> <span class='ocrx_word' id='word_1_409' title='bbox 2005 2144 2234 2196; x_wconf 88' lang='lat' dir='ltr'><strong>eburneus,</strong></span> 
     </span>
     <span class='ocr_line' id='line_1_81' title="bbox 1356 2203 2234 2261; baseline -0.001 -13"><span class='ocrx_word' id='word_1_410' title='bbox 1356 2209 1466 2261; x_wconf 85' lang='lat' dir='ltr'><strong>quod</strong></span> <span class='ocrx_word' id='word_1_411' title='bbox 1486 2209 1556 2248; x_wconf 88' lang='lat' dir='ltr'><strong>diu</strong></span> <span class='ocrx_word' id='word_1_412' title='bbox 1575 2208 1781 2260; x_wconf 89' lang='lat' dir='ltr'><strong>ignoravi.</strong></span> <span class='ocrx_word' id='word_1_413' title='bbox 1821 2203 2045 2259; x_wconf 84' lang='lat' dir='ltr'><strong>Fallor,an</strong></span> <span class='ocrx_word' id='word_1_414' title='bbox 2064 2207 2166 2248; x_wconf 89' lang='lat' dir='ltr'><strong>illud</strong></span> <span class='ocrx_word' id='word_1_415' title='bbox 2181 2207 2234 2247; x_wconf 82' lang='lat' dir='ltr'><strong>ab</strong></span> 
     </span>
     <span class='ocr_line' id='line_1_82' title="bbox 1357 2269 2236 2312; baseline -0.002 -1"><span class='ocrx_word' id='word_1_416' title='bbox 1357 2272 1588 2312; x_wconf 86' lang='lat' dir='ltr'><strong>Hetruscis</strong></span> <span class='ocrx_word' id='word_1_417' title='bbox 1624 2271 1784 2311; x_wconf 88' lang='lat' dir='ltr'><strong>habent</strong></span> <span class='ocrx_word' id='word_1_418' title='bbox 1819 2269 2029 2310; x_wconf 87' lang='lat' dir='ltr'><strong>Romani?</strong></span> <span class='ocrx_word' id='word_1_419' title='bbox 2073 2269 2236 2311; x_wconf 85' lang='lat' dir='ltr'><strong>Scribit</strong></span> 
     </span>
     <span class='ocr_line' id='line_1_83' title="bbox 1354 2332 2236 2384; baseline 0.001 -11"><span class='ocrx_word' id='word_1_420' title='bbox 1354 2334 1466 2374; x_wconf 89' lang='lat' dir='ltr'><strong>enim</strong></span> <span class='ocrx_word' id='word_1_421' title='bbox 1489 2333 1720 2384; x_wconf 86' lang='lat' dir='ltr'><strong>Dionysius</strong></span> <span class='ocrx_word' id='word_1_422' title='bbox 1737 2332 2105 2373; x_wconf 86' lang='lat' dir='ltr'><strong>Halicarnassaeus</strong></span> <span class='ocrx_word' id='word_1_423' title='bbox 2125 2333 2236 2375; x_wconf 88' lang='lat' dir='ltr'><strong>libro</strong></span> 
     </span>
     <span class='ocr_line' id='line_1_84' title="bbox 1357 2396 2235 2449; baseline 0.001 -13"><span class='ocrx_word' id='word_1_424' title='bbox 1357 2408 1432 2438; x_wconf 86' lang='lat'><strong>111.</strong></span> <span class='ocrx_word' id='word_1_425' title='bbox 1460 2397 1626 2436; x_wconf 84' lang='lat' dir='ltr'><strong>misisse</strong></span> <span class='ocrx_word' id='word_1_426' title='bbox 1658 2396 1897 2436; x_wconf 86' lang='lat' dir='ltr'><strong>Hetruscos</strong></span> <span class='ocrx_word' id='word_1_427' title='bbox 1923 2397 2154 2449; x_wconf 88' lang='lat' dir='ltr'><strong>Tarquinio</strong></span> <span class='ocrx_word' id='word_1_428' title='bbox 2172 2397 2235 2438; x_wconf 85' lang='lat' dir='ltr'><strong>in-</strong></span> 
     </span>
     <span class='ocr_line' id='line_1_85' title="bbox 1357 2460 2234 2513; baseline 0.002 -13"><span class='ocrx_word' id='word_1_429' title='bbox 1357 2461 1509 2513; x_wconf 82' lang='lat' dir='ltr'><strong>signia,</strong></span> <span class='ocrx_word' id='word_1_430' title='bbox 1527 2460 1681 2513; x_wconf 86' lang='lat' dir='ltr'><strong>quibus</strong></span> <span class='ocrx_word' id='word_1_431' title='bbox 1701 2472 1796 2500; x_wconf 90' lang='lat' dir='ltr'><strong>suos</strong></span> <span class='ocrx_word' id='word_1_432' title='bbox 1818 2461 1959 2512; x_wconf 86' lang='lat' dir='ltr'><strong>Reges</strong></span> <span class='ocrx_word' id='word_1_433' title='bbox 1986 2472 2139 2501; x_wconf 86' lang='lat' dir='ltr'><strong>ornare</strong></span> <span class='ocrx_word' id='word_1_434' title='bbox 2169 2466 2234 2502; x_wconf 60' lang='lat'><strong>804</strong></span> 
     </span>
     <span class='ocr_line' id='line_1_86' title="bbox 1356 2515 2235 2576; baseline 0.001 -12"><span class='ocrx_word' id='word_1_435' title='bbox 1356 2525 1424 2564; x_wconf 90' lang='lat' dir='ltr'><strong>liti</strong></span> <span class='ocrx_word' id='word_1_436' title='bbox 1436 2530 1815 2575; x_wconf 88' lang='lat' dir='ltr'><strong>essent,coronam,</strong></span> <span class='ocrx_word' id='word_1_437' title='bbox 1830 2515 1974 2564; x_wconf 81' lang='lat' dir='ltr'><strong>sellam</strong></span> <span class='ocrx_word' id='word_1_438' title='bbox 1988 2524 2235 2576; x_wconf 80' lang='lat' dir='ltr'><strong>eburneam,</strong></span> 
     </span>
     <span class='ocr_line' id='line_1_87' title="bbox 1359 2587 2234 2642; baseline 0.001 -15"><span class='ocrx_word' id='word_1_439' title='bbox 1359 2593 1679 2639; x_wconf 84' lang='lat' dir='ltr'><strong>sceptrumque,</strong></span> <span class='ocrx_word' id='word_1_440' title='bbox 1699 2587 1743 2626; x_wconf 91' lang='lat' dir='ltr'><strong>in</strong></span> <span class='ocrx_word' id='word_1_441' title='bbox 1763 2599 1924 2638; x_wconf 87' lang='lat' dir='ltr'><strong>summo</strong></span> <span class='ocrx_word' id='word_1_442' title='bbox 1942 2587 2102 2628; x_wconf 86' lang='lat' dir='ltr'><strong>habens</strong></span> <span class='ocrx_word' id='word_1_443' title='bbox 2121 2589 2234 2642; x_wconf 83' lang='lat' dir='ltr'><strong>aqui-</strong></span> 
     </span>
     <span class='ocr_line' id='line_1_88' title="bbox 1358 2650 2235 2704; baseline 0.001 -14"><span class='ocrx_word' id='word_1_444' title='bbox 1358 2653 1458 2690; x_wconf 86' lang='lat' dir='ltr'><strong>lam.</strong></span> <span class='ocrx_word' id='word_1_445' title='bbox 1514 2650 1654 2689; x_wconf 89' lang='lat' dir='ltr'><strong>Miror</strong></span> <span class='ocrx_word' id='word_1_446' title='bbox 1704 2650 1808 2689; x_wconf 89' lang='lat' dir='ltr'><strong>nihil</strong></span> <span class='ocrx_word' id='word_1_447' title='bbox 1844 2650 1896 2690; x_wconf 88' lang='lat' dir='ltr'><strong>de</strong></span> <span class='ocrx_word' id='word_1_448' title='bbox 1930 2650 2091 2691; x_wconf 80' lang='lat' dir='ltr'><strong>haere</strong></span> <span class='ocrx_word' id='word_1_449' title='bbox 2121 2652 2235 2704; x_wconf 81' lang='lat' dir='ltr'><strong>apud</strong></span> 
     </span>
     <span class='ocr_line' id='line_1_89' title="bbox 1360 2713 2235 2767; baseline 0 -13"><span class='ocrx_word' id='word_1_450' title='bbox 1360 2714 1525 2754; x_wconf 89' lang='lat' dir='ltr'><strong>Livium</strong></span> <span class='ocrx_word' id='word_1_451' title='bbox 1546 2714 1644 2765; x_wconf 85' lang='lat' dir='ltr'><strong>legi.</strong></span> <span class='ocrx_word' id='word_1_452' title='bbox 1698 2713 1868 2767; x_wconf 88' lang='lat' dir='ltr'><strong>Aquilae</strong></span> <span class='ocrx_word' id='word_1_453' title='bbox 1897 2720 2070 2767; x_wconf 86' lang='lat' dir='ltr'><strong>sceptro</strong></span> <span class='ocrx_word' id='word_1_454' title='bbox 2101 2715 2235 2767; x_wconf 87' lang='lat' dir='ltr'><strong>impo-</strong></span> 
     </span>
     <span class='ocr_line' id='line_1_90' title="bbox 1362 2777 2236 2830; baseline 0.002 -14"><span class='ocrx_word' id='word_1_455' title='bbox 1362 2778 1458 2817; x_wconf 89' lang='lat' dir='ltr'><strong>sitae</strong></span> <span class='ocrx_word' id='word_1_456' title='bbox 1485 2777 1681 2817; x_wconf 90' lang='lat' dir='ltr'><strong>meminit</strong></span> <span class='ocrx_word' id='word_1_457' title='bbox 1710 2777 1972 2817; x_wconf 88' lang='lat' dir='ltr'><strong>Prudentius</strong></span> <span class='ocrx_word' id='word_1_458' title='bbox 1995 2778 2039 2817; x_wconf 90' lang='lat' dir='ltr'><strong>in</strong></span> <span class='ocrx_word' id='word_1_459' title='bbox 2060 2778 2236 2830; x_wconf 85' lang='lat' dir='ltr'><strong>Hymno</strong></span> 
     </span>
     <span class='ocr_line' id='line_1_91' title="bbox 1362 2839 2236 2892; baseline 0.002 -12"><span class='ocrx_word' id='word_1_460' title='bbox 1362 2840 1542 2880; x_wconf 88' lang='lat' dir='ltr'><strong>Romani</strong></span> <span class='ocrx_word' id='word_1_461' title='bbox 1561 2840 1768 2892; x_wconf 84' lang='lat' dir='ltr'><strong>Martyris</strong></span> <span class='ocrx_word' id='word_1_462' title='bbox 1785 2852 1795 2879; x_wconf 92' lang='lat'><strong>:</strong></span> <span class='ocrx_word' id='word_1_463' title='bbox 1824 2841 1836 2862; x_wconf 89' lang='lat'>‘</span> <span class='ocrx_word' id='word_1_464' title='bbox 1851 2839 1958 2881; x_wconf 88' lang='lat' dir='ltr'><strong>Cum</strong></span> <span class='ocrx_word' id='word_1_465' title='bbox 1972 2843 2236 2882; x_wconf 89' lang='lat' dir='ltr'><strong>consulatum</strong></span> 
     </span>
     <span class='ocr_line' id='line_1_92' title="bbox 1360 2903 2240 2957; baseline 0.005 -16"><span class='ocrx_word' id='word_1_466' title='bbox 1360 2903 1491 2954; x_wconf 82' lang='lat' dir='ltr'><strong>initis,</strong></span> <span class='ocrx_word' id='word_1_467' title='bbox 1511 2908 1559 2942; x_wconf 90' lang='lat' dir='ltr'><strong>nt</strong></span> <span class='ocrx_word' id='word_1_468' title='bbox 1577 2914 1720 2943; x_wconf 89' lang='lat' dir='ltr'><strong>vernae</strong></span> <span class='ocrx_word' id='word_1_469' title='bbox 1741 2903 2076 2957; x_wconf 86' lang='lat' dir='ltr'><strong>solent,(Pudet</strong></span> <span class='ocrx_word' id='word_1_470' title='bbox 2088 2903 2240 2956; x_wconf 86' lang='lat' dir='ltr'><strong>fateri)</strong></span> 
     </span>
     <span class='ocr_line' id='line_1_93' title="bbox 1359 2965 2239 3020; baseline 0.002 -15"><span class='ocrx_word' id='word_1_471' title='bbox 1359 2965 1474 3005; x_wconf 87' lang='lat' dir='ltr'><strong>farre</strong></span> <span class='ocrx_word' id='word_1_472' title='bbox 1495 2966 1631 3017; x_wconf 92' lang='lat' dir='ltr'><strong>pullos</strong></span> <span class='ocrx_word' id='word_1_473' title='bbox 1647 2966 1839 3018; x_wconf 84' lang='lat' dir='ltr'><strong>pascitis,</strong></span> <span class='ocrx_word' id='word_1_474' title='bbox 1867 2966 2022 3020; x_wconf 90' lang='lat' dir='ltr'><strong>Aquila</strong></span> <span class='ocrx_word' id='word_1_475' title='bbox 2039 2978 2094 3007; x_wconf 82' lang='lat' dir='ltr'><strong>ex</strong></span> <span class='ocrx_word' id='word_1_476' title='bbox 2113 2968 2239 3010; x_wconf 89' lang='lat' dir='ltr'><strong>ebur·</strong></span> 
     </span>
     <span class='ocr_line' id='line_1_94' title="bbox 1359 3030 2237 3084; baseline 0.003 -15"><span class='ocrx_word' id='word_1_477' title='bbox 1359 3041 1414 3069; x_wconf 90' lang='lat' dir='ltr'><strong>na</strong></span> <span class='ocrx_word' id='word_1_478' title='bbox 1434 3030 1560 3071; x_wconf 91' lang='lat' dir='ltr'><strong>sumit</strong></span> <span class='ocrx_word' id='word_1_479' title='bbox 1581 3032 1872 3081; x_wconf 87' lang='lat' dir='ltr'><strong>arrogantiam</strong></span> <span class='ocrx_word' id='word_1_480' title='bbox 1904 3033 2112 3084; x_wconf 68' lang='lat' dir='ltr'><strong>Gestator·</strong></span> <span class='ocrx_word' id='word_1_481' title='bbox 2129 3033 2237 3084; x_wconf 85' lang='lat' dir='ltr'><strong>ejus,</strong></span> 
     </span>
     <span class='ocr_line' id='line_1_95' title="bbox 1362 3093 2236 3147; baseline 0.003 -15"><span class='ocrx_word' id='word_1_482' title='bbox 1362 3105 1411 3134; x_wconf 83' lang='lat' dir='ltr'><strong>ac</strong></span> <span class='ocrx_word' id='word_1_483' title='bbox 1432 3093 1626 3146; x_wconf 87' lang='lat' dir='ltr'><strong>superbit</strong></span> <span class='ocrx_word' id='word_1_484' title='bbox 1642 3094 1785 3134; x_wconf 89' lang='lat' dir='ltr'><strong>bellua</strong></span> <span class='ocrx_word' id='word_1_485' title='bbox 1816 3093 1999 3135; x_wconf 84' lang='lat' dir='ltr'><strong>Inflatus</strong></span> <span class='ocrx_word' id='word_1_486' title='bbox 2027 3107 2140 3147; x_wconf 88' lang='lat' dir='ltr'><strong>esse,</strong></span> <span class='ocrx_word' id='word_1_487' title='bbox 2166 3096 2236 3135; x_wconf 89' lang='lat' dir='ltr'><strong>cui</strong></span> 
     </span>
     <span class='ocr_line' id='line_1_96' title="bbox 1359 3156 2236 3208; baseline 0.002 -12"><span class='ocrx_word' id='word_1_488' title='bbox 1359 3156 1499 3208; x_wconf 88' lang='lat' dir='ltr'><strong>figura</strong></span> <span class='ocrx_word' id='word_1_489' title='bbox 1530 3162 1598 3197; x_wconf 88' lang='lat' dir='ltr'><strong>est</strong></span> <span class='ocrx_word' id='word_1_490' title='bbox 1627 3156 1769 3198; x_wconf 69' lang='lat' dir='ltr'><strong>alitis?</strong></span> <span class='ocrx_word' id='word_1_491' title='bbox 1823 3158 1982 3198; x_wconf 78' lang='lat' dir='ltr'><strong>In&#39;vet.</strong></span> <span class='ocrx_word' id='word_1_492' title='bbox 2001 3157 2236 3198; x_wconf 59' lang='lat' dir='ltr'><strong>manute-</strong></span> 
     </span>
     <span class='ocr_line' id='line_1_97' title="bbox 1361 3214 2237 3272; baseline 0.002 -13"><span class='ocrx_word' id='word_1_493' title='bbox 1361 3221 1504 3272; x_wconf 81' lang='lat' dir='ltr'><strong>gitur=</strong></span> <span class='ocrx_word' id='word_1_494' title='bbox 1549 3216 1625 3260; x_wconf 89' lang='lat' dir='ltr'><strong>‘ut</strong></span> <span class='ocrx_word' id='word_1_495' title='bbox 1656 3233 1822 3261; x_wconf 84' lang='lat' dir='ltr'><strong>vermes</strong></span> <span class='ocrx_word' id='word_1_496' title='bbox 1856 3214 2022 3261; x_wconf 61' lang='lat' dir='ltr'><strong>solent?</strong></span> <span class='ocrx_word' id='word_1_497' title='bbox 2076 3220 2170 3260; x_wconf 89' lang='lat' dir='ltr'><strong>Imo</strong></span> <span class='ocrx_word' id='word_1_498' title='bbox 2189 3226 2237 3261; x_wconf 84' lang='lat' dir='ltr'><strong>et.</strong></span> 
     </span>
     <span class='ocr_line' id='line_1_98' title="bbox 1360 3283 2237 3324; baseline -0.001 0"><span class='ocrx_word' id='word_1_499' title='bbox 1360 3283 1582 3324; x_wconf 83' lang='lat' dir='ltr'><strong>Juvenalis</strong></span> <span class='ocrx_word' id='word_1_500' title='bbox 1600 3285 1690 3324; x_wconf 90' lang='lat' dir='ltr'><strong>Sat.</strong></span> <span class='ocrx_word' id='word_1_501' title='bbox 1710 3295 1758 3322; x_wconf 78' lang='lat' dir='ltr'><strong>x·</strong></span> <span class='ocrx_word' id='word_1_502' title='bbox 1804 3285 1818 3306; x_wconf 86' lang='lat'>‘</span> <span class='ocrx_word' id='word_1_503' title='bbox 1836 3283 1905 3323; x_wconf 84' lang='lat' dir='ltr'><strong>Da</strong></span> <span class='ocrx_word' id='word_1_504' title='bbox 1922 3294 2036 3323; x_wconf 90' lang='lat' dir='ltr'><strong>nunc</strong></span> <span class='ocrx_word' id='word_1_505' title='bbox 2055 3288 2100 3323; x_wconf 89' lang='lat' dir='ltr'><strong>et</strong></span> <span class='ocrx_word' id='word_1_506' title='bbox 2119 3283 2237 3323; x_wconf 90' lang='lat' dir='ltr'><strong>volu·</strong></span> 
     </span>
     <span class='ocr_line' id='line_1_99' title="bbox 1361 3337 2235 3398; baseline 0.001 -13"><span class='ocrx_word' id='word_1_507' title='bbox 1361 3337 1491 3392; x_wconf 86' lang='lat' dir='ltr'><strong>crem,</strong></span> <span class='ocrx_word' id='word_1_508' title='bbox 1529 3352 1700 3398; x_wconf 87' lang='lat' dir='ltr'><strong>sceptro</strong></span> <span class='ocrx_word' id='word_1_509' title='bbox 1735 3358 1830 3398; x_wconf 86' lang='lat' dir='ltr'><strong>quae</strong></span> <span class='ocrx_word' id='word_1_510' title='bbox 1868 3346 2008 3397; x_wconf 85' lang='lat' dir='ltr'><strong>surgit</strong></span> <span class='ocrx_word' id='word_1_511' title='bbox 2045 3345 2235 3387; x_wconf 70' lang='lat' dir='ltr'><strong>eburno!</strong></span> 
     </span>
     <span class='ocr_line' id='line_1_100' title="bbox 1365 3409 1540 3448; baseline 0 0"><span class='ocrx_word' id='word_1_512' title='bbox 1365 3409 1540 3448; x_wconf 82' lang='lat' dir='ltr'><strong>Colerus.</strong></span> 
     </span>
    </p>

    <p class='ocr_par' dir='ltr' id='par_1_11' title="bbox 1362 3469 2236 3585">
     <span class='ocr_line' id='line_1_101' title="bbox 1412 3469 2235 3520; baseline 0.001 -11"><span class='ocrx_word' id='word_1_513' title='bbox 1412 3469 1584 3520; x_wconf 81' lang='lat' dir='ltr'><strong>Stivam]</strong></span> <span class='ocrx_word' id='word_1_514' title='bbox 1626 3469 1900 3510; x_wconf 84' lang='lat' dir='ltr'><strong>Manubrium</strong></span> <span class='ocrx_word' id='word_1_515' title='bbox 1942 3470 2048 3511; x_wconf 90' lang='lat' dir='ltr'><strong>illud</strong></span> <span class='ocrx_word' id='word_1_516' title='bbox 2095 3471 2235 3513; x_wconf 89' lang='lat' dir='ltr'><strong>incur-</strong></span> 
     </span>
     <span class='ocr_line' id='line_1_102' title="bbox 1362 3531 2236 3585; baseline 0 -11"><span class='ocrx_word' id='word_1_517' title='bbox 1362 3544 1474 3585; x_wconf 87' lang='lat' dir='ltr'><strong>vum,</strong></span> <span class='ocrx_word' id='word_1_518' title='bbox 1499 3531 1609 3585; x_wconf 89' lang='lat' dir='ltr'><strong>quod</strong></span> <span class='ocrx_word' id='word_1_519' title='bbox 1629 3532 1824 3574; x_wconf 87' lang='lat' dir='ltr'><strong>manibus</strong></span> <span class='ocrx_word' id='word_1_520' title='bbox 1859 3538 2031 3573; x_wconf 87' lang='lat' dir='ltr'><strong>tenetur</strong></span> <span class='ocrx_word' id='word_1_521' title='bbox 2061 3534 2236 3581; x_wconf 73' lang='lat' dir='ltr'><strong>arando,</strong></span> 
     </span>
    </p>
   </div>
  </div>
 </body>
</html>
