2346 3996
409 296 554 350 1242

404 430 580 470 ultimam
594 445 607 471 .·
630 431 731 472 vitio
751 431 794 471 in
815 431 934 472 libris
955 433 1121 475 crebro.
1175 434 1280 474 Sen-

404 493 544 532 tentia
563 493 632 532 hic
654 495 854 545 postulat.
910 495 1009 535 Non
1029 497 1142 539 enim
1163 496 1278 535 aliud

404 555 578 607 aliquod
599 569 750 596 munus
772 557 909 597 obisse
924 564 1085 608 narrat,
1105 559 1179 598 sed
1197 558 1278 599 hoc

401 617 516 657 idem
538 619 867 670 interpretando
885 620 966 660 vile
983 621 1091 661 facit
1110 627 1155 661 et
1173 621 1277 674 abji-

402 681 477 720 cit.
508 681 618 732 Lips.

453 744 688 795 Auctorato]
731 744 801 786 Ab
838 747 1096 788 auctoritate
1142 749 1278 789 aliena

401 807 693 859 dependente.

453 871 693 911 Praedonum
728 872 845 924 bello]
871 875 1038 915 Bellum
1058 876 1170 928 quod
1191 876 1276 916 Eu-

397 947 475 974 nus
501 936 671 988 quidam
691 937 826 989 Syrus
855 938 898 978 in
917 939 1062 979 Sicilia
1081 941 1275 980 concita-

397 1006 532 1048 verat,
551 999 617 1039 hic
634 999 831 1052 perfecit,
848 1007 894 1041 et
911 1002 1101 1042 Siciliam
1121 1002 1275 1043 libera·

396 1062 476 1102 vit.
505 1063 658 1103 Oliver.

450 1127 519 1178 §9
549 1128 622 1167 Cn.
657 1129 870 1180 Pompeius
899 1130 1047 1180 Magni
1073 1135 1204 1182 pater,
1221 1132 1273 1171 P.

403 1188 627 1229 Ventidium
659 1195 777 1231 aetate
798 1192 981 1243 puberem
1008 1192 1049 1232 in
1077 1193 1273 1245 triumpho

392 1252 480 1303 suo]
511 1254 757 1305 Legendum
793 1261 916 1307 puto,
952 1261 1069 1296 oetate
1104 1257 1275 1309 impube-

391 1329 506 1364 rem,·
533 1323 582 1357 ut
608 1318 735 1358 latius
762 1319 806 1358 in
837 1321 1164 1371 magistratuum
1184 1321 1272 1361 An-

395 1379 562 1419 nalibus
581 1380 886 1423 demonstravi.
918 1384 1038 1433 Pigh.

435 1443 663 1495 Ventidius]
682 1444 734 1483 In
753 1446 1015 1486 sermonibus
1035 1459 1172 1500 nuper
1188 1448 1272 1490 fuit

391 1506 606 1546 seniorum
653 1507 868 1548 hominum
907 1516 953 1550 et
989 1512 1269 1567 eruditorum,

389 1569 545 1608 multos
566 1569 609 1609 in
631 1575 776 1610 vetere
795 1573 998 1613 memoria
1018 1575 1270 1617 altissimum

389 1633 609 1684 dignitatis
641 1635 816 1685 gradum
841 1636 1084 1678 ascendisse
1103 1639 1269 1691 ignobi-

388 1699 570 1740 lissimos
598 1700 715 1752 prius
746 1700 936 1741 homines
955 1707 997 1742 et
1019 1702 1271 1756 despicatis-

389 1764 530 1804 simos.
587 1764 704 1804 Nihil
726 1764 833 1804 adeo
853 1763 907 1805 de
935 1778 1144 1819 quoquam
1177 1773 1270 1808 tan-

390 1833 449 1868 tae
483 1827 754 1869 admirationi
773 1827 872 1880 fuit,
891 1835 1063 1882 quantae
1096 1829 1270 1873 fuerunt

390 1904 485 1944 quae
504 1891 557 1932 de
578 1891 783 1932 Ventidio
803 1893 940 1933 Basso
962 1894 1122 1947 scripta
1141 1902 1267 1937 sunt:

388 1968 485 1995 eum
508 1956 729 1996 Picentem
749 1955 898 2008 fnisse,
917 1969 1074 2008 genere
1103 1964 1149 1999 et
1172 1961 1268 2001 loco

387 2021 562 2072 humili;
602 2027 647 2062 et
668 2028 848 2062 matrem
876 2023 971 2074 ejus
1004 2036 1029 2063 a
1059 2023 1269 2077 Pompeio

388 2087 618 2138 Strabone,
637 2087 832 2139 Pompeii
845 2087 985 2139 magni
999 2094 1139 2141 patre,
1153 2089 1268 2130 bello

388 2151 552 2202 sociali,
570 2163 657 2203 quo
678 2150 926 2191 AEsculanos
954 2152 1139 2204 subegit,
1167 2165 1268 2205 cap-

389 2220 476 2254 tam
493 2226 588 2255 curu
609 2214 702 2266 ipso
716 2225 836 2264 esse;
865 2227 963 2255 mox
980 2215 1268 2268 triumphante

391 2278 600 2330 Pompeio
620 2279 832 2319 Strabone
855 2291 952 2319 eum
972 2292 1138 2333 quoque
1167 2293 1268 2333 pue·

388 2354 479 2381 rum
503 2343 616 2382 inter
635 2347 818 2382 caeteros
835 2348 934 2382 ante
954 2356 1124 2384 currum
1138 2344 1269 2396 impe-

386 2406 541 2445 ratoris
559 2405 653 2445 sinu
667 2405 815 2446 matris
828 2412 998 2446 vectum
1013 2419 1132 2457 esse;
1155 2412 1269 2459 post,

387 2480 516 2521 quum
549 2469 824 2522 adolevisset,
848 2470 1011 2510 victum
1043 2471 1124 2510 sibi
1154 2482 1268 2523 aegre

388 2533 620 2586 quaesisse;
650 2545 833 2586 eumque
859 2533 1030 2574 sordide
1056 2535 1267 2575 invenisse

386 2597 685 2649 comparandis
719 2597 843 2637 mulis
864 2603 910 2636 et
929 2598 1151 2650 vehiculis,
1172 2611 1267 2651 quae

384 2659 723 2710 magistratibus,
743 2660 815 2712 qui
849 2661 991 2700 sortiti
1023 2662 1267 2713 provincias

385 2722 544 2769 forent,
575 2722 810 2773 praebenda
843 2723 1013 2774 publice
1043 2724 1267 2765 conduxis-

388 2793 484 2836 θεῖς
511 2786 556 2825 in
586 2787 668 2826 isto
699 2791 866 2837 quaestu
896 2794 1045 2827 notum
1071 2800 1163 2828 esse
1183 2801 1266 2829 coe-

384 2851 502 2903 pisse
524 2850 572 2890 C.
594 2850 771 2899 Caesari,
788 2854 942 2889 etcum
955 2861 1006 2890 eo
1027 2849 1265 2902 profectuum

384 2928 478 2956 esse
500 2916 542 2955 in
567 2915 757 2955 Gallias:
790 2921 879 2954 tum
901 2915 1000 2968 quia
1030 2915 1074 2955 in
1090 2927 1141 2956 ea
1169 2928 1266 2968 pro-

384 2980 525 3019 vincia.
561 2979 666 3019 satis
699 2979 870 3018 naviter
904 2983 1096 3019 versatus
1136 2985 1265 3032 esset,

386 3043 589 3094 deinceps
638 3041 752 3082 civili
789 3040 904 3082 bello
946 3042 1148 3082 mandata
1182 3044 1264 3084 sibi

385 3108 588 3160 pleraque
608 3105 791 3157 impigre
822 3111 866 3144 et
884 3111 1056 3146 strenue
1074 3105 1263 3158 fecisset,

385 3183 468 3211 non
489 3168 616 3210 modo
641 3168 683 3207 in
709 3168 940 3208 amicitiam
961 3169 1159 3221 Caesaris,
1188 3171 1263 3211 sed

383 3248 439 3275 ex
472 3246 520 3274 ea
555 3234 597 3273 iu
633 3231 936 3284 amplissimum
963 3244 1133 3284 quoque
1152 3233 1262 3272 ordi-

383 3309 481 3339 nem
502 3295 774 3348 pervenisse:
805 3307 905 3335 mox
923 3296 1139 3336 tribunum
1162 3310 1263 3350 quo-

383 3374 466 3416 que
487 3361 623 3414 plebis
643 3371 694 3400 ac
714 3359 869 3399 deinde
890 3364 1120 3412 praetorem
1144 3373 1263 3401 crea-

383 3435 490 3475 tum,
513 3429 643 3477 atque
663 3424 705 3463 in
725 3434 776 3462 eo
797 3428 992 3474 tempore
1020 3423 1262 3474 judicatum

385 3501 478 3530 esse
508 3503 532 3529 a
551 3494 704 3528 senatu
730 3488 898 3528 hostem
917 3498 1013 3526 cum
1040 3487 1104 3527 M.
1125 3486 1262 3527 Anto-

384 3553 478 3594 nio:
522 3558 621 3605 post
651 3563 751 3594 vero
791 3550 1028 3605 conjunctis
1066 3551 1262 3605 partibus

991 314 1168 353 No'rAE
1208 311 1541 355 ‘VARIORUM
1584 317 1649 355 IN

1345 444 1431 471 non
1457 433 1682 484 pristinam
1702 440 1866 476 tantum
1886 437 2140 489 dignitatem
2159 449 2227 489 re·

1346 508 1595 547 cuperasse,
1638 499 1713 538 sed
1752 506 1796 540 et
1842 502 2137 552 pontificatum
2175 515 2226 542 ac

1344 558 1501 598 deinde
1535 562 1801 602 consulatum
1822 576 1990 616 quoque
2019 565 2223 617 adeptum

1343 633 1458 662 esse:
1494 634 1672 674 eamque
1711 636 1800 664 rem
1835 633 1921 666 tam
1946 628 2225 668 intoleranter

1342 683 1492 723 tulisse
1516 686 1719 736 populum
1741 688 1996 741 Romanum,
2016 691 2086 744 qui
2105 692 2223 732 Ven-

1341 746 1492 786 tidium
1532 748 1711 788 Bassum
1739 753 1994 792 meminerat
2021 754 2220 793 curandis

1340 812 1465 851 mulis
1501 813 1742 867 victitasse,
1779 820 1829 855 ut
1855 817 1984 868 vulgo
2018 829 2096 869 per
2130 817 2220 857 vias

1339 876 1456 915 urbis
1470 877 1664 917 versiculi
1679 879 2073 929 proscriberentur:
2087 881 2100 903 ‘
2110 879 2221 920 Con·

1338 941 1498 980 currite
1536 954 1682 982 omnes
1711 954 1908 994 augures,
1940 942 2218 994 haruspices:

1338 1003 1596 1044 Portentum
1618 1005 1870 1046 inusitatum
1890 1004 2127 1046 conflatum
2155 1011 2222 1047 est

1338 1079 1514 1107 recens:
1548 1068 1660 1108 Nam
1679 1070 1815 1108 mulos
1831 1069 1904 1122 qui
1919 1068 2102 1110 fricabat
2119 1081 2222 1109 con-

1338 1131 1403 1170 sul
1423 1130 1563 1171 factus
1584 1131 1681 1172 est!
1711 1131 1763 1173 A.
1785 1132 1966 1173 Gellius.
2007 1151 2009 1154 ·

1391 1194 1699 1246 Miserabiliter]
1735 1196 1848 1236 Nam
1880 1195 2110 1236 Arsacides
2139 1207 2218 1236 rex

1337 1257 1596 1297 Parthorum
1632 1257 1773 1298 Crassi
1821 1270 1979 1310 corpus
2023 1257 2126 1300 feris
2173 1265 2218 1298 et

1337 1320 1509 1360 alitibus
1547 1320 1836 1361 devorandum
1873 1322 2003 1373 jussit
2046 1322 2218 1374 exponi.

1339 1385 1451 1425 oliv.

1395 1449 1532 1490 Victor
1561 1449 1800 1501 Capitolium
1818 1449 2020 1499 felicitate
2051 1448 2218 1489 celebra-

1332 1512 1412 1564 vit]
1444 1514 1512 1552 De
1530 1512 1824 1564 triumphante
1839 1512 2045 1566 loquitur.
2092 1511 2217 1552 Anne

1322 1577 1446 1626 felice
1463 1574 1594 1629 dape?
1622 1581 1670 1617 ut
1700 1576 1754 1617 de
1774 1576 1951 1616 solemni
1972 1576 2048 1616 illo
2066 1576 2216 1616 trium-

1333 1641 1557 1694 phantium
1588 1640 1785 1682 convivio
1820 1641 1863 1680 in
1901 1640 2117 1692 Capitolio
2149 1651 2216 1680 ca-

1332 1705 1439 1757 pias.
1462 1704 1569 1757 Lips.
1613 1704 1841 1755 Felicitate]
1859 1704 2000 1744 Acute
2018 1703 2215 1756 Lipsius:

1321 1767 1440 1815 felici
1469 1769 1580 1819 dape.
1635 1767 1681 1807 Si
1717 1779 1820 1806 vera
1855 1773 1924 1807 est
1951 1767 2216 1819 conjectura,

1332 1830 1534 1882 intelligit
1561 1829 1759 1870 Valerius
1780 1829 1934 1882 dapem
1951 1830 2067 1870 illam
2085 1829 2214 1881 capi-

1333 1894 1511 1935 tolinam
1549 1894 1915 1947 triumphantium.
1986 1894 2213 1946 Philargy-

1333 1959 1445 1998 rius:
1491 1958 1749 1999 ‘Coenarum
1787 1957 1870 1998 tria
1907 1968 2067 2010 genera
2099 1961 2215 2007 sunt,

1333 2023 1565 2074 Sollemne‚
1600 2022 1834 2073 Viaticum,
1870 2021 2065 2063 Geniale.
2121 2021 2214 2061 Sol-

1331 2086 1472 2125 lemne
1491 2086 1755 2137 interpretor
1787 2086 1934 2137 epulas
1963 2084 2056 2124 illas
2070 2084 2214 2126 Jovia-

1331 2151 1391 2190 les
1410 2151 1452 2190 in
1474 2151 1688 2202 Capitolio
1708 2147 2002 2190 celebratum!
2042 2149 2108 2188 De
2127 2160 2211 2201 quo

1331 2214 1470 2253 Varro
1504 2213 1582 2255 lib.
1621 2225 1695 2253 111.
1730 2212 1784 2252 de
1813 2212 1918 2253 Vita
1948 2213 2058 2264 Pop.
2087 2212 2212 2252 Rom.

1330 2277 1342 2297 ⁴
1361 2276 1421 2315 Ut
1439 2277 1530 2328 ejus
1545 2276 1805 2326 convivium,
1824 2276 1896 2328 qui
1914 2274 2214 2326 triumpharet,

1331 2339 1376 2379 in
1408 2341 1625 2393 Capitolio
1656 2340 1829 2381 videtur
1854 2351 1949 2380 esse
1978 2339 2212 2392 proprium,

1331 2409 1379 2444 ut
1399 2404 1493 2456 ipse
1516 2404 1663 2456 potius
1695 2404 1866 2444 domum
1885 2403 2168 2444 reduceretur
2187 2414 2213 2443 a

1330 2467 1557 2509 convivio.’
1590 2470 1719 2509 Coler.
2044 2495 2045 2498 η

1390 2533 1545 2572 Praetor
1571 2537 1611 2572 et
1638 2531 1786 2583 consul]
1817 2531 1951 2573 Addit
1978 2532 2108 2572 etiam
2135 2530 2212 2571 tri-

1330 2595 1491 2636 bunum
1512 2595 1719 2647 Agellius.
1750 2596 1875 2636 Idem.

1387 2660 1409 2711 ς
1440 2661 1491 2698 10
1523 2659 1710 2709 Casuum,
1739 2659 1826 2710 lya]
1855 2657 2050 2710 Contigit
2066 2656 2125 2698 A.
2151 2656 2209 2698 U.

1330 2733 1457 2763 ncvr.
2254 2732 2258 2734 ·

1383 2785 1433 2826 L.
1447 2785 1654 2837 Lentulus]
1669 2785 1755 2825 Hic
1770 2789 1997 2826 accusatus
2011 2789 2213 2837 repetun-

1328 2849 1478 2889 darum
1501 2848 1597 2889 fuit.
1638 2850 1875 2902 Spartacus
1894 2854 1940 2891 et
1959 2850 2131 2902 Crixus,
2146 2848 2209 2890 ef-

1328 2912 1469 2953 fracto
1491 2913 1663 2953 Lentuli
1682 2913 1799 2965 ludo,
1817 2914 2096 2966 gladiatores,
2109 2923 2207 2954 cum

1328 2976 1506 3028 triginta
1535 2976 1647 3016 haud
1668 2977 1847 3028 amplius
1867 2977 2056 3029 ejusdem
2076 2975 2210 3016 fortu-

1326 3053 1394 3081 nae
1414 3041 1528 3091 viris,
1542 3052 1726 3092 erupere
1744 3041 1907 3092 Capua,
1921 3040 2138 3092 servisque
2151 3040 2205 3079 ad

1327 3106 1528 3145 vexillum
1549 3104 1748 3154 vocatis,
1771 3104 1939 3156 justum
1969 3103 2204 3143 exercitum

1324 3167 1531 3208 fecerant.
1588 3166 1762 3207 Deinde
1787 3165 2020 3206 consularis
2034 3177 2205 3217 quoque

1326 3232 1514 3284 aggressi
1534 3231 1707 3271 Lentuli
1735 3230 1972 3270 exercitum
1995 3229 2038 3268 in
2058 3228 2205 3281 Apen-

1325 3297 1425 3335 nino
1454 3295 1663 3337 cecidere.
1708 3292 1795 3333 Hic
1828 3293 1974 3345 itaque
1997 3292 2205 3332 Lentulus

1324 3361 1420 3411 lege
1439 3371 1464 3399 a
1492 3358 1665 3401 Caecilio
1687 3361 1836 3398 contra
1857 3369 1952 3396 eum
1974 3357 2062 3396 lata
2079 3368 2203 3408 repe·

1324 3422 1553 3463 tundarum
1574 3422 1823 3471 damnatur-3
1854 3426 1954 3473 post
1974 3419 2205 3460 damnatio·

1324 3498 1421 3527 nem
1451 3497 1605 3527 censor
1637 3491 1812 3525 creatur
1838 3496 1934 3525 cum
1964 3483 2202 3524 Incenso-

1325 3550 1436 3591 rino.
1480 3549 1566 3591 Sed
1598 3548 1667 3589 hic
1695 3547 1877 3589 fortasse
1897 3547 2099 3590 Lentulus
2120 3551 2207 3597 est,
