2288 3990
412 264 519 317 954

350 422 353 425 -
412 397 569 433 tarent.
626 391 836 432 Videatur
873 393 1003 434 etiam
1045 395 1286 435 Brissonius

412 455 556 496 Form.
576 455 652 497 lib.
672 467 702 496 1.
736 456 922 497 Becman.

466 517 666 567 Infantem
701 523 922 558 semestrem
957 518 1000 558 in
1022 518 1116 568 foro
1153 519 1286 560 boario

409 579 645 631 triumphum
686 580 962 631 proclamasse]
1017 581 1164 622 Livius
1209 583 1284 623 lib.

409 652 510 683 xxx.
530 644 572 682 in
592 642 686 683 foro
708 644 895 684 Olitorio
924 644 1152 696 contigisse
1180 646 1284 685 scri-

409 704 489 746 bit.
529 705 672 757 Atque
707 706 776 745 hic
812 707 979 746 variant
1011 708 1284 759 exemplaria.

407 767 633 808 Pulmanni
656 770 715 808 sic
727 768 881 808 habet:
911 770 1078 809 Puerum
1095 771 1285 820 infantem

404 835 626 871 semestrem
652 833 694 870 in
712 832 806 880 foro
834 833 965 872 boario
997 834 1180 884 locutum,
1212 834 1285 873 tri·

405 894 589 945 umphum
644 896 869 946 protulisse.
945 896 1284 936 Winchelianum

407 967 510 995 vero
542 957 632 997 sic:
669 957 725 996 In
748 956 842 1005 foro
880 957 1012 997 boario
1047 958 1283 1008 triumphum

404 1017 588 1059 locutum.
652 1019 798 1058 Livius
839 1019 1090 1059 ‘infantem
1127 1032 1283 1060 semes·

407 1080 541 1119 trem'
576 1080 695 1122 dicit.
755 1082 902 1122 Tertia
933 1082 1064 1133 igitur
1097 1095 1179 1123 vox
1211 1084 1284 1122 illa

403 1154 580 1193 puerum,
607 1156 703 1182 cum
734 1144 790 1183 sit
821 1143 1049 1197 superflua,
1069 1157 1092 1184 e
1111 1146 1283 1185 scholiis

404 1203 449 1243 in
487 1211 735 1245 contextum
777 1206 1048 1246 Valerianum
1094 1207 1282 1259 irrepsit.

404 1264 542 1318 Atqui
568 1267 638 1307 hic
669 1268 769 1307 mihi
803 1268 973 1308 videtur
1005 1269 1202 1308 Valerius
1229 1269 1283 1309 ab

402 1329 581 1370 indocto
600 1332 740 1383 aliquo
759 1331 801 1370 iu
821 1332 1051 1382 Epitomen
1065 1333 1282 1372 redactus.

405 1390 517 1429 Nam
555 1392 681 1442 plura
716 1391 928 1443 prodigia,
967 1404 1063 1444 quae
1102 1393 1283 1432 diversis

403 1463 587 1492 evenere
621 1453 898 1504 temporibus,
933 1460 1134 1507 tanquam
1169 1456 1282 1508 ejus·

404 1513 501 1554 dem
521 1518 745 1566 temporis,
762 1515 840 1554 sub
865 1528 948 1555 uuo
969 1519 1165 1569 exemplo
1183 1530 1282 1558 con-

402 1575 489 1615 cise
508 1588 558 1617 ac
580 1583 743 1617 temere
760 1583 962 1629 congesta
982 1579 1282 1620 animadverti-

402 1651 495 1678 mus
515 1653 525 1679 :
557 1652 653 1692 quae
674 1640 913 1691 Valerium,
932 1647 980 1682 ut
1001 1642 1081 1681 alia
1099 1643 1192 1693 ejus
1213 1655 1281 1682 ca-

401 1701 503 1752 pitis
524 1701 735 1753 prodigia,
758 1715 859 1743 sane
879 1705 1079 1744 existimo
1107 1705 1282 1745 meliore

402 1763 553 1805 ordine
573 1765 786 1816 copiosius
806 1777 1044 1808 enarrasse.
1087 1768 1180 1806 Nos
1208 1779 1280 1806 au-

400 1830 486 1866 tem
507 1838 572 1878 ea,
595 1839 689 1879 quae
710 1833 863 1868 extant
882 1834 1077 1880 tempora
1096 1828 1283 1880 diversa,

401 1890 616 1930 annotatis
648 1891 894 1942 singulatim
934 1893 1068 1942 annis,
1101 1898 1150 1931 ut
1186 1892 1278 1943 dig-

398 1952 518 1992 nosci
534 1958 720 2005 possent,
731 1953 818 1992 suis
832 1954 1070 1993 intervallis
1085 1953 1280 1994 distinxi-

399 2027 505 2055 mus.
534 2015 659 2065 Pigh.

452 2078 557 2118 Foro
577 2078 727 2129 boario]
755 2079 871 2118 Lacu
886 2077 1074 2118 Velebro
1094 2083 1280 2130 postmo-

399 2138 500 2179 dum
521 2140 758 2191 exsiccato,
778 2146 907 2192 atque
927 2141 1096 2192 repleto
1113 2142 1157 2181 in
1186 2141 1280 2192 ejus

399 2208 539 2254 parte,
571 2216 666 2255 quae
706 2215 730 2242 a
762 2203 874 2243 Jano
913 2203 1208 2256 quadrifronte
1237 2205 1279 2244 in

397 2264 661 2304 Aventinum
696 2266 853 2317 vergit,
893 2265 1034 2307 forum
1077 2267 1280 2308 Boarium

395 2325 480 2367 fuit
514 2328 786 2369 institutum:
833 2329 945 2382 quod
979 2342 1134 2371 nomen
1168 2331 1280 2372 obti-

395 2391 538 2438 nuisse
560 2391 693 2444 aliqui
711 2393 858 2432 volunt
879 2393 932 2433 ab
954 2406 1067 2434 aereo
1087 2394 1197 2434 tauri
1224 2395 1279 2435 si-

395 2454 587 2493 mulacro
607 2454 666 2493 ibi
687 2459 867 2505 statuto,
886 2455 959 2495 ubi
975 2457 1176 2496 Romulus
1194 2457 1278 2496 sul-

397 2529 494 2557 cum
525 2517 643 2557 urbis
675 2518 909 2557 condendae
936 2518 1162 2570 designare
1191 2532 1275 2560 coe-

397 2579 478 2630 pit.
525 2579 578 2619 de
619 2591 701 2631 quo
740 2579 906 2619 Plinius
947 2581 1011 2620 ita
1054 2582 1275 2623 meminit:

400 2643 413 2664 ‘
433 2642 637 2682 Proxima
654 2643 744 2682 laus
766 2642 861 2682 aeris
893 2642 1108 2694 Gynetico
1139 2644 1182 2683 in
1214 2644 1276 2684 in-

396 2703 505 2751 sula,
522 2709 567 2744 et
587 2704 682 2756 ipsa
701 2715 780 2743 nec
801 2716 859 2743 aes
879 2704 1074 2756 gignens,
1092 2705 1170 2746 sed
1189 2704 1276 2745 offi-

393 2766 586 2807 cinarum
607 2772 900 2819 temperatura
918 2768 1158 2810 nobilitata.
1186 2771 1274 2809 Bos

394 2840 533 2869 aereus
552 2829 650 2869 inde
669 2835 824 2881 captus
843 2830 887 2869 in
906 2829 1001 2870 foro
1031 2831 1188 2872 Boario
1207 2838 1275 2873 est

394 2892 560 2933 Romae.
601 2891 688 2932 Alii
725 2892 781 2933 ob
810 2898 978 2933 taurum
1010 2893 1274 2934 immolatum

391 2953 623 2995 interfecto
661 2954 790 3006 Caco,
830 2954 1049 3007 bobusque
1094 2968 1272 3009 recupe-

394 3015 518 3066 ratis,
544 3016 748 3056 Boarium
777 3017 1042 3068 appellatum
1071 3018 1274 3060 tradunt?

395 3078 632 3130 Utramque
651 3078 891 3130 opinionem
921 3080 1069 3132 attigit
1094 3080 1272 3122 Ovidius

392 3142 458 3182 his
477 3142 759 3182 carminibus:
789 3144 801 3165 ‘
823 3142 1034 3183 Pontibus
1055 3150 1099 3184 et
1117 3157 1271 3197 magno

385 3204 544 3256 juncta
575 3209 644 3244 est
678 3203 956 3244 celeberrima
986 3205 1111 3247 Circo
1139 3207 1271 3259 Area,

394 3278 492 3318 quae
532 3267 675 3319 posito
708 3266 762 3306 de
797 3266 905 3307 bove
939 3279 1091 3308 nomen
1125 3270 1269 3312 habet.

391 3329 591 3369 Immolat
621 3329 773 3369 exiliis
804 3335 968 3369 taurum
1001 3331 1081 3372 tibi
1097 3332 1270 3384 Jupiter

392 3402 522 3429 unum
555 3391 722 3442 Victor,
761 3397 806 3432 et
834 3391 1080 3434 Evandrum
1107 3397 1268 3437 rurico-

393 3454 539 3506 lasque
559 3454 715 3495 vocat.’
743 3455 900 3497 Sextus
917 3468 1016 3499 vero
1036 3458 1268 3511 Pompeius

997 278 1174 318 NOTAE
1218 277 1544 320 VARIORUM
1585 279 1652 320 IN

1348 395 1542 436 Boarium
1559 396 1720 436 dictum
1733 401 1874 449 putat,
1890 395 2002 449 quod
2020 395 2076 436 ibi
2094 395 2222 438 boves

1348 458 1723 498 venundarentur:
1747 459 1815 498 cui
1841 459 2097 509 astipulatur
2114 459 2222 498 Var-

1347 531 1411 571 ro,
1430 531 1526 560 cum
1547 521 1707 572 inquit:
1735 522 1747 543 ‘
1770 522 1865 563 Quo
1881 520 2050 573 quidem
2067 531 2224 571 genera

1346 581 1606 631 conferrent,
1632 581 1770 622 forum
1803 583 2079 633 appellatum,
2105 582 2224 621 addi·

1346 649 1519 696 tumque
1551 644 1605 683 ab
1638 657 1688 684 eo
1717 657 1976 695 cognomen:
2006 650 2055 685 ut
2083 643 2224 685 forum

1345 706 1577 746 Boarium.'
1618 707 1743 748 Quod
1759 707 1888 746 etiam
1906 707 2054 747 Livius
2070 707 2223 757 innuit,

1346 779 1578 807 memorans
1599 768 1640 807 in
1656 768 1805 808 eodem
1818 769 1968 808 bovem
1989 769 2032 808 in
2052 769 2222 808 tertiam

1345 830 1710 881 contignationem
1745 830 2002 870 ascendisse.
2054 830 2109 870 In
2140 831 2223 870 hoc

1344 891 1437 931 foro
1467 893 1510 931 in
1541 893 1743 932 honorem
1778 894 1827 932 L.
1859 893 2070 944 Septimii,
2097 898 2141 933 et
2160 894 2223 933 M.

1345 954 1510 994 Aurelii
1538 967 1660 994 arcus
1681 968 1705 994 a
1723 956 2063 1005 negotiatoribus
2095 962 2139 995 et
2158 967 2223 994 ara

1345 1017 1547 1067 gentariis
1564 1016 1646 1057 fuit
1665 1022 1900 1068 extructus,
1917 1018 1987 1070 qui
2006 1017 2224 1069 proximus

1345 1080 1403 1118 D.
1424 1079 1602 1130 Georgii
1624 1078 1706 1119 aedi
1736 1079 1874 1119 adhuc
1903 1085 2038 1126 extat,
2058 1091 2154 1119 cum
2175 1079 2224 1118 ti-

1346 1142 1436 1181 tulo
1457 1143 1687 1194 insculpto.
1732 1142 1843 1183 Vide
1862 1142 2133 1182 Marlianum.
2180 1191 2187 1203 .

1400 1205 1665 1255 Elephantine
1695 1205 1843 1256 capite]
1885 1204 1945 1244 Hi
1983 1209 2083 1244 sunt
2110 1204 2223 1243 lusus

1344 1271 1528 1305 naturae.
1556 1267 1669 1305 Vide
1684 1267 1805 1307 Fort.
1819 1267 1956 1306 Licet.
1971 1265 2026 1306 de
2039 1266 2224 1306 Monstr.

1398 1329 1451 1368 In
1471 1328 1636 1379 Piceno,
1665 1329 1751 1380 εμπ]
1779 1328 1954 1368 Umbris
1984 1333 2115 1380 atque
2147 1328 2222 1368 Sa-

1343 1390 1456 1430 binis
1475 1392 1782 1431 continuantur
1801 1391 2022 1442 Picentes,
2045 1402 2222 1442 quorum

1344 1453 1464 1504 regio
1501 1453 1739 1502 dicebatur,
1774 1453 1999 1504 Picenum,
2035 1460 2080 1492 et
2121 1464 2225 1504 ager

1342 1514 1544 1556 Picenus.
1575 1515 1690 1555 Plin.
1724 1515 1798 1554 lib.
1820 1527 1891 1555 111.
1918 1527 2016 1566 cap.
2035 1518 2100 1556 12.
2127 1517 2139 1538 ⁴
2156 1515 2227 1554 In-

1343 1575 1410 1616 fra
1437 1577 1617 1617 Sabinos
1650 1578 1838 1627 Latium,
1867 1586 1896 1617 ‘a
1928 1578 2066 1618 latere
2098 1577 2223 1617 Pice·

1341 1652 1459 1690 num,
1491 1654 1515 1680 a
1551 1647 1675 1693 tergo
1704 1640 1910 1682 Umbria?
1963 1640 2074 1680 Vide
2100 1641 2223 1680 Stra-

1342 1704 1494 1744 bonem
1526 1705 1602 1745 lib.
1636 1716 1682 1744 v.
1714 1704 1787 1756 qui
1823 1703 1991 1743 Sabinis
2024 1701 2222 1743 oriundos

1343 1767 1492 1817 tradit,
1511 1768 1609 1818 pico
1639 1778 1717 1806 ave
1746 1766 1858 1806 duce
1885 1765 2065 1806 itineris.
2119 1765 2220 1805 Fes-

1342 1837 1438 1873 tus:
1467 1832 1479 1853 ‘
1493 1831 1657 1870 Picena
1678 1829 1811 1882 regio,
1835 1829 1879 1868 in
1898 1840 1982 1880 qua
2001 1831 2070 1867 est
2088 1826 2221 1867 Ascu-

1341 1895 1443 1943 lum,
1464 1892 1596 1944 dicta,
1615 1892 1728 1944 quod
1742 1891 1889 1932 Sabini
1907 1903 2003 1931 cum
2017 1889 2221 1930 Asculum

1341 1956 1730 2009 proficiscerentur,
1748 1955 1792 1994 in
1812 1954 1972 1995 vexillo
1990 1964 2136 1994 eorum
2157 1953 2221 2005 pi-

1341 2033 1418 2061 cus
1452 2018 1726 2060 consederit!
1778 2017 1850 2057 Ad
1878 2017 2030 2057 Picum
2051 2016 2220 2056 Latino-

1342 2095 1433 2122 rum
1454 2093 1598 2134 regem
1628 2081 1766 2133 gentis
1796 2079 2006 2131 originem
2028 2077 2222 2118 fabulose

1343 2144 1522 2184 deduxit
1539 2144 1665 2183 Silius
1684 2143 1761 2183 lib.
1780 2153 1886 2182 vm.
1942 2142 1993 2182 In
2012 2141 2092 2181 hoc
2112 2145 2222 2180 trac·

1343 2213 1391 2248 tu
1410 2207 1506 2247 sitae
1525 2207 1624 2246 olim
1643 2205 1772 2245 urbes
1790 2204 1987 2254 Ancona,
2005 2203 2220 2252 Numana,

1341 2270 1565 2320 Potentia,
1578 2268 1793 2318 Ciceroni,
1808 2266 1976 2307 Velleio
1987 2266 2220 2306 Paterculo

1342 2332 1561 2374 celebrata
1579 2330 1753 2383 oppida.
1805 2328 1916 2369 Vide
1935 2328 2105 2368 Cluver.
2121 2326 2221 2366 Ital.

1342 2396 1420 2436 lib.
1441 2407 1493 2436 11.
1514 2406 1610 2446 cap.
1634 2397 1700 2433 11.
1721 2398 1766 2433 et
1785 2392 1860 2432 lib.
1880 2403 1947 2431 lv.
1968 2401 2066 2441 cap.
2080 2389 2126 2431 6.
2145 2389 2219 2429 ubi

1341 2459 1398 2498 de
1419 2457 1658 2497 Picentinis
1676 2469 1688 2506 3
1707 2467 1813 2508 quos
1833 2467 1859 2495 a
1872 2451 2125 2495 Picentibus
2137 2451 2220 2493 ori·

1337 2520 1481 2572 ginem
1501 2518 1680 2558 traxisse
1699 2517 1844 2557 docet.

1392 2581 1607 2634 Lapidilms
1637 2579 1802 2632 pluisse]
1841 2577 2034 2630 Contigit
2072 2575 2128 2617 A.
2159 2576 2215 2616 U.

1337 2656 1496 2687 uxum

1389 2709 1440 2748 In
1460 2704 1621 2756 Sicilia]
1641 2702 1837 2754 Contigit
1856 2701 1912 2744 A.
1931 2703 1986 2743 U.
2003 2711 2203 2743 ”xxxvt-

1391 2771 1529 2811 Etiam
1547 2766 1776 2808 metentibus
1792 2766 1896 2816 apud
1911 2763 2095 2815 Antium]
2125 2764 2217 2805 An·

1335 2834 1388 2875 tii
1407 2837 1608 2873 cruentas
1626 2828 1886 2870 metentibus
1907 2828 2048 2879 spicas
2066 2828 2110 2867 in
2125 2838 2215 2868 cor-

1334 2897 1412 2937 bes
1442 2893 1672 2943 decidisse,
1704 2891 1848 2931 Livius
1880 2896 1926 2930 et
1955 2890 2213 2930 Plutarchus

1333 2960 1378 3000 in
1400 2957 1539 2998 Fabio
1555 2955 1746 3005 tradunt,
1760 2952 1902 2993 nonin
1917 2952 2079 3003 Sicilia,
2095 2952 2215 2992 velut

1334 3032 1389 3061 ex
1421 3018 1607 3070 vulgatis
1643 3016 1806 3056 Valerii
1838 3014 1977 3055 verbis
2007 3014 2211 3066 colligere

1335 3088 1417 3124 est.
1472 3082 1752 3132 Quapropter
1771 3078 1866 3117 loco
1885 3075 2017 3128 etiam,
2034 3074 2148 3128 quod
2167 3076 2210 3114 in

1333 3143 1564 3195 exemplari
1612 3139 1841 3193 Campensi
1883 3150 1970 3178 non
2013 3136 2211 3188 habetur,

1332 3207 1450 3249 Antii
1483 3214 1764 3256 reponerem;
1799 3200 1869 3240 vel
1905 3199 2048 3251 potius
2073 3197 2209 3238 verba

1332 3271 1418 3310 duo
1459 3265 1748 3319 praetermissa
1781 3262 1988 3311 dicerem,
2027 3270 2207 3312 quorum

1331 3330 1516 3381 vestigia
1533 3327 1731 3367 habemus
1749 3325 1792 3364 in
1806 3321 2031 3364 Pulmanni
2043 3320 2208 3371 codice,

1331 3393 1404 3434 ubi
1436 3392 1499 3431 sic
1527 3380 1708 3440 legitur:
1743 3385 1877 3425 Etiam
1904 3385 2007 3436 opud
2023 3382 2204 3424 Aritium

1330 3453 1573 3502 metentibus,
1590 3453 1655 3501 ὅγε.
1709 3448 1795 3490 Sed
1826 3445 2097 3489 scribendum
2122 3446 2205 3486 erit
