2320 4004
583 301 839 348 vAcERn
885 291 1639 344 MAX1M11Ass.v.cAP.l.

194 427 318 468 isset.
375 426 528 479 Itaque
547 429 716 466 tantum
745 425 836 477 ejus
864 423 1086 475 majestati

196 492 282 532 duo
310 489 596 544 potentissimi
623 491 665 529 in
697 489 823 529 terris
841 487 987 540 populi
1010 488 1084 526 tri-

195 555 399 606 buerunt,
435 556 650 594 Romanus
686 560 730 594 et
758 551 1084 604 Carthaginien-

192 619 268 668 sis,
285 624 336 660 ut
366 630 449 658 uno
477 623 676 669 tempore
701 623 748 657 et
776 617 922 669 Scipio
939 615 1084 667 Impe-

194 686 313 721 rator
359 681 414 721 ad
445 681 676 722 amicitiam
715 681 805 733 ejus
833 679 1086 733 petendam,

191 744 345 784 relicta
373 745 594 795 provincia
616 744 847 797 Hispania,
871 743 1084 783 exercitu-

195 819 295 858 que,
325 819 420 848 cum
448 808 614 848 duabus
644 806 1023 860 quinqueremibus
1041 806 1084 846 in

193 868 388 911 Africam
404 872 644 924 trajecerit,
659 878 705 912 et
718 871 967 911 Hasdrubal
986 871 1084 910 Poe-

192 944 346 973 norum
368 935 455 974 dux
476 947 559 974 non
579 936 670 987 ipse
686 934 813 973 modo
826 935 878 974 ad
899 946 995 973 eum
1012 945 1084 974 ve·

194 997 325 1048 uerit,
356 997 435 1038 sed
463 997 592 1038 filiam
626 1009 796 1050 quoque
829 997 870 1037 ei
901 1002 1084 1049 nuptum

193 1060 388 1111 dederit;
424 1061 576 1115 quibus
617 1061 781 1112 nuptiis
822 1072 848 1101 a
890 1061 1086 1101 Romana

195 1125 407 1165 societate
446 1124 626 1176 defecit,
672 1124 786 1165 sicut
833 1124 999 1177 planius
1039 1131 1085 1167 et

195 1185 392 1227 diffusius
441 1187 599 1228 dicturi
635 1200 779 1227 sumus
816 1187 859 1227 in
895 1200 991 1240 cap.
1029 1188 1084 1229 de

193 1251 440 1292 Mutatione
472 1264 597 1291 casus
626 1258 672 1291 et
697 1251 899 1293 fortnnae.
957 1252 1086 1294 Hunc

191 1314 326 1366 igitur
335 1315 591 1368 Syphacem,
605 1327 630 1354 a
646 1316 848 1368 Scipione
863 1316 1024 1356 victum
1039 1323 1087 1357 et

195 1379 416 1431 captivum
449 1381 628 1420 Romam
662 1380 849 1432 missum,
871 1380 1021 1421 Tiburi
1040 1381 1085 1421 in

196 1443 396 1483 custodia
415 1442 662 1483 habendum
690 1445 875 1484 Senatus
901 1445 1087 1495 curavit,

194 1505 345 1558 ibique
374 1513 590 1546 mortuum
620 1507 797 1559 publico
817 1511 863 1546 et
879 1507 999 1559 regio
1019 1506 1086 1547 fu-

167 1613 170 1615 ,
195 1581 302 1610 nere
322 1568 586 1610 efferendum
605 1571 787 1612 censuit.
820 1572 969 1612 Oliver.

252 1633 390 1674 Tiburi
408 1634 624 1686 mortuum]
654 1635 844 1675 Moerore
870 1641 1087 1676 mortuum

196 1709 294 1738 esse
325 1698 475 1738 scribit
511 1698 735 1750 Appianus
768 1699 844 1739 lib.
876 1710 909 1740 1.
937 1712 1086 1740 verum

193 1761 400 1813 Polybius
421 1767 466 1802 et
493 1763 684 1803 Zonaras
703 1762 828 1803 Albae
849 1763 1087 1805 decessisse

195 1825 434 1867 adfirmant.
474 1826 639 1869 Quibus
656 1839 739 1867 non
760 1828 919 1867 invitus
935 1828 1086 1868 adsen-

195 1889 297 1930 tior.
350 1891 414 1931 Eo
430 1890 544 1931 enim
563 1890 773 1931 custodiae
794 1903 924 1931 causa
941 1891 1085 1932 mitte-

195 1953 355 1994 bantur
391 1955 664 1996 illustriores.
721 1955 886 1995 Eodem
913 1955 1086 2007 ablega-

195 2020 268 2056 tus
301 2017 503 2058 Betultus
533 2016 829 2058 Arvernorum
862 2031 955 2072 rex,
972 2024 1085 2061 teste

197 2080 376 2121 Valerio
395 2081 559 2123 lib..1x.
580 2093 675 2133 cap.
692 2085 735 2122 6.
767 2084 896 2122 Coler.

256 2144 362 2186 Vitae
395 2145 514 2197 dono]
561 2145 669 2185 Cum
717 2147 863 2186 statim
911 2146 955 2186 in
991 2147 1087 2199 ipso

193 2207 410 2260 triumpho
431 2209 632 2249 occidere
650 2209 769 2248 illum
789 2209 996 2250 licuisset.

253 2271 395 2323 Perse]
425 2271 545 2322 Rege
583 2271 854 2312 Macedoniae
890 2285 917 2314 a
948 2274 1089 2315 Paulo

198 2332 372 2373 AEmilio
389 2333 432 2373 in
454 2335 714 2386 triumphum
734 2335 879 2376 ducto.

252 2396 387 2448 Albae]
433 2398 547 2438 Duae
598 2404 696 2437 sunt
743 2399 870 2450 hujus
908 2401 1090 2442 nominis

198 2460 392 2502 celebres
409 2461 451 2500 in
471 2461 602 2500 Italia
622 2462 882 2515 urbes,quas
898 2476 922 2504 a
938 2465 967 2506 J
972 2467 1090 2506 unio-

200 2523 319 2564 ribus
340 2523 547 2564 confundi
580 2526 817 2578 saepissime
845 2527 1088 2571 observavi.

197 2588 298 2629 Una
317 2594 384 2629 est
415 2590 458 2628 in
487 2589 627 2640 Latio,
645 2590 722 2630 sub
741 2597 886 2633 monte
905 2592 1091 2646 Albano,

200 2651 257 2693 ab
273 2651 461 2693 Ascanio
479 2655 655 2695 condita
689 2655 732 2695 in
753 2657 835 2696 Via
862 2657 1021 2712 Appia,
1042 2667 1090 2700 ut

199 2715 374 2757 videtur
392 2729 448 2757 ex
464 2717 668 2771 Appiano
689 2721 815 2762 Civil.
837 2722 910 2763 lib.
933 2735 965 2764 1.
985 2725 1089 2765 duo-

201 2779 371 2820 decimo
408 2781 462 2820 ab
493 2781 616 2821 Urbe
653 2783 850 2836 miliario,
879 2791 928 2826 ut
959 2787 1090 2829 habet

198 2842 449 2896 Eutropius.
488 2845 618 2886 Hanc
652 2847 664 2869 ‘
682 2846 902 2900 Longam'
933 2863 1090 2903 cogno-

197 2906 363 2947 minant
389 2912 604 2960 auctores,
633 2910 879 2965 incolasque
898 2914 1089 2957 Albanos

198 2976 371 3021 vocant,
399 2970 461 3010 uti
493 2973 606 3023 apud
626 2973 875 3028 Virgilium,
908 2979 1090 3028 Livium,

199 3030 409 3084 Plinium,
422 3038 468 3074 et
485 3033 658 3075 Suidam
675 3038 822 3078 videre
837 3046 915 3080 est.
969 3042 1089 3085 Auos

198 3094 318 3146 prius
333 3094 490 3149 dictos,
507 3104 655 3150 postea
669 3099 858 3142 Albanos
877 3104 985 3145 dicit
1004 3119 1088 3147 non

201 3156 330 3198 docet
366 3159 485 3200 Hist.
523 3161 708 3204 Miscell.
749 3163 885 3211 Ἄλβα
918 3181 1089 3222 quoque

202 3219 372 3262 Graecis
393 3223 611 3276 scribitur,
627 3227 709 3266 etsi
723 3229 846 3270 λευκὰ
864 3230 1061 3274 dicerent
1077 3247 1089 3284 ;

197 3290 248 3324 ut
281 3285 424 3340 iuquit
458 3287 840 3344 Halicarnassaeus,
887 3295 959 3348 qui
994 3308 1090 3337 eam

201 3348 315 3389 inter
354 3357 542 3392 montem
594 3361 640 3394 et
687 3356 827 3397 lacum
884 3362 1088 3403 collocat.

201 3412 433 3464 AEquorum
468 3419 740 3468 metropolim
783 3426 828 3464 et
877 3424 1088 3465 coloniam

203 3473 439 3517 Romanam
470 3477 635 3520 faciunt
668 3481 830 3534 Livius,
861 3490 905 3524 et
924 3485 1088 3538 Appia-

204 3548 284 3579 nus
301 3540 348 3580 in
372 3538 662 3596 Annibalicis3
692 3548 763 3600 qui
784 3549 961 3592 eandem
983 3565 1086 3605 quo-

1891 289 2032 344 1163

1146 435 1230 476 que
1255 423 1428 476 Ἄλβην,
1453 429 1498 465 et
1530 424 1694 464 incolas
1715 419 1938 469 Ἀλβησέας
1959 434 2039 462 no·-

1146 488 1296 528 minat.
1355 489 1511 539 Hodie,
1532 490 1566 528 si
1599 487 1796 528 Leandro
1825 486 2036 535 creditur,

1146 550 1305 591 Sanello
1322 565 1474 592 nomen
1491 553 1636 593 habet.
1671 551 1758 592 Alii
1778 556 1934 603 putant
1954 550 2037 589 cir-

1147 625 1198 653 ca
1248 614 1481 654 Castellum
1535 613 1738 656 Gandolfi
1794 613 1942 662 fuisse,
1988 617 2038 652 ut

1146 677 1246 716 mihi
1270 677 1408 717 Roma
1423 678 1680 728 significavit
1699 677 1858 729 Philip.
1888 677 2038 728 Wing-

1145 740 1254 792 hius,
1275 740 1449 791 juvenis
1464 742 1664 793 longiori,
1682 742 1716 781 si
1735 753 1815 794 per
1830 739 1921 780 fata
1932 740 2039 780 licu-

1146 804 1265 855 isset,
1285 805 1375 844 vita
1393 805 1560 856 dignus.
1593 806 1719 845 Hanc
1738 803 1863 845 hodie
1882 804 2038 845 Albano

1146 871 1293 907 tamen
1331 869 1489 919 vocari,
1521 869 1675 909 scribit
1706 868 1771 908 adv
1799 880 1866 908 me
1900 869 2039 907 Roma

1147 929 1300 970 Celsus
1320 931 1582 972 Cittadinus.
1639 933 1750 972 Alba
1777 933 1863 972 alia
1894 937 1961 972 est
1992 932 2036 971 in

1147 994 1323 1046 Marsis,
1344 995 1397 1035 ad
1420 996 1630 1036 Fucinum
1649 996 1804 1046 lacum,
1822 996 1891 1035 via
1907 996 2038 1035 Vale-

1147 1059 1226 1109 ria,
1242 1059 1359 1099 circa
1380 1058 1560 1099 Anienis
1576 1058 1735 1109 fontes,
1761 1059 1834 1098 ubi
1850 1071 1943 1098 eam
1965 1059 2038 1098 de-

1148 1121 1300 1161 scribit
1313 1122 1486 1163 Strabo.
1541 1122 1668 1162 Hanc
1690 1122 1858 1162 Plinius
1878 1122 2039 1161 Alben-

1148 1184 1256 1225 sium
1286 1186 1572 1237 cognominat.
1630 1185 1791 1225 Incolae
1821 1184 2040 1225 Albanen·

1147 1260 1231 1298 ses,
1259 1248 1444 1288 testibus
1473 1249 1633 1301 Plinio,
1664 1249 1801 1299 Livio,
1827 1255 1871 1289 et
1892 1250 2039 1290 Festo.

1148 1307 1361 1350 Albenses
1382 1316 1509 1352 vocat
1530 1313 1684 1352 Varro.
1741 1313 1904 1352 Eadem
1924 1311 2041 1351 Alba

1149 1375 1351 1415 Fucentis
1380 1388 1406 1415 a
1434 1376 1655 1428 Sosipatro
1689 1382 1882 1426 vocatur,
1913 1388 1937 1416 a
1958 1375 2040 1415 Fu-

1150 1436 1263 1488 cino,
1281 1437 1322 1476 ni
1337 1436 1478 1488 fallor,
1497 1439 1592 1480 lacu
1615 1439 1769 1479 vicino.
1803 1439 1931 1478 Ortel.

1203 1499 1463 1552 Decessisset]
1493 1501 1624 1542 Certa
1653 1500 1769 1541 fama
1800 1507 1869 1541 est
1896 1501 2042 1541 inedia

1148 1570 1378 1605 mortuum.
1434 1565 1691 1607 Plutarchus
1705 1566 1766 1606 ait
1785 1565 1890 1605 illud
1909 1565 2041 1605 etiam

1149 1629 1370 1679 vulgatum
1392 1628 1542 1681 fuisse,
1572 1641 1599 1669 a
1626 1629 1835 1670 militibus
1855 1628 2042 1669 custodi-

1149 1693 1228 1733 bus
1248 1694 1458 1733 insomnia
1477 1700 1691 1734 necatum.
1747 1693 1873 1734 Quod
1889 1698 1934 1733 et
1953 1694 2042 1733 Sal-

1150 1756 1302 1796 lustius
1324 1756 1497 1808 scripsit
1516 1757 1561 1797 in
1580 1757 1699 1796 Hist.
1721 1756 1847 1796 Orat.
1866 1756 2044 1796 Mithri-

1150 1819 1263 1860 datis
1279 1833 1290 1860 ι
1310 1820 1323 1842 ‘
1337 1820 1503 1860 Persen
1516 1819 1672 1860 deinde
1686 1819 1879 1871 Philippi
1892 1818 2045 1871 filium,

1150 1888 1252 1935 post
1277 1885 1414 1924 multa
1446 1888 1493 1924 et
1523 1884 1641 1924 varia
1658 1884 1910 1934 certamina,
1927 1885 2043 1936 apud

1150 1949 1457 1989 Samothracas
1469 1949 1590 1988 Deos
1607 1954 1834 2000 acceptum
1848 1947 1890 1987 in
1900 1946 2048 2000 fidem,

1152 2012 1298 2053 callidi
1318 2018 1567 2065 repertores
1589 2012 1800 2065 perfidiae,
1821 2013 1919 2065 quia
1946 2025 2045 2065 pac-

1152 2085 1198 2118 to
1231 2079 1364 2119 vitam
1399 2078 1628 2130 dederant,
1678 2079 1888 2119 insomnia
1930 2079 2046 2119 occi·

1151 2143 1282 2184 dere?
1322 2143 1451 2183 Coler.

1210 2206 1547 2259 Publicofunere]
1565 2206 1751 2247 Publica
1769 2206 1963 2259 impensa
1981 2207 2045 2247 in-

1153 2277 1337 2312 structo.

1207 2335 1451 2388 Musicanes]
1480 2334 1611 2375 Liber
1634 2335 1746 2376 Dan.
1765 2335 2046 2386 Musoplmnes.

1152 2398 1204 2439 In
1234 2399 1340 2440 edit.
1357 2401 1519 2439 Venet.
1548 2399 1798 2439 Musocanes.
1853 2399 2046 2440 Colerus.

1153 2463 1398 2515 Music-anes]
1427 2464 1675 2515 Misagenes
1694 2463 1854 2503 dicitur
1880 2475 1904 2503 a
1923 2464 2046 2503 Livio

1152 2528 1227 2568 lib.
1246 2538 1349 2570 XLV.
1391 2529 1603 2568 Corradus.

1210 2594 1490 2646 Massanissoe]
1520 2590 1737 2634 Numidiae
1756 2593 1887 2645 regis,
1917 2606 2045 2647 quem

1154 2659 1461 2699 amicissimum
1497 2658 1658 2710 populo
1689 2659 1882 2698 Romano
1913 2658 2047 2699 fuisse

1154 2728 1344 2774 constat,
1371 2728 1417 2762 et
1445 2723 1486 2762 in
1506 2722 1699 2762 amicitia
1718 2735 1853 2775 usque
1873 2722 1926 2762 ad
1947 2723 2047 2763 ulti-

1154 2799 1269 2826 mum
1290 2787 1354 2826 sui
1370 2785 1451 2827 fati
1466 2786 1580 2826 diem
1597 2788 1901 2838 permansisse.
1947 2788 2047 2827 Mu-

1154 2850 1322 2891 sicanes
1342 2863 1446 2891 vero
1466 2851 1562 2903 ejus
1589 2851 1701 2891 filius
1730 2852 1911 2892 moritur
1931 2857 2050 2893 ante·

1154 2926 1283 2967 quam
1303 2921 1442 2967 pater.
1475 2916 1627 2956 Oliver.
1664 2945 1669 2948 -

1208 2979 1502 3031 Brundusium]
1544 2979 1767 3031 Oppidum
1818 2981 2046 3034 Calabriae,

1154 3041 1207 3081 ad
1229 3053 1346 3082 mare
1367 3042 1640 3083 Adriaticum
1669 3045 1813 3086 situm.

1211 3105 1404 3157 Capuam]
1431 3105 1547 3153 Urbs
1575 3107 1667 3147 haec
1688 3108 1935 3159 Campaniae
1968 3120 2043 3149 no-

1152 3168 1374 3222 bilissima,
1404 3183 1429 3210 a
1463 3171 1613 3223 Capye
1650 3171 1903 3211 Samnitium
1934 3171 2044 3211 duce

1152 3241 1295 3286 capta,
1313 3247 1410 3275 cum
1431 3239 1531 3275 ante
1551 3234 1791 3275 Vulturnus
1811 3235 2048 3286 diceretur,

1153 3310 1308 3338 nomen
1328 3299 1516 3350 accepit.

1209 3362 1465 3413 Ptolemaeus]
1501 3363 1612 3402 Sunt
1650 3362 1722 3414 qui
1758 3361 1892 3401 velint
1929 3362 2045 3403 hunc

1151 3424 1284 3465 fuisse
1316 3426 1599 3465 Ptolemaeum
1621 3425 1817 3464 ultimum
1838 3426 2042 3476 omnium,

1150 3494 1440 3540 cognomento
1478 3487 1746 3538 Dionysium,
1783 3487 1955 3529 Auletae
1994 3489 2042 3529 fi·

1148 3553 1268 3603 lium,
1287 3553 1359 3605 qui
1379 3551 1631 3603 Pompeium
1643 3551 1772 3603 jussit
1789 3552 1944 3606 occidi,
1972 3566 2047 3595 cu-
