2346 3996
559 307 819 349 vALERu
863 305 1103 345 MAXIMI
1149 305 1272 345 ma.
1300 306 1438 345 vm.
1478 305 1609 345 cAP.
1636 292 1725 346 14.

222 432 408 485 perium,
433 440 580 470 earum
599 426 806 468 memoria
832 425 947 465 nulla
966 431 1111 464 vetus-

225 503 318 536 tate
339 500 484 548 posset
511 493 691 544 aboleri,
725 491 861 532 voluit
885 497 1027 530 tamen
1047 490 1110 529 in-

223 564 292 599 ter
309 558 518 599 Corneliae
535 556 677 609 gentis
689 560 964 596 monumenta
977 554 1111 594 locari

222 621 398 674 poetam
419 621 621 670 Ennium,
641 619 754 673 quod
777 631 854 659 sua
867 623 991 671 gesta
1008 617 1110 658 fuis-

223 690 322 726 sent
350 683 466 726 illius
494 684 754 724 carminibus
788 682 1113 736 comprehensa,

222 753 270 789 et
287 748 408 802 qnasi
427 748 645 789 literarum
664 746 979 788 immortalitati
999 759 1112 786 com-

220 812 438 854 mendata.
469 813 644 863 De'quo
659 811 816 851 Cicero
837 810 879 849 in
900 809 1112 850 Oratione

222 887 305 928 pro
325 874 485 916 Archia
503 869 670 914 Poeta}
699 875 720 896 '‘
743 871 936 924 Charus,’
956 873 1110 925 inquit,

223 939 237 962 ‘
256 938 342 980 fuit
366 937 572 978 Africano
606 936 818 988 superiori
852 943 998 976 noster
1026 937 1111 976 En-

222 1001 347 1052 nius;
376 1002 524 1054 itaque
555 1001 685 1040 etiam
714 1000 758 1040 in
776 999 1004 1052 sepulchro
1023 1000 1112 1040 Sci-

222 1067 395 1119 pionum
412 1071 592 1118 putatur
608 1065 644 1104 is
665 1077 760 1105 esse
777 1064 1037 1105 constitutus
1057 1077 1111 1105 ex

222 1128 467 1170 marmore?
535 1128 702 1170 Plinius
737 1129 850 1169 libro
889 1130 1076 1181 septimo
1099 1143 1110 1169 ε

223 1193 237 1217 ‘
258 1191 418 1243 Prior,'
435 1192 592 1245 inquit,
609 1191 622 1214 ‘
649 1190 877 1232 Africanus
907 1192 962 1234 Q.
983 1193 1112 1232 Ennii

222 1262 409 1297 statuam
429 1255 659 1308 sepulchro
683 1255 844 1308 imponi
865 1267 942 1295 suo
966 1256 1114 1307 jussit,

222 1321 472 1374 clarumque
502 1320 607 1361 illud
641 1332 813 1370 nomen,
848 1320 976 1360 immo
1010 1331 1112 1360 vero

224 1385 409 1437 spolium
427 1397 480 1424 ex
499 1385 628 1425 tertia
645 1384 761 1424 orbis
781 1389 905 1437 parte
925 1388 1114 1435 raptum,

223 1450 268 1489 in
289 1451 438 1490 cinere
457 1460 654 1502 supremo
675 1461 771 1489 cum
802 1447 959 1489 Poe‘tae
986 1449 1111 1488 titulo

224 1513 344 1566 legi!
355 1512 359 1514 ’
373 1513 523 1554 Oliver.

278 1579 391 1619 Rudi
425 1584 543 1631 utque
573 1576 772 1630 impolito]
835 1577 977 1618 Quale
1015 1580 1110 1625 erat

223 1642 368 1694 Ennii,
400 1641 472 1694 qui
502 1640 740 1681 sententias
771 1640 907 1680 bonas
938 1639 1110 1680 incultis

221 1705 367 1746 verbis
402 1704 632 1746 involvisse
662 1704 837 1744 dicitur.
907 1704 1035 1744 Unde
1065 1709 1110 1743 et

222 1771 349 1811 Maro
363 1818 366 1822 ¹
379 1770 541 1810 dixisse
575 1768 727 1821 fertur,
761 1781 807 1808 se
841 1780 1006 1820 aurum,
1036 1772 1111 1809 aut

219 1834 392 1888 lapillos
403 1845 458 1875 ex
470 1823 661 1874 stercore
677 1833 873 1872 Enniano
890 1832 1110 1885 colligere,

221 1897 323 1939 dum
341 1898 578 1939 sententias
598 1895 700 1937 inde
721 1900 909 1936 erueret.
939 1896 1110 1938 Badius.

275 1965 299 2016 ς
336 1966 363 2004 2
392 1962 602 2008 Similiter,
634 1960 724 2014 ssa]
782 1960 911 2000 Paris
962 1960 1108 2012 gloriae

218 2026 386 2068 Decius
423 2027 588 2067 Brutus
633 2024 769 2076 fuisse
814 2023 1000 2076 videtur,
1037 2026 1110 2075 qui

219 2089 404 2131 Accium
421 2089 605 2130 Poetam
625 2101 781 2142 magno
795 2089 958 2129 honore
973 2089 1112 2129 voluit

223 2153 445 2194 decorare.
501 2153 615 2193 Nam
640 2152 755 2192 illius
775 2164 938 2203 versus,
959 2152 1110 2205 quibus

224 2229 300 2256 sua
317 2215 439 2258 facta
457 2216 805 2269 continebantur,
823 2217 865 2256 in
887 2217 1109 2258 vestibulis

221 2280 499 2332 templorum,
518 2291 614 2332 quae
643 2292 697 2319 ex
717 2280 859 2319 hostili
880 2272 1029 2332 praeda
1047 2281 1108 2321 fa-

221 2343 376 2384 cienda
404 2349 651 2395 curaverat,
673 2344 806 2396 jussit
834 2344 1032 2397 impingi,
1059 2351 1109 2386 ut

221 2407 327 2447 illud
346 2419 452 2460 opus
472 2407 601 2449 Decii
617 2420 720 2448 cura
739 2408 956 2448 conditum
973 2407 1107 2449 fuisse

221 2476 573 2522 cognosceretur.
647 2471 801 2512 Cicero
852 2471 895 2511 in
956 2472 1107 2513 eadem

221 2534 418 2576 oratione
437 2548 447 2574 :
479 2535 492 2557 ‘
508 2534 704 2586 Decius,'
719 2535 877 2588 inquit,
897 2536 909 2558 ‘
929 2536 1107 2586 Brutus,

221 2610 409 2638 summus
429 2599 509 2650 vir,
531 2605 575 2638 et
595 2599 846 2651 imperator,
866 2598 991 2640 Accii
1007 2602 1107 2640 ami-

221 2661 379 2701 cissimi
398 2662 462 2701 sui
493 2662 755 2703 carminibus
779 2664 1032 2715 templorum
1055 2677 1106 2706 ac

218 2729 587 2766 monumentorum
608 2726 750 2766 aditus
768 2728 991 2768 exornavit
1011 2741 1106 2768 suo-

219 2787 346 2829 rum?
402 2788 516 2829 Illud
538 2789 669 2830 etiam
690 2789 743 2829 ad
773 2790 898 2843 hujus
925 2792 1106 2833 hominis

219 2852 368 2904 gloriae
388 2853 674 2904 cupiditatem
695 2860 896 2906 spectare
918 2855 1104 2909 videtur,

221 2916 337 2968 quod
357 2911 639 2968 gladiatorum
667 2930 819 2958 munus
840 2919 883 2958 in
902 2920 1103 2961 honorem

220 2979 359 3031 patris
379 2980 440 3020 sui
461 2980 658 3021 defuncti
681 2982 841 3033 primus
862 2983 999 3024 edidit
1019 2986 1103 3025 Ro-

218 3055 318 3094 mae,
337 3048 386 3084 ut
404 3043 588 3085 diximus
606 3044 650 3084 in
679 3058 779 3097 cap.
798 3046 852 3086 de
872 3047 1104 3091 Institutis.

226 3107 379 3148 Oliver.

273 3171 495 3223 Manubiis]
542 3173 745 3213 Manubiae
777 3173 979 3215 dicuntur
1007 3177 1103 3218 hos-

219 3233 325 3275 tium
343 3237 496 3287 spolia,
511 3237 585 3277 sed
603 3238 777 3289 proprie
792 3244 891 3278 sunt
909 3242 1103 3291 pecuniae

220 3311 275 3339 cx
320 3301 568 3342 venditione
613 3303 770 3354 praedae
818 3296 1102 3357 recuperatae.

221 3361 347 3403 Idem.

275 3426 298 3477 ς
318 3429 342 3464 3
361 3425 646 3481 Theophanem]
674 3431 792 3472 Male
811 3432 970 3485 legitur
987 3435 1101 3486 apud

221 3489 471 3530 Ciceronem
507 3493 793 3545 Theophaneus.
850 3498 990 3552 Hujus
1027 3501 1103 3539 ali-

218 3553 391 3606 quoties
409 3553 665 3598 Plutarchus
681 3561 890 3602 meminit.
917 3561 1101 3604 Tacitus

1914 292 2056 347 1315

1174 425 1305 465 etiam
1326 431 1372 466 et
1393 427 1666 477 Patercnlus,
1691 424 1864 479 aliique,
1895 427 1967 478 qui
1988 438 2057 467 res

1175 501 1199 528 a
1219 489 1429 542 Pompeio
1450 497 1590 543 gestas
1610 490 1852 543 adtingunt.
1886 491 2017 531 Coler.

1229 554 1251 605 ᾧ
1271 557 1296 592 4
1324 554 1373 594 L.
1393 558 1522 594 autem
1542 554 1677 607 Sylla]
1707 554 1823 595 Nota
1839 558 1907 593 est
1925 553 2059 593 histo-

1173 615 1236 655 ria
1257 616 1368 668 apud
1403 617 1652 657 Sallustium
1685 617 1738 657 de
1771 617 1884 657 bello
1903 615 2061 668 Jugur·

1175 680 1309 720 thino.
1366 680 1542 721 Diffisus
1561 682 1673 721 enim
1694 681 1855 721 viribus
1876 680 1964 720 suis
1980 681 2059 722 Ju-

1174 744 1345 796 gurtha,
1365 745 1418 784 ad
1441 746 1616 792 Bocchi,
1645 746 1904 786 Getulorum
1926 746 2059 796 regis,

1174 808 1323 861 generi
1344 808 1421 859 sui,
1439 808 1567 849 fidem
1589 808 2014 862 opesqueconfngit,
2035 823 2060 849 a

1177 884 1278 925 quo,
1310 871 1469 912 violata
1505 871 1607 921 fide,
1645 885 1722 922 per
1771 872 2059 924 proditionem

1176 936 1398 987 Romanis,
1418 940 1590 976 auctore
1607 936 1739 988 Sylla,
1757 936 1940 976 traditus
1961 935 2059 976 fuit.

1180 999 1330 1039 Oliver.

1229 1064 1471 1116 Insculptum
1506 1065 1618 1104 illam
1664 1064 1935 1117 tradit-ionem]
1988 1067 2061 1105 De

1175 1140 1260 1180 qua
1292 1129 1551 1168 Plutarchus
1589 1134 1633 1168 et
1666 1128 1845 1168 Plinius.
1902 1128 2061 1168 Similis

1173 1193 1321 1245 gloriae
1352 1192 1587 1244 studiosus,
1607 1192 1678 1245 qni
1699 1192 1743 1231 in
1765 1192 1904 1243 sigillo
1925 1193 2065 1244 sculp-

1175 1264 1265 1298 tum
1279 1257 1426 1298 habuit
1446 1269 1602 1310 equum
1623 1258 1741 1296 illum
1762 1257 1807 1295 δι’
1825 1256 1871 1296 ὒν
1885 1257 2065 1309 χρεμετί-

1174 1337 1302 1362 σαντα
1329 1320 1601 1370 ἐβασίλευσεν,
1629 1326 1678 1361 ut
1697 1325 1822 1361 notat
1849 1320 2062 1372 Thucydi-

1175 1386 1240 1427 dis
1260 1387 1537 1427 Scholiastes.
1570 1386 1703 1426 Coler.

1229 1452 1294 1503 §5
1325 1451 1443 1491 Domi
1475 1450 1690 1501 militaria]
1738 1449 1906 1492 Quibus
1926 1449 2061 1502 impe-

1173 1521 1355 1567 ratores,
1387 1521 1512 1568 parta
1543 1515 1739 1567 victoria,
1772 1515 1932 1555 milites
1965 1528 2063 1556 suos

1173 1592 1252 1631 pro
1286 1579 1494 1632 cujusque
1522 1579 1686 1620 meritis
1722 1584 1767 1619 et
1787 1580 1950 1620 virtute
1985 1581 2062 1620 do-

1172 1642 1348 1683 nabant.
1386 1641 1456 1683 Ad
1476 1642 1754 1687 excitandam
1776 1642 1889 1682 enim
1911 1643 1953 1682 in
1973 1645 2062 1683 ani-

1155 1710 1252 1761 *mis
1273 1707 1487 1747 hominum
1518 1707 1740 1759 virtutem,
1759 1707 2063 1759 sapientissimi

1172 1771 1467 1824 Imperatores
1486 1771 1686 1822 Romani,
1717 1771 1830 1823 apud
1865 1783 1969 1823 quos
1998 1783 2068 1810 ar-

1172 1849 1337 1877 morum
1370 1842 1416 1877 et
1441 1837 1610 1889 imperii
1644 1836 1781 1890 gloria
1813 1834 1912 1886 fuit,
1934 1835 2063 1876 variis

1171 1900 1293 1941 donis
1324 1914 1420 1941 suos
1440 1901 1617 1952 milites,
1647 1900 1718 1953 qui
1741 1912 1818 1952 pro
1838 1900 2065 1952 republica

1171 1964 1348 2007 fortiter
1384 1970 1662 2018 pugnassent,
1691 1964 1851 2004 donare
1884 1976 2063 2005 consue-

1174 2035 1288 2081 rant,
1325 2031 1513 2082 armillis,
1544 2030 1695 2082 hastis,
1718 2030 1856 2082 equis,
1890 2029 2062 2070 coronis

1172 2094 1451 2146 militaribus,
1474 2094 1654 2147 aliisque
1683 2092 1950 2144 muneribus,
1970 2095 2062 2147 qui-

1174 2158 1251 2198 bus
1272 2159 1424 2198 caeteri
1443 2158 1498 2198 ad
1518 2157 1656 2198 laudis
1685 2157 1873 2198 studium
1895 2164 1939 2197 et
1972 2159 2061 2208 glo-

1173 2221 1248 2262 riae
1271 2221 1554 2273 cupiditatem
1570 2221 1927 2262 incendebantur.
1952 2223 2060 2263 oliv.

1228 2285 1378 2325 Aureus
1398 2285 1594 2337 armillas]
1642 2285 1913 2326 Ornamenta
1942 2287 2064 2326 sinis-

1173 2351 1351 2397 trarum,
1383 2349 1535 2402 quibus
1554 2348 1700 2389 Sabini
1735 2348 1934 2401 Gallique
1953 2361 2063 2401 prae-

1172 2411 1301 2463 cipue
1321 2413 1568 2453 utebantur.
1598 2413 1723 2452 Idem.

1234 2474 1395 2515 Vultum
1414 2474 1591 2527 demisit]
1619 2476 1670 2516 In
1685 2476 1849 2529 signum
1866 2477 2013 2530 indign
2021 2490 2062 2518 a·

1174 2539 1316 2581 tionis.

1224 2604 1276 2643 In
1292 2606 1376 2644 aede
1392 2604 1560 2656 Salutis]
1603 2606 1654 2646 In
1672 2606 1903 2649 Quirinali.
1953 2606 2058 2646 Ovi-

1172 2667 1266 2707 dius
1286 2669 1402 2711 Fast.
1423 2681 1454 2710 1.
1486 2671 1497 2693 ‘
1520 2671 1655 2712 Janus
1673 2671 1930 2722 adorandus,
1944 2683 2059 2711 cum-

1173 2745 1255 2783 que
1275 2732 1356 2773 hoc
1376 2734 1619 2775 Concordia
1640 2737 1769 2786 mitis,
1783 2738 1839 2776 Et
1863 2736 2059 2776 Romana

1170 2796 1311 2848 Salus,
1331 2809 1490 2851 araque
1506 2799 1636 2839 Pacis
1657 2799 1773 2840 erit.'

1224 2861 1246 2913 ᾧ
1266 2864 1292 2901 6
1309 2861 1460 2902 Nomen
1480 2863 1541 2902 his
1558 2863 1686 2915 suum]
1715 2863 1827 2906 Quin
1843 2868 1887 2903 et
1904 2863 2057 2903 Pictor

1170 2924 1271 2964 inde
1318 2927 1559 2979 appellatus
1596 2919 1697 2967 ests
1736 2928 1863 2968 Unde
1907 2933 2058 2979 postea

1171 2989 1293 3029 Fabii
1315 2990 1532 3031 Pictores.
1562 2991 1713 3031 Pinxit
1733 2991 1868 3032 aedem
1895 2992 2054 3032 Salutis

1170 3064 1280 3093 anno
1297 3054 1413 3095 urbis
1433 3065 1586 3096 ccccn.
1620 3056 1749 3095 Celer.

1223 3117 1390 3158 Sor-dido
1409 3119 1559 3171 studio]
1602 3119 1710 3159 Ideo
1744 3131 1865 3159 suum
1899 3130 2052 3158 nomen

1168 3181 1392 3235 inscripsit
1431 3185 1632 3236 picturae,
1679 3195 1732 3223 ne
1774 3183 1892 3225 illius,
1934 3183 2052 3233 artis,

1168 3247 1549 3299 quantulacunque
1580 3247 1711 3298 foret,
1742 3246 1878 3299 gloria
1903 3258 1955 3286 ex
1977 3247 2051 3287 ho-

1167 3308 1327 3349 minum
1363 3312 1568 3351 memoria
1597 3310 1827 3350 laberetur.
1883 3309 2053 3350 Sordida

1168 3379 1313 3414 autem
1333 3373 1457 3425 dixit,
1473 3374 1570 3426 quia
1583 3373 1768 3412 studium
1785 3385 1924 3421 omne,
1938 3374 2049 3424 qnod

1168 3441 1356 3487 quastus
1377 3438 1515 3488 gratia
1532 3435 1779 3487 suscipitur,
1797 3441 1845 3475 ut
1867 3435 2049 3487 pictura,

1167 3500 1382 3539 sordidum
1403 3499 1562 3539 dicitur
1581 3504 1628 3538 et
1643 3498 1864 3539 illiberale.
1898 3500 2050 3541 Oliver.

1167 3562 1331 3603 Sordido
1348 3561 1494 3613 studio]
1522 3562 1681 3603 Contra
1694 3567 1887 3603 veterum
1909 3563 2048 3613 plero-
