<?xml version="1.0" encoding="UTF-8"?>
<!DOCTYPE html PUBLIC "-//W3C//DTD XHTML 1.0 Transitional//EN"
    "http://www.w3.org/TR/xhtml1/DTD/xhtml1-transitional.dtd">
<html xmlns="http://www.w3.org/1999/xhtml" xml:lang="en" lang="en">
 <head>
  <title>
</title>
<meta http-equiv="Content-Type" content="text/html;charset=utf-8" />
  <meta name='ocr-system' content='tesseract 3.04.00' />
  <meta name='ocr-capabilities' content='ocr_page ocr_carea ocr_par ocr_line ocrx_word'/>
</head>
<body>
  <div class='ocr_page' id='page_1' title='image "./factorumdictorum03valeuoft_0382.png"; bbox 0 0 2346 3996; ppageno 0'>
   <div class='ocr_carea' id='block_1_1' title="bbox 380 313 487 387">
    <p class='ocr_par' dir='ltr' id='par_1_1' title="bbox 380 313 487 387">
     <span class='ocr_line' id='line_1_1' title="bbox 380 313 487 387; baseline 0 0"><span class='ocrx_word' id='word_1_1' title='bbox 380 313 487 387; x_wconf 71' lang='lat'><strong>282</strong></span> 
     </span>
    </p>
   </div>
   <div class='ocr_carea' id='block_1_2' title="bbox 324 465 1220 3625">
    <p class='ocr_par' dir='ltr' id='par_1_2' title="bbox 335 465 1220 1710">
     <span class='ocr_line' id='line_1_2' title="bbox 341 465 1218 519; baseline -0.001 -12"><span class='ocrx_word' id='word_1_2' title='bbox 341 467 516 519; x_wconf 83' lang='lat' dir='ltr'>Syllam,</span> <span class='ocrx_word' id='word_1_3' title='bbox 559 477 644 519; x_wconf 90' lang='lat' dir='ltr'><strong>quo</strong></span> <span class='ocrx_word' id='word_1_4' title='bbox 674 465 836 507; x_wconf 88' lang='lat' dir='ltr'><strong>victore</strong></span> <span class='ocrx_word' id='word_1_5' title='bbox 867 470 912 507; x_wconf 86' lang='lat' dir='ltr'><strong>et</strong></span> <span class='ocrx_word' id='word_1_6' title='bbox 942 466 1140 508; x_wconf 84' lang='lat' dir='ltr'><strong>munifico</strong></span> <span class='ocrx_word' id='word_1_7' title='bbox 1174 466 1218 507; x_wconf 88' lang='lat' dir='ltr'><strong>in</strong></span> 
     </span>
     <span class='ocr_line' id='line_1_3' title="bbox 347 529 1220 581; baseline 0.003 -13"><span class='ocrx_word' id='word_1_8' title='bbox 347 530 484 570; x_wconf 81' lang='lat' dir='ltr'><strong>socios</strong></span> <span class='ocrx_word' id='word_1_9' title='bbox 507 529 714 581; x_wconf 81' lang='lat' dir='ltr'><strong>victoriae,</strong></span> <span class='ocrx_word' id='word_1_10' title='bbox 736 530 799 569; x_wconf 86' lang='lat' dir='ltr'><strong>ita</strong></span> <span class='ocrx_word' id='word_1_11' title='bbox 818 529 1037 570; x_wconf 84' lang='lat' dir='ltr'>abstinens</span> <span class='ocrx_word' id='word_1_12' title='bbox 1056 529 1152 581; x_wconf 84' lang='lat' dir='ltr'><strong>fuit,</strong></span> <span class='ocrx_word' id='word_1_13' title='bbox 1171 535 1220 571; x_wconf 84' lang='lat' dir='ltr'><strong>ut</strong></span> 
     </span>
     <span class='ocr_line' id='line_1_4' title="bbox 344 592 1217 646; baseline 0 -14"><span class='ocrx_word' id='word_1_14' title='bbox 344 592 449 633; x_wconf 85' lang='lat' dir='ltr'><strong>nihil</strong></span> <span class='ocrx_word' id='word_1_15' title='bbox 470 592 619 633; x_wconf 89' lang='lat' dir='ltr'><strong>donari</strong></span> <span class='ocrx_word' id='word_1_16' title='bbox 638 592 718 633; x_wconf 88' lang='lat' dir='ltr'><strong>sibi</strong></span> <span class='ocrx_word' id='word_1_17' title='bbox 738 592 938 643; x_wconf 89' lang='lat' dir='ltr'><strong>voluerit,</strong></span> <span class='ocrx_word' id='word_1_18' title='bbox 965 605 1106 646; x_wconf 90' lang='lat' dir='ltr'><strong>neque</strong></span> <span class='ocrx_word' id='word_1_19' title='bbox 1140 593 1217 633; x_wconf 88' lang='lat' dir='ltr'><strong>sub</strong></span> 
     </span>
     <span class='ocr_line' id='line_1_5' title="bbox 341 656 1218 697; baseline 0.001 -1"><span class='ocrx_word' id='word_1_20' title='bbox 341 657 463 696; x_wconf 82' lang='lat' dir='ltr'><strong>hasta</strong></span> <span class='ocrx_word' id='word_1_21' title='bbox 507 656 674 696; x_wconf 80' lang='lat' dir='ltr'><strong>emerit.</strong></span> <span class='ocrx_word' id='word_1_22' title='bbox 745 656 1010 696; x_wconf 85' lang='lat' dir='ltr'><strong>AEdilitatem</strong></span> <span class='ocrx_word' id='word_1_23' title='bbox 1056 669 1218 697; x_wconf 83' lang='lat' dir='ltr'><strong>summa</strong></span> 
     </span>
     <span class='ocr_line' id='line_1_6' title="bbox 342 718 1216 771; baseline -0.001 -12"><span class='ocrx_word' id='word_1_24' title='bbox 342 719 661 771; x_wconf 83' lang='lat' dir='ltr'><strong>magnificentia</strong></span> <span class='ocrx_word' id='word_1_25' title='bbox 680 719 828 770; x_wconf 83' lang='lat' dir='ltr'><strong>gessit,</strong></span> <span class='ocrx_word' id='word_1_26' title='bbox 842 718 948 759; x_wconf 88' lang='lat' dir='ltr'><strong>adeo</strong></span> <span class='ocrx_word' id='word_1_27' title='bbox 968 724 1016 759; x_wconf 90' lang='lat' dir='ltr'><strong>ut</strong></span> <span class='ocrx_word' id='word_1_28' title='bbox 1029 718 1122 771; x_wconf 85' lang='lat' dir='ltr'><strong>ejus</strong></span> <span class='ocrx_word' id='word_1_29' title='bbox 1141 718 1216 758; x_wconf 88' lang='lat' dir='ltr'><strong>im·</strong></span> 
     </span>
     <span class='ocr_line' id='line_1_7' title="bbox 342 783 1218 836; baseline 0 -14"><span class='ocrx_word' id='word_1_30' title='bbox 342 795 493 835; x_wconf 90' lang='lat' dir='ltr'><strong>pensa.</strong></span> <span class='ocrx_word' id='word_1_31' title='bbox 511 795 614 835; x_wconf 89' lang='lat' dir='ltr'><strong>opes</strong></span> <span class='ocrx_word' id='word_1_32' title='bbox 642 795 738 824; x_wconf 88' lang='lat' dir='ltr'><strong>suas</strong></span> <span class='ocrx_word' id='word_1_33' title='bbox 775 783 1073 836; x_wconf 85' lang='lat' dir='ltr'><strong>absumpserit,</strong></span> <span class='ocrx_word' id='word_1_34' title='bbox 1103 795 1218 834; x_wconf 85' lang='lat' dir='ltr'><strong>mag·</strong></span> 
     </span>
     <span class='ocr_line' id='line_1_8' title="bbox 342 845 1215 898; baseline 0 -14"><span class='ocrx_word' id='word_1_35' title='bbox 342 857 526 898; x_wconf 87' lang='lat' dir='ltr'><strong>numque</strong></span> <span class='ocrx_word' id='word_1_36' title='bbox 547 857 605 886; x_wconf 84' lang='lat' dir='ltr'><strong>aes</strong></span> <span class='ocrx_word' id='word_1_37' title='bbox 626 847 809 886; x_wconf 90' lang='lat' dir='ltr'><strong>alienum</strong></span> <span class='ocrx_word' id='word_1_38' title='bbox 830 845 1106 886; x_wconf 73' lang='lat' dir='ltr'><strong>contraxerit.</strong></span> <span class='ocrx_word' id='word_1_39' title='bbox 1148 846 1215 884; x_wconf 85' lang='lat' dir='ltr'><strong>Ex</strong></span> 
     </span>
     <span class='ocr_line' id='line_1_9' title="bbox 342 907 1215 960; baseline -0.001 -12"><span class='ocrx_word' id='word_1_40' title='bbox 342 914 533 960; x_wconf 87' lang='lat' dir='ltr'><strong>praetura</strong></span> <span class='ocrx_word' id='word_1_41' title='bbox 552 909 812 960; x_wconf 80' lang='lat' dir='ltr'><strong>provinciam</strong></span> <span class='ocrx_word' id='word_1_42' title='bbox 839 909 1077 948; x_wconf 83' lang='lat' dir='ltr'>Sardiniam</span> <span class='ocrx_word' id='word_1_43' title='bbox 1105 907 1215 948; x_wconf 89' lang='lat' dir='ltr'><strong>obti-</strong></span> 
     </span>
     <span class='ocr_line' id='line_1_10' title="bbox 340 975 1215 1028; baseline 0.002 -15"><span class='ocrx_word' id='word_1_44' title='bbox 340 975 452 1024; x_wconf 87' lang='lat' dir='ltr'>nuit,</span> <span class='ocrx_word' id='word_1_45' title='bbox 485 975 528 1014; x_wconf 91' lang='lat' dir='ltr'><strong>in</strong></span> <span class='ocrx_word' id='word_1_46' title='bbox 547 988 630 1028; x_wconf 88' lang='lat' dir='ltr'><strong>qua</strong></span> <span class='ocrx_word' id='word_1_47' title='bbox 648 988 728 1016; x_wconf 92' lang='lat' dir='ltr'><strong>nec</strong></span> <span class='ocrx_word' id='word_1_48' title='bbox 759 975 860 1016; x_wconf 86' lang='lat' dir='ltr'><strong>satis</strong></span> <span class='ocrx_word' id='word_1_49' title='bbox 881 975 1153 1016; x_wconf 83' lang='lat' dir='ltr'><strong>continenter</strong></span> <span class='ocrx_word' id='word_1_50' title='bbox 1170 987 1215 1015; x_wconf 87' lang='lat' dir='ltr'><strong>se</strong></span> 
     </span>
     <span class='ocr_line' id='line_1_11' title="bbox 343 1036 1214 1090; baseline 0.001 -14"><span class='ocrx_word' id='word_1_51' title='bbox 343 1036 525 1089; x_wconf 85' lang='lat' dir='ltr'><strong>gessisse</strong></span> <span class='ocrx_word' id='word_1_52' title='bbox 550 1038 820 1078; x_wconf 86' lang='lat' dir='ltr'><strong>existimatus</strong></span> <span class='ocrx_word' id='word_1_53' title='bbox 841 1043 922 1090; x_wconf 89' lang='lat' dir='ltr'><strong>est,</strong></span> <span class='ocrx_word' id='word_1_54' title='bbox 941 1043 986 1078; x_wconf 93' lang='lat' dir='ltr'><strong>et</strong></span> <span class='ocrx_word' id='word_1_55' title='bbox 1004 1038 1130 1078; x_wconf 78' lang='lat' dir='ltr'><strong>valde</strong></span> <span class='ocrx_word' id='word_1_56' title='bbox 1150 1050 1214 1077; x_wconf 89' lang='lat' dir='ltr'><strong>ar-</strong></span> 
     </span>
     <span class='ocr_line' id='line_1_12' title="bbox 338 1100 1215 1152; baseline 0.001 -13"><span class='ocrx_word' id='word_1_57' title='bbox 338 1104 557 1150; x_wconf 85' lang='lat' dir='ltr'><strong>roganter,</strong></span> <span class='ocrx_word' id='word_1_58' title='bbox 586 1101 699 1152; x_wconf 91' lang='lat' dir='ltr'><strong>quod</strong></span> <span class='ocrx_word' id='word_1_59' title='bbox 731 1113 864 1152; x_wconf 88' lang='lat' dir='ltr'><strong>genus</strong></span> <span class='ocrx_word' id='word_1_60' title='bbox 897 1114 1060 1142; x_wconf 89' lang='lat' dir='ltr'><strong>morum</strong></span> <span class='ocrx_word' id='word_1_61' title='bbox 1092 1100 1135 1140; x_wconf 87' lang='lat' dir='ltr'><strong>in</strong></span> <span class='ocrx_word' id='word_1_62' title='bbox 1164 1112 1215 1140; x_wconf 91' lang='lat' dir='ltr'><strong>eo</strong></span> 
     </span>
     <span class='ocr_line' id='line_1_13' title="bbox 339 1163 1214 1214; baseline 0.002 -12"><span class='ocrx_word' id='word_1_63' title='bbox 339 1167 566 1214; x_wconf 86' lang='lat' dir='ltr'><strong>paternum</strong></span> <span class='ocrx_word' id='word_1_64' title='bbox 587 1163 838 1213; x_wconf 87' lang='lat' dir='ltr'><strong>videbatur;</strong></span> <span class='ocrx_word' id='word_1_65' title='bbox 867 1176 959 1204; x_wconf 91' lang='lat' dir='ltr'><strong>cum</strong></span> <span class='ocrx_word' id='word_1_66' title='bbox 979 1170 1138 1204; x_wconf 86' lang='lat' dir='ltr'><strong>caetera</strong></span> <span class='ocrx_word' id='word_1_67' title='bbox 1152 1163 1214 1204; x_wconf 88' lang='lat' dir='ltr'><strong>in-</strong></span> 
     </span>
     <span class='ocr_line' id='line_1_14' title="bbox 338 1227 1214 1279; baseline 0 -13"><span class='ocrx_word' id='word_1_68' title='bbox 338 1227 505 1266; x_wconf 85' lang='lat' dir='ltr'><strong>dustria</strong></span> <span class='ocrx_word' id='word_1_69' title='bbox 522 1238 784 1279; x_wconf 84' lang='lat' dir='ltr'><strong>nequaquam</strong></span> <span class='ocrx_word' id='word_1_70' title='bbox 805 1231 919 1266; x_wconf 86' lang='lat' dir='ltr'><strong>esset</strong></span> <span class='ocrx_word' id='word_1_71' title='bbox 940 1227 1054 1278; x_wconf 88' lang='lat' dir='ltr'><strong>patri</strong></span> <span class='ocrx_word' id='word_1_72' title='bbox 1074 1238 1214 1278; x_wconf 72' lang='lat' dir='ltr'><strong>aequa-</strong></span> 
     </span>
     <span class='ocr_line' id='line_1_15' title="bbox 336 1288 1213 1331; baseline 0.002 -2"><span class='ocrx_word' id='word_1_73' title='bbox 336 1290 401 1330; x_wconf 85' lang='lat' dir='ltr'><strong>lis.</strong></span> <span class='ocrx_word' id='word_1_74' title='bbox 457 1289 543 1330; x_wconf 91' lang='lat' dir='ltr'><strong>Hic</strong></span> <span class='ocrx_word' id='word_1_75' title='bbox 562 1302 658 1330; x_wconf 90' lang='lat' dir='ltr'><strong>cum</strong></span> <span class='ocrx_word' id='word_1_76' title='bbox 691 1288 745 1328; x_wconf 89' lang='lat' dir='ltr'><strong>ad</strong></span> <span class='ocrx_word' id='word_1_77' title='bbox 777 1290 1039 1329; x_wconf 88' lang='lat' dir='ltr'><strong>consulatum</strong></span> <span class='ocrx_word' id='word_1_78' title='bbox 1066 1288 1119 1329; x_wconf 87' lang='lat' dir='ltr'><strong>ad</strong></span> <span class='ocrx_word' id='word_1_79' title='bbox 1140 1299 1213 1331; x_wconf 85' lang='lat'><strong>111.</strong></span> 
     </span>
     <span class='ocr_line' id='line_1_16' title="bbox 337 1353 1215 1406; baseline -0.001 -13"><span class='ocrx_word' id='word_1_80' title='bbox 337 1354 440 1393; x_wconf 90' lang='lat' dir='ltr'><strong>Kal.</strong></span> <span class='ocrx_word' id='word_1_81' title='bbox 458 1353 608 1395; x_wconf 78' lang='lat' dir='ltr'><strong>Quint.</strong></span> <span class='ocrx_word' id='word_1_82' title='bbox 625 1353 804 1393; x_wconf 86' lang='lat' dir='ltr'><strong>Romam</strong></span> <span class='ocrx_word' id='word_1_83' title='bbox 820 1353 1215 1406; x_wconf 88' lang='lat' dir='ltr'><strong>venisset,queren·</strong></span> 
     </span>
     <span class='ocr_line' id='line_1_17' title="bbox 336 1415 1213 1467; baseline 0 -11"><span class='ocrx_word' id='word_1_84' title='bbox 336 1416 452 1456; x_wconf 89' lang='lat' dir='ltr'><strong>tibus</strong></span> <span class='ocrx_word' id='word_1_85' title='bbox 472 1416 526 1457; x_wconf 90' lang='lat' dir='ltr'><strong>de</strong></span> <span class='ocrx_word' id='word_1_86' title='bbox 547 1429 598 1456; x_wconf 89' lang='lat' dir='ltr'><strong>eo</strong></span> <span class='ocrx_word' id='word_1_87' title='bbox 617 1415 778 1467; x_wconf 89' lang='lat' dir='ltr'><strong>Sardis,</strong></span> <span class='ocrx_word' id='word_1_88' title='bbox 810 1429 835 1455; x_wconf 89' lang='lat' dir='ltr'><strong>a</strong></span> <span class='ocrx_word' id='word_1_89' title='bbox 863 1415 1213 1456; x_wconf 83' lang='lat' dir='ltr'><strong>PublioValerio</strong></span> 
     </span>
     <span class='ocr_line' id='line_1_18' title="bbox 336 1477 1214 1530; baseline -0.001 -11"><span class='ocrx_word' id='word_1_90' title='bbox 336 1478 502 1519; x_wconf 82' lang='lat' dir='ltr'><strong>Triario</strong></span> <span class='ocrx_word' id='word_1_91' title='bbox 531 1478 807 1518; x_wconf 87' lang='lat' dir='ltr'><strong>adolescente</strong></span> <span class='ocrx_word' id='word_1_92' title='bbox 828 1483 978 1530; x_wconf 85' lang='lat' dir='ltr'><strong>parato</strong></span> <span class='ocrx_word' id='word_1_93' title='bbox 998 1477 1050 1517; x_wconf 90' lang='lat' dir='ltr'><strong>ad</strong></span> <span class='ocrx_word' id='word_1_94' title='bbox 1068 1477 1214 1518; x_wconf 88' lang='lat' dir='ltr'><strong>dicen-</strong></span> 
     </span>
     <span class='ocr_line' id='line_1_19' title="bbox 338 1542 1210 1595; baseline -0.002 -12"><span class='ocrx_word' id='word_1_95' title='bbox 338 1543 439 1583; x_wconf 85' lang='lat' dir='ltr'><strong>dum</strong></span> <span class='ocrx_word' id='word_1_96' title='bbox 466 1549 707 1592; x_wconf 88' lang='lat' dir='ltr'><strong>accusatus,</strong></span> <span class='ocrx_word' id='word_1_97' title='bbox 739 1549 784 1583; x_wconf 90' lang='lat' dir='ltr'><strong>et</strong></span> <span class='ocrx_word' id='word_1_98' title='bbox 813 1554 924 1595; x_wconf 88' lang='lat' dir='ltr'><strong>pene</strong></span> <span class='ocrx_word' id='word_1_99' title='bbox 953 1542 1210 1582; x_wconf 87' lang='lat' dir='ltr'><strong>condemna-</strong></span> 
     </span>
     <span class='ocr_line' id='line_1_20' title="bbox 335 1604 1212 1658; baseline -0.001 -12"><span class='ocrx_word' id='word_1_100' title='bbox 335 1611 420 1658; x_wconf 90' lang='lat' dir='ltr'><strong>tus,</strong></span> <span class='ocrx_word' id='word_1_101' title='bbox 449 1607 551 1648; x_wconf 89' lang='lat' dir='ltr'><strong>licet</strong></span> <span class='ocrx_word' id='word_1_102' title='bbox 571 1619 667 1647; x_wconf 88' lang='lat' dir='ltr'><strong>eum</strong></span> <span class='ocrx_word' id='word_1_103' title='bbox 697 1618 772 1646; x_wconf 87' lang='lat' dir='ltr'><strong>sex</strong></span> <span class='ocrx_word' id='word_1_104' title='bbox 804 1606 974 1658; x_wconf 87' lang='lat' dir='ltr'><strong>patroni</strong></span> <span class='ocrx_word' id='word_1_105' title='bbox 1006 1604 1212 1646; x_wconf 88' lang='lat' dir='ltr'><strong>defende·</strong></span> 
     </span>
     <span class='ocr_line' id='line_1_21' title="bbox 335 1670 590 1710; baseline 0 -1"><span class='ocrx_word' id='word_1_106' title='bbox 335 1675 449 1710; x_wconf 82' lang='lat' dir='ltr'><strong>rent.</strong></span> <span class='ocrx_word' id='word_1_107' title='bbox 483 1670 590 1710; x_wconf 86' lang='lat' dir='ltr'><strong>Oliv.</strong></span> 
     </span>
    </p>

    <p class='ocr_par' dir='ltr' id='par_1_3' title="bbox 324 1732 1212 3625">
     <span class='ocr_line' id='line_1_22' title="bbox 389 1732 1212 1786; baseline -0.001 -12"><span class='ocrx_word' id='word_1_108' title='bbox 389 1736 411 1785; x_wconf 51' lang='grc' dir='ltr'>ᾗ</span> <span class='ocrx_word' id='word_1_109' title='bbox 432 1738 481 1774; x_wconf 85' lang='grc'><strong>11</strong></span> <span class='ocrx_word' id='word_1_110' title='bbox 512 1733 677 1773; x_wconf 78' lang='lat' dir='ltr'><strong>Publius</strong></span> <span class='ocrx_word' id='word_1_111' title='bbox 693 1733 838 1786; x_wconf 81' lang='lat' dir='ltr'><strong>Scipio,</strong></span> <span class='ocrx_word' id='word_1_112' title='bbox 853 1732 942 1784; x_wconf 58' lang='lat' dir='ltr'><strong>Sua]</strong></span> <span class='ocrx_word' id='word_1_113' title='bbox 962 1733 1092 1774; x_wconf 84' lang='lat' dir='ltr'><strong>Hunc</strong></span> <span class='ocrx_word' id='word_1_114' title='bbox 1113 1733 1212 1774; x_wconf 86' lang='lat' dir='ltr'><strong>Cot·</strong></span> 
     </span>
     <span class='ocr_line' id='line_1_23' title="bbox 336 1797 1208 1839; baseline 0.001 -2"><span class='ocrx_word' id='word_1_115' title='bbox 336 1805 426 1837; x_wconf 86' lang='lat' dir='ltr'><strong>tam</strong></span> <span class='ocrx_word' id='word_1_116' title='bbox 446 1798 711 1839; x_wconf 84' lang='lat' dir='ltr'><strong>Gracchanae</strong></span> <span class='ocrx_word' id='word_1_117' title='bbox 746 1798 966 1838; x_wconf 86' lang='lat' dir='ltr'><strong>seditionis</strong></span> <span class='ocrx_word' id='word_1_118' title='bbox 997 1797 1208 1838; x_wconf 88' lang='lat' dir='ltr'><strong>fautorem</strong></span> 
     </span>
     <span class='ocr_line' id='line_1_24' title="bbox 335 1861 1211 1913; baseline -0.002 -11"><span class='ocrx_word' id='word_1_119' title='bbox 335 1861 628 1913; x_wconf 80' lang='lat' dir='ltr'><strong>intelligimus.</strong></span> <span class='ocrx_word' id='word_1_120' title='bbox 658 1861 739 1901; x_wconf 89' lang='lat' dir='ltr'><strong>Cui</strong></span> <span class='ocrx_word' id='word_1_121' title='bbox 757 1861 899 1913; x_wconf 84' lang='lat' dir='ltr'><strong>Scipio</strong></span> <span class='ocrx_word' id='word_1_122' title='bbox 919 1861 1125 1901; x_wconf 84' lang='lat' dir='ltr'><strong>acerrime</strong></span> <span class='ocrx_word' id='word_1_123' title='bbox 1147 1873 1211 1900; x_wconf 90' lang='lat' dir='ltr'><strong>re-</strong></span> 
     </span>
     <span class='ocr_line' id='line_1_25' title="bbox 335 1924 1208 1976; baseline -0.002 -12"><span class='ocrx_word' id='word_1_124' title='bbox 335 1924 463 1974; x_wconf 87' lang='lat' dir='ltr'><strong>stitit,</strong></span> <span class='ocrx_word' id='word_1_125' title='bbox 481 1930 531 1965; x_wconf 93' lang='lat' dir='ltr'><strong>ut</strong></span> <span class='ocrx_word' id='word_1_126' title='bbox 546 1924 660 1976; x_wconf 86' lang='lat' dir='ltr'><strong>apud</strong></span> <span class='ocrx_word' id='word_1_127' title='bbox 680 1924 960 1964; x_wconf 82' lang='lat' dir='ltr'><strong>Plutarchum</strong></span> <span class='ocrx_word' id='word_1_128' title='bbox 975 1925 1019 1963; x_wconf 92' lang='lat' dir='ltr'><strong>in</strong></span> <span class='ocrx_word' id='word_1_129' title='bbox 1036 1925 1084 1965; x_wconf 88' lang='grc' dir='ltr'><strong>Τ.</strong></span> <span class='ocrx_word' id='word_1_130' title='bbox 1100 1929 1143 1964; x_wconf 81' lang='lat' dir='ltr'><strong>et</strong></span> <span class='ocrx_word' id='word_1_131' title='bbox 1158 1925 1208 1964; x_wconf 85' lang='lat' dir='ltr'><strong>C.</strong></span> 
     </span>
     <span class='ocr_line' id='line_1_26' title="bbox 334 1987 1209 2040; baseline 0.001 -13"><span class='ocrx_word' id='word_1_132' title='bbox 334 1987 627 2028; x_wconf 86' lang='lat' dir='ltr'><strong>Gracchorum</strong></span> <span class='ocrx_word' id='word_1_133' title='bbox 648 1988 736 2028; x_wconf 86' lang='lat' dir='ltr'><strong>vita</strong></span> <span class='ocrx_word' id='word_1_134' title='bbox 761 1987 1106 2028; x_wconf 82' lang='lat' dir='ltr'><strong>manifestissime</strong></span> <span class='ocrx_word' id='word_1_135' title='bbox 1136 2001 1209 2040; x_wconf 87' lang='lat' dir='ltr'><strong>pa-</strong></span> 
     </span>
     <span class='ocr_line' id='line_1_27' title="bbox 330 2049 1211 2106; baseline 0 -15"><span class='ocrx_word' id='word_1_136' title='bbox 330 2056 410 2106; x_wconf 83' lang='lat' dir='ltr'><strong>tet.</strong></span> <span class='ocrx_word' id='word_1_137' title='bbox 477 2051 589 2091; x_wconf 87' lang='lat' dir='ltr'><strong>Nam</strong></span> <span class='ocrx_word' id='word_1_138' title='bbox 634 2049 834 2091; x_wconf 84' lang='lat' dir='ltr'><strong>Aurelius</strong></span> <span class='ocrx_word' id='word_1_139' title='bbox 880 2052 1013 2092; x_wconf 86' lang='lat' dir='ltr'><strong>Cotta</strong></span> <span class='ocrx_word' id='word_1_140' title='bbox 1046 2052 1211 2104; x_wconf 85' lang='lat' dir='ltr'><strong>aliquot</strong></span> 
     </span>
     <span class='ocr_line' id='line_1_28' title="bbox 331 2113 1208 2167; baseline -0.001 -12"><span class='ocrx_word' id='word_1_141' title='bbox 331 2119 432 2167; x_wconf 87' lang='lat' dir='ltr'><strong>post</strong></span> <span class='ocrx_word' id='word_1_142' title='bbox 451 2127 583 2155; x_wconf 90' lang='lat' dir='ltr'><strong>annos</strong></span> <span class='ocrx_word' id='word_1_143' title='bbox 603 2121 766 2167; x_wconf 82' lang='lat' dir='ltr'><strong>praetor</strong></span> <span class='ocrx_word' id='word_1_144' title='bbox 785 2114 951 2165; x_wconf 86' lang='lat' dir='ltr'><strong>judicia</strong></span> <span class='ocrx_word' id='word_1_145' title='bbox 970 2113 1023 2154; x_wconf 89' lang='lat' dir='ltr'><strong>ad</strong></span> <span class='ocrx_word' id='word_1_146' title='bbox 1043 2114 1208 2167; x_wconf 88' lang='lat' dir='ltr'><strong>equites</strong></span> 
     </span>
     <span class='ocr_line' id='line_1_29' title="bbox 332 2177 1210 2228; baseline -0.003 -10"><span class='ocrx_word' id='word_1_147' title='bbox 332 2179 548 2219; x_wconf 87' lang='lat' dir='ltr'><strong>Romanos</strong></span> <span class='ocrx_word' id='word_1_148' title='bbox 595 2177 831 2218; x_wconf 84' lang='lat' dir='ltr'><strong>transtulit.</strong></span> <span class='ocrx_word' id='word_1_149' title='bbox 899 2177 1029 2216; x_wconf 88' lang='lat' dir='ltr'><strong>Hunc</strong></span> <span class='ocrx_word' id='word_1_150' title='bbox 1075 2177 1210 2228; x_wconf 86' lang='lat' dir='ltr'><strong>igitur</strong></span> 
     </span>
     <span class='ocr_line' id='line_1_30' title="bbox 331 2238 1208 2293; baseline -0.005 -11"><span class='ocrx_word' id='word_1_151' title='bbox 331 2240 506 2283; x_wconf 87' lang='lat' dir='ltr'><strong>Cottam</strong></span> <span class='ocrx_word' id='word_1_152' title='bbox 524 2253 620 2281; x_wconf 90' lang='lat' dir='ltr'><strong>cum</strong></span> <span class='ocrx_word' id='word_1_153' title='bbox 639 2241 782 2293; x_wconf 88' lang='lat' dir='ltr'><strong>Scipio</strong></span> <span class='ocrx_word' id='word_1_154' title='bbox 800 2238 1049 2280; x_wconf 89' lang='lat' dir='ltr'><strong>infamatum</strong></span> <span class='ocrx_word' id='word_1_155' title='bbox 1068 2240 1111 2279; x_wconf 92' lang='lat' dir='ltr'><strong>in</strong></span> <span class='ocrx_word' id='word_1_156' title='bbox 1136 2239 1208 2291; x_wconf 87' lang='lat' dir='ltr'><strong>ju-</strong></span> 
     </span>
     <span class='ocr_line' id='line_1_31' title="bbox 331 2303 1209 2357; baseline -0.001 -12"><span class='ocrx_word' id='word_1_157' title='bbox 331 2306 491 2345; x_wconf 84' lang='lat' dir='ltr'><strong>dicium</strong></span> <span class='ocrx_word' id='word_1_158' title='bbox 519 2304 820 2357; x_wconf 85' lang='lat' dir='ltr'><strong>pertraxisset,</strong></span> <span class='ocrx_word' id='word_1_159' title='bbox 858 2310 904 2344; x_wconf 88' lang='lat' dir='ltr'><strong>et</strong></span> <span class='ocrx_word' id='word_1_160' title='bbox 933 2303 1079 2344; x_wconf 88' lang='lat' dir='ltr'><strong>multis</strong></span> <span class='ocrx_word' id='word_1_161' title='bbox 1113 2316 1209 2356; x_wconf 85' lang='lat' dir='ltr'><strong>gra-</strong></span> 
     </span>
     <span class='ocr_line' id='line_1_32' title="bbox 330 2367 1208 2420; baseline -0.001 -12"><span class='ocrx_word' id='word_1_162' title='bbox 330 2369 514 2409; x_wconf 87' lang='lat' dir='ltr'><strong>vissimis</strong></span> <span class='ocrx_word' id='word_1_163' title='bbox 533 2368 783 2409; x_wconf 86' lang='lat' dir='ltr'><strong>criminibus</strong></span> <span class='ocrx_word' id='word_1_164' title='bbox 803 2367 1010 2408; x_wconf 84' lang='lat' dir='ltr'><strong>afflictum</strong></span> <span class='ocrx_word' id='word_1_165' title='bbox 1040 2379 1096 2407; x_wconf 91' lang='lat' dir='ltr'><strong>eo</strong></span> <span class='ocrx_word' id='word_1_166' title='bbox 1113 2379 1208 2420; x_wconf 88' lang='lat' dir='ltr'><strong>per-</strong></span> 
     </span>
     <span class='ocr_line' id='line_1_33' title="bbox 334 2430 1207 2484; baseline -0.002 -12"><span class='ocrx_word' id='word_1_167' title='bbox 334 2432 545 2484; x_wconf 79' lang='lat' dir='ltr'><strong>duxisset,</strong></span> <span class='ocrx_word' id='word_1_168' title='bbox 566 2437 614 2472; x_wconf 90' lang='lat' dir='ltr'><strong>ut</strong></span> <span class='ocrx_word' id='word_1_169' title='bbox 631 2431 906 2472; x_wconf 82' lang='lat' dir='ltr'><strong>damnaretur</strong></span> <span class='ocrx_word' id='word_1_170' title='bbox 925 2437 1080 2472; x_wconf 85' lang='lat' dir='ltr'><strong>octavo</strong></span> <span class='ocrx_word' id='word_1_171' title='bbox 1091 2430 1207 2483; x_wconf 88' lang='lat' dir='ltr'><strong>judi-</strong></span> 
     </span>
     <span class='ocr_line' id='line_1_34' title="bbox 332 2494 1206 2547; baseline -0.002 -11"><span class='ocrx_word' id='word_1_172' title='bbox 332 2496 417 2545; x_wconf 90' lang='lat' dir='ltr'><strong>cio,</strong></span> <span class='ocrx_word' id='word_1_173' title='bbox 436 2496 555 2536; x_wconf 89' lang='lat' dir='ltr'><strong>illum</strong></span> <span class='ocrx_word' id='word_1_174' title='bbox 589 2496 774 2547; x_wconf 86' lang='lat' dir='ltr'><strong>populus</strong></span> <span class='ocrx_word' id='word_1_175' title='bbox 795 2495 1010 2535; x_wconf 88' lang='lat' dir='ltr'><strong>liberavit.</strong></span> <span class='ocrx_word' id='word_1_176' title='bbox 1055 2494 1206 2534; x_wconf 83' lang='lat' dir='ltr'><strong>Oliver.</strong></span> 
     </span>
     <span class='ocr_line' id='line_1_35' title="bbox 330 2557 1207 2611; baseline -0.006 -11"><span class='ocrx_word' id='word_1_177' title='bbox 330 2560 380 2600; x_wconf 88' lang='lat' dir='ltr'><strong>L.</strong></span> <span class='ocrx_word' id='word_1_178' title='bbox 401 2559 533 2611; x_wconf 80' lang='lat' dir='ltr'><strong>Scipio</strong></span> <span class='ocrx_word' id='word_1_179' title='bbox 560 2559 800 2599; x_wconf 78' lang='lat' dir='ltr'><strong>AEmilianus</strong></span> <span class='ocrx_word' id='word_1_180' title='bbox 826 2559 986 2598; x_wconf 80' lang='lat' dir='ltr'><strong>Cottam</strong></span> <span class='ocrx_word' id='word_1_181' title='bbox 1013 2557 1115 2609; x_wconf 83' lang='lat' dir='ltr'><strong>apud</strong></span> <span class='ocrx_word' id='word_1_182' title='bbox 1139 2568 1207 2607; x_wconf 87' lang='lat' dir='ltr'><strong>po·</strong></span> 
     </span>
     <span class='ocr_line' id='line_1_36' title="bbox 324 2619 1206 2674; baseline -0.001 -14"><span class='ocrx_word' id='word_1_183' title='bbox 324 2623 459 2674; x_wconf 74' lang='lat' dir='ltr'><strong>pulum</strong></span> <span class='ocrx_word' id='word_1_184' title='bbox 488 2621 703 2672; x_wconf 76' lang='lat' dir='ltr'><strong>accusavit]</strong></span> <span class='ocrx_word' id='word_1_185' title='bbox 733 2622 968 2673; x_wconf 84' lang='lat' dir='ltr'><strong>Perperam</strong></span> <span class='ocrx_word' id='word_1_186' title='bbox 995 2620 1077 2660; x_wconf 90' lang='lat' dir='ltr'><strong>hoc</strong></span> <span class='ocrx_word' id='word_1_187' title='bbox 1111 2619 1206 2659; x_wconf 89' lang='lat' dir='ltr'><strong>loco</strong></span> 
     </span>
     <span class='ocr_line' id='line_1_37' title="bbox 331 2683 1208 2736; baseline -0.006 -10"><span class='ocrx_word' id='word_1_188' title='bbox 331 2685 522 2736; x_wconf 87' lang='lat' dir='ltr'><strong>Scipioni</strong></span> <span class='ocrx_word' id='word_1_189' title='bbox 554 2683 778 2724; x_wconf 81' lang='lat' dir='ltr'><strong>AEmiliano</strong></span> <span class='ocrx_word' id='word_1_190' title='bbox 807 2695 1052 2735; x_wconf 80' lang='lat' dir='ltr'><strong>praenomen</strong></span> <span class='ocrx_word' id='word_1_191' title='bbox 1090 2683 1208 2723; x_wconf 77' lang='lat' dir='ltr'><strong>Cotta</strong></span> 
     </span>
     <span class='ocr_line' id='line_1_38' title="bbox 330 2746 1207 2788; baseline -0.001 -1"><span class='ocrx_word' id='word_1_192' title='bbox 330 2752 397 2788; x_wconf 81' lang='lat' dir='ltr'><strong>est</strong></span> <span class='ocrx_word' id='word_1_193' title='bbox 418 2747 688 2787; x_wconf 88' lang='lat' dir='ltr'><strong>attributum.</strong></span> <span class='ocrx_word' id='word_1_194' title='bbox 731 2747 814 2786; x_wconf 92' lang='lat' dir='ltr'><strong>Vel</strong></span> <span class='ocrx_word' id='word_1_195' title='bbox 835 2746 1076 2787; x_wconf 86' lang='lat' dir='ltr'><strong>tonsoribus</strong></span> <span class='ocrx_word' id='word_1_196' title='bbox 1094 2746 1207 2786; x_wconf 89' lang='lat' dir='ltr'><strong>enim</strong></span> 
     </span>
     <span class='ocr_line' id='line_1_39' title="bbox 332 2808 1207 2862; baseline -0.002 -12"><span class='ocrx_word' id='word_1_197' title='bbox 332 2815 478 2850; x_wconf 90' lang='lat' dir='ltr'><strong>notum</strong></span> <span class='ocrx_word' id='word_1_198' title='bbox 494 2816 562 2850; x_wconf 89' lang='lat' dir='ltr'><strong>est</strong></span> <span class='ocrx_word' id='word_1_199' title='bbox 582 2811 634 2850; x_wconf 88' lang='lat' dir='ltr'><strong>P.</strong></span> <span class='ocrx_word' id='word_1_200' title='bbox 653 2809 875 2862; x_wconf 79' lang='lat' dir='ltr'><strong>Scipionem</strong></span> <span class='ocrx_word' id='word_1_201' title='bbox 894 2809 1104 2861; x_wconf 85' lang='lat' dir='ltr'><strong>appellari</strong></span> <span class='ocrx_word' id='word_1_202' title='bbox 1133 2808 1207 2849; x_wconf 87' lang='lat' dir='ltr'><strong>de-</strong></span> 
     </span>
     <span class='ocr_line' id='line_1_40' title="bbox 329 2873 1208 2927; baseline -0.003 -13"><span class='ocrx_word' id='word_1_203' title='bbox 329 2873 454 2925; x_wconf 90' lang='lat' dir='ltr'><strong>bere,</strong></span> <span class='ocrx_word' id='word_1_204' title='bbox 479 2873 835 2927; x_wconf 88' lang='lat' dir='ltr'><strong>quemadmodum</strong></span> <span class='ocrx_word' id='word_1_205' title='bbox 871 2873 998 2913; x_wconf 88' lang='lat' dir='ltr'><strong>etiam</strong></span> <span class='ocrx_word' id='word_1_206' title='bbox 1032 2878 1208 2913; x_wconf 80' lang='lat' dir='ltr'><strong>vocatur</strong></span> 
     </span>
     <span class='ocr_line' id='line_1_41' title="bbox 327 2935 1207 2989; baseline -0.001 -13"><span class='ocrx_word' id='word_1_207' title='bbox 327 2938 371 2976; x_wconf 87' lang='lat' dir='ltr'><strong>in</strong></span> <span class='ocrx_word' id='word_1_208' title='bbox 389 2937 621 2989; x_wconf 88' lang='lat' dir='ltr'><strong>Campensi</strong></span> <span class='ocrx_word' id='word_1_209' title='bbox 637 2937 759 2988; x_wconf 87' lang='lat' dir='ltr'><strong>libro,</strong></span> <span class='ocrx_word' id='word_1_210' title='bbox 773 2943 900 2989; x_wconf 87' lang='lat' dir='ltr'><strong>atque</strong></span> <span class='ocrx_word' id='word_1_211' title='bbox 919 2936 962 2975; x_wconf 91' lang='lat' dir='ltr'><strong>in</strong></span> <span class='ocrx_word' id='word_1_212' title='bbox 980 2935 1207 2975; x_wconf 82' lang='lat' dir='ltr'><strong>Wincheli·</strong></span> 
     </span>
     <span class='ocr_line' id='line_1_42' title="bbox 330 2998 1206 3051; baseline -0.002 -11"><span class='ocrx_word' id='word_1_213' title='bbox 330 3013 425 3051; x_wconf 87' lang='lat' dir='ltr'><strong>ano,</strong></span> <span class='ocrx_word' id='word_1_214' title='bbox 457 3013 541 3040; x_wconf 87' lang='lat' dir='ltr'><strong>non</strong></span> <span class='ocrx_word' id='word_1_215' title='bbox 576 3001 716 3040; x_wconf 84' lang='lat' dir='ltr'><strong>male:</strong></span> <span class='ocrx_word' id='word_1_216' title='bbox 749 3001 798 3040; x_wconf 90' lang='lat' dir='ltr'><strong>P.</strong></span> <span class='ocrx_word' id='word_1_217' title='bbox 826 2998 959 3051; x_wconf 83' lang='lat' dir='ltr'><strong>Scipio</strong></span> <span class='ocrx_word' id='word_1_218' title='bbox 976 2998 1206 3048; x_wconf 76' lang='lat' dir='ltr'><strong>Africanus.</strong></span> 
     </span>
     <span class='ocr_line' id='line_1_43' title="bbox 328 3063 1207 3117; baseline -0.002 -13"><span class='ocrx_word' id='word_1_219' title='bbox 328 3064 414 3104; x_wconf 89' lang='lat' dir='ltr'><strong>Sed</strong></span> <span class='ocrx_word' id='word_1_220' title='bbox 435 3064 565 3117; x_wconf 80' lang='lat' dir='ltr'><strong>quid?</strong></span> <span class='ocrx_word' id='word_1_221' title='bbox 591 3065 723 3104; x_wconf 83' lang='lat' dir='ltr'><strong>Cotta</strong></span> <span class='ocrx_word' id='word_1_222' title='bbox 742 3063 795 3103; x_wconf 84' lang='lat' dir='ltr'><strong>ad</strong></span> <span class='ocrx_word' id='word_1_223' title='bbox 814 3064 1015 3115; x_wconf 83' lang='lat' dir='ltr'><strong>populum</strong></span> <span class='ocrx_word' id='word_1_224' title='bbox 1034 3075 1207 3103; x_wconf 89' lang='lat' dir='ltr'><strong>accusa-</strong></span> 
     </span>
     <span class='ocr_line' id='line_1_44' title="bbox 327 3126 1205 3178; baseline -0.001 -11"><span class='ocrx_word' id='word_1_225' title='bbox 327 3129 428 3168; x_wconf 89' lang='lat' dir='ltr'><strong>tus?</strong></span> <span class='ocrx_word' id='word_1_226' title='bbox 456 3128 652 3168; x_wconf 87' lang='lat' dir='ltr'><strong>Minime.</strong></span> <span class='ocrx_word' id='word_1_227' title='bbox 706 3127 807 3168; x_wconf 86' lang='lat' dir='ltr'><strong>Non</strong></span> <span class='ocrx_word' id='word_1_228' title='bbox 833 3128 947 3166; x_wconf 84' lang='lat' dir='ltr'><strong>enim</strong></span> <span class='ocrx_word' id='word_1_229' title='bbox 975 3126 1054 3166; x_wconf 81' lang='lat' dir='ltr'><strong>nisi</strong></span> <span class='ocrx_word' id='word_1_230' title='bbox 1076 3126 1205 3178; x_wconf 84' lang='lat' dir='ltr'><strong>magi-</strong></span> 
     </span>
     <span class='ocr_line' id='line_1_45' title="bbox 329 3188 1204 3242; baseline -0.003 -12"><span class='ocrx_word' id='word_1_231' title='bbox 329 3195 489 3230; x_wconf 78' lang='lat' dir='ltr'><strong>stratus</strong></span> <span class='ocrx_word' id='word_1_232' title='bbox 518 3189 661 3242; x_wconf 89' lang='lat' dir='ltr'><strong>(quod</strong></span> <span class='ocrx_word' id='word_1_233' title='bbox 690 3195 734 3229; x_wconf 88' lang='lat' dir='ltr'><strong>et</strong></span> <span class='ocrx_word' id='word_1_234' title='bbox 757 3189 819 3229; x_wconf 88' lang='lat' dir='ltr'><strong>vir</strong></span> <span class='ocrx_word' id='word_1_235' title='bbox 837 3188 1107 3229; x_wconf 89' lang='lat' dir='ltr'><strong>doctissimus</strong></span> <span class='ocrx_word' id='word_1_236' title='bbox 1126 3189 1204 3228; x_wconf 84' lang='lat' dir='ltr'><strong>Ca-</strong></span> 
     </span>
     <span class='ocr_line' id='line_1_46' title="bbox 328 3246 1205 3305; baseline -0.002 -11"><span class='ocrx_word' id='word_1_237' title='bbox 328 3254 444 3294; x_wconf 90' lang='lat' dir='ltr'><strong>rolus</strong></span> <span class='ocrx_word' id='word_1_238' title='bbox 463 3253 665 3305; x_wconf 88' lang='lat' dir='ltr'><strong>Sigonius</strong></span> <span class='ocrx_word' id='word_1_239' title='bbox 695 3251 965 3304; x_wconf 86' lang='lat' dir='ltr'><strong>observavit)</strong></span> <span class='ocrx_word' id='word_1_240' title='bbox 1002 3246 1205 3292; x_wconf 80' lang='lat' dir='ltr'><strong>accusare</strong></span> 
     </span>
     <span class='ocr_line' id='line_1_47' title="bbox 333 3315 1204 3369; baseline -0.002 -13"><span class='ocrx_word' id='word_1_241' title='bbox 333 3317 387 3356; x_wconf 88' lang='lat' dir='ltr'><strong>ad</strong></span> <span class='ocrx_word' id='word_1_242' title='bbox 410 3317 613 3369; x_wconf 86' lang='lat' dir='ltr'><strong>populum</strong></span> <span class='ocrx_word' id='word_1_243' title='bbox 635 3316 790 3355; x_wconf 85' lang='lat' dir='ltr'><strong>solent.</strong></span> <span class='ocrx_word' id='word_1_244' title='bbox 847 3315 1000 3367; x_wconf 89' lang='lat' dir='ltr'><strong>Itaque</strong></span> <span class='ocrx_word' id='word_1_245' title='bbox 1016 3315 1204 3355; x_wconf 89' lang='lat' dir='ltr'><strong>scriben-</strong></span> 
     </span>
     <span class='ocr_line' id='line_1_48' title="bbox 333 3378 1203 3432; baseline -0.005 -11"><span class='ocrx_word' id='word_1_246' title='bbox 333 3382 449 3432; x_wconf 89' lang='lat' dir='ltr'><strong>dum,</strong></span> <span class='ocrx_word' id='word_1_247' title='bbox 467 3381 645 3421; x_wconf 85' lang='lat' dir='ltr'><strong>velutin</strong></span> <span class='ocrx_word' id='word_1_248' title='bbox 669 3379 949 3420; x_wconf 87' lang='lat' dir='ltr'><strong>Atrebatensi</strong></span> <span class='ocrx_word' id='word_1_249' title='bbox 967 3378 1118 3419; x_wconf 87' lang='lat' dir='ltr'><strong>codice</strong></span> <span class='ocrx_word' id='word_1_250' title='bbox 1143 3379 1203 3418; x_wconf 89' lang='lat' dir='ltr'><strong>le-</strong></span> 
     </span>
     <span class='ocr_line' id='line_1_49' title="bbox 328 3442 1204 3496; baseline -0.002 -12"><span class='ocrx_word' id='word_1_251' title='bbox 328 3445 457 3496; x_wconf 84' lang='lat' dir='ltr'><strong>gitur,</strong></span> <span class='ocrx_word' id='word_1_252' title='bbox 471 3444 519 3485; x_wconf 89' lang='lat' dir='ltr'><strong>L.</strong></span> <span class='ocrx_word' id='word_1_253' title='bbox 534 3444 692 3484; x_wconf 82' lang='lat' dir='ltr'><strong>Cottam</strong></span> <span class='ocrx_word' id='word_1_254' title='bbox 706 3445 758 3484; x_wconf 81' lang='lat' dir='ltr'><strong>ad</strong></span> <span class='ocrx_word' id='word_1_255' title='bbox 772 3447 982 3496; x_wconf 79' lang='lat' dir='ltr'><strong>praetorem</strong></span> <span class='ocrx_word' id='word_1_256' title='bbox 994 3442 1204 3492; x_wconf 74' lang='lat' dir='ltr'><strong>accusavit,</strong></span> 
     </span>
     <span class='ocr_line' id='line_1_50' title="bbox 327 3504 1204 3561; baseline -0.005 -12"><span class='ocrx_word' id='word_1_257' title='bbox 327 3521 433 3560; x_wconf 85' lang='lat' dir='ltr'><strong>non,</strong></span> <span class='ocrx_word' id='word_1_258' title='bbox 448 3510 551 3561; x_wconf 80' lang='lat' dir='ltr'><strong>apud</strong></span> <span class='ocrx_word' id='word_1_259' title='bbox 567 3509 763 3560; x_wconf 78' lang='lat' dir='ltr'><strong>populum,</strong></span> <span class='ocrx_word' id='word_1_260' title='bbox 787 3514 835 3548; x_wconf 90' lang='lat' dir='ltr'><strong>ut</strong></span> <span class='ocrx_word' id='word_1_261' title='bbox 854 3508 1000 3559; x_wconf 87' lang='lat' dir='ltr'><strong>vulgo.</strong></span> <span class='ocrx_word' id='word_1_262' title='bbox 1044 3506 1097 3547; x_wconf 93' lang='lat' dir='ltr'><strong>P.</strong></span> <span class='ocrx_word' id='word_1_263' title='bbox 1113 3504 1204 3546; x_wconf 88' lang='lat' dir='ltr'><strong>Sci·</strong></span> 
     </span>
     <span class='ocr_line' id='line_1_51' title="bbox 328 3569 1206 3625; baseline -0.005 -13"><span class='ocrx_word' id='word_1_264' title='bbox 328 3572 398 3625; x_wconf 89' lang='lat' dir='ltr'><strong>pio</strong></span> <span class='ocrx_word' id='word_1_265' title='bbox 418 3578 559 3613; x_wconf 88' lang='lat' dir='ltr'><strong>autem</strong></span> <span class='ocrx_word' id='word_1_266' title='bbox 576 3571 766 3623; x_wconf 87' lang='lat' dir='ltr'><strong>privatus</strong></span> <span class='ocrx_word' id='word_1_267' title='bbox 779 3569 996 3612; x_wconf 81' lang='lat' dir='ltr'><strong>accusavit</strong></span> <span class='ocrx_word' id='word_1_268' title='bbox 1016 3569 1206 3619; x_wconf 82' lang='lat' dir='ltr'><strong>Cottam,</strong></span> 
     </span>
    </p>
   </div>
   <div class='ocr_carea' id='block_1_3' title="bbox 929 348 1587 392">
    <p class='ocr_par' dir='ltr' id='par_1_4' title="bbox 929 348 1587 392">
     <span class='ocr_line' id='line_1_52' title="bbox 929 348 1587 392; baseline 0.008 -5"><span class='ocrx_word' id='word_1_269' title='bbox 929 348 1108 388; x_wconf 83' lang='lat' dir='ltr'>NOTAE</span> <span class='ocrx_word' id='word_1_270' title='bbox 1148 348 1223 387; x_wconf 86' lang='lat' dir='ltr'><strong>VA</strong></span> <span class='ocrx_word' id='word_1_271' title='bbox 1236 348 1479 391; x_wconf 85' lang='lat' dir='ltr'><strong>RIORUM</strong></span> <span class='ocrx_word' id='word_1_272' title='bbox 1521 352 1587 392; x_wconf 89' lang='lat' dir='ltr'><strong>IN</strong></span> 
     </span>
    </p>
   </div>
   <div class='ocr_carea' id='block_1_4' title="bbox 1271 471 2164 2106">
    <p class='ocr_par' dir='ltr' id='par_1_5' title="bbox 1271 471 2164 2106">
     <span class='ocr_line' id='line_1_53' title="bbox 1282 471 2163 530; baseline 0.011 -22"><span class='ocrx_word' id='word_1_273' title='bbox 1282 481 1379 510; x_wconf 87' lang='lat' dir='ltr'><strong>cum</strong></span> <span class='ocrx_word' id='word_1_274' title='bbox 1392 471 1483 523; x_wconf 88' lang='lat' dir='ltr'><strong>jam</strong></span> <span class='ocrx_word' id='word_1_275' title='bbox 1504 471 1567 512; x_wconf 89' lang='lat' dir='ltr'><strong>bis</strong></span> <span class='ocrx_word' id='word_1_276' title='bbox 1588 473 1735 514; x_wconf 88' lang='lat' dir='ltr'><strong>consul</strong></span> <span class='ocrx_word' id='word_1_277' title='bbox 1756 478 1801 516; x_wconf 92' lang='lat' dir='ltr'><strong>et</strong></span> <span class='ocrx_word' id='word_1_278' title='bbox 1822 485 1975 516; x_wconf 89' lang='lat' dir='ltr'><strong>censor</strong></span> <span class='ocrx_word' id='word_1_279' title='bbox 1995 475 2163 530; x_wconf 81' lang='lat' dir='ltr'><strong>fuisset,</strong></span> 
     </span>
     <span class='ocr_line' id='line_1_54' title="bbox 1282 537 2164 591; baseline 0.01 -20"><span class='ocrx_word' id='word_1_280' title='bbox 1282 539 1329 573; x_wconf 88' lang='lat' dir='ltr'><strong>ut</strong></span> <span class='ocrx_word' id='word_1_281' title='bbox 1369 539 1554 575; x_wconf 82' lang='lat' dir='ltr'><strong>testatur</strong></span> <span class='ocrx_word' id='word_1_282' title='bbox 1589 537 1742 578; x_wconf 88' lang='lat' dir='ltr'><strong>Cicero</strong></span> <span class='ocrx_word' id='word_1_283' title='bbox 1775 538 1830 578; x_wconf 89' lang='lat' dir='ltr'><strong>de</strong></span> <span class='ocrx_word' id='word_1_284' title='bbox 1867 539 2164 591; x_wconf 85' lang='lat' dir='ltr'><strong>Divinatione,</strong></span> 
     </span>
     <span class='ocr_line' id='line_1_55' title="bbox 1281 597 2159 649; baseline 0.01 -14"><span class='ocrx_word' id='word_1_285' title='bbox 1281 601 1408 649; x_wconf 85' lang='lat' dir='ltr'><strong>atque</strong></span> <span class='ocrx_word' id='word_1_286' title='bbox 1439 597 1542 638; x_wconf 87' lang='lat' dir='ltr'><strong>item</strong></span> <span class='ocrx_word' id='word_1_287' title='bbox 1561 599 1603 638; x_wconf 90' lang='lat' dir='ltr'><strong>in</strong></span> <span class='ocrx_word' id='word_1_288' title='bbox 1623 601 1911 643; x_wconf 88' lang='lat' dir='ltr'><strong>Muraeniana:</strong></span> <span class='ocrx_word' id='word_1_289' title='bbox 1935 605 1948 626; x_wconf 86' lang='lat'>‘</span> <span class='ocrx_word' id='word_1_290' title='bbox 1964 603 2040 643; x_wconf 89' lang='lat' dir='ltr'><strong>Bis</strong></span> <span class='ocrx_word' id='word_1_291' title='bbox 2060 614 2159 643; x_wconf 89' lang='lat' dir='ltr'><strong>cou-</strong></span> 
     </span>
     <span class='ocr_line' id='line_1_56' title="bbox 1280 659 2163 715; baseline 0.01 -17"><span class='ocrx_word' id='word_1_292' title='bbox 1280 661 1344 699; x_wconf 89' lang='lat' dir='ltr'><strong>sul</strong></span> <span class='ocrx_word' id='word_1_293' title='bbox 1365 659 1538 711; x_wconf 88' lang='lat' dir='ltr'><strong>fuerat,’</strong></span> <span class='ocrx_word' id='word_1_294' title='bbox 1559 662 1715 715; x_wconf 89' lang='lat' dir='ltr'><strong>inquit,</strong></span> <span class='ocrx_word' id='word_1_295' title='bbox 1741 666 1752 687; x_wconf 91' lang='lat'>‘</span> <span class='ocrx_word' id='word_1_296' title='bbox 1767 665 1822 704; x_wconf 90' lang='lat' dir='ltr'><strong>P.</strong></span> <span class='ocrx_word' id='word_1_297' title='bbox 1843 665 2086 714; x_wconf 84' lang='lat' dir='ltr'><strong>Africanus,</strong></span> <span class='ocrx_word' id='word_1_298' title='bbox 2115 671 2163 706; x_wconf 79' lang='lat' dir='ltr'><strong>et</strong></span> 
     </span>
     <span class='ocr_line' id='line_1_57' title="bbox 1279 721 2160 781; baseline 0.008 -20"><span class='ocrx_word' id='word_1_299' title='bbox 1279 721 1384 762; x_wconf 90' lang='lat' dir='ltr'><strong>duos</strong></span> <span class='ocrx_word' id='word_1_300' title='bbox 1402 731 1590 763; x_wconf 88' lang='lat' dir='ltr'><strong>terrores</strong></span> <span class='ocrx_word' id='word_1_301' title='bbox 1605 725 1726 776; x_wconf 88' lang='lat' dir='ltr'><strong>hujus</strong></span> <span class='ocrx_word' id='word_1_302' title='bbox 1742 726 1923 779; x_wconf 89' lang='lat' dir='ltr'><strong>imperii,</strong></span> <span class='ocrx_word' id='word_1_303' title='bbox 1935 729 2160 781; x_wconf 84' lang='lat' dir='ltr'><strong>Carthagi-</strong></span> 
     </span>
     <span class='ocr_line' id='line_1_58' title="bbox 1281 786 2157 842; baseline 0.01 -18"><span class='ocrx_word' id='word_1_304' title='bbox 1281 797 1375 824; x_wconf 89' lang='lat' dir='ltr'><strong>nem</strong></span> <span class='ocrx_word' id='word_1_305' title='bbox 1403 786 1781 840; x_wconf 76' lang='lat' dir='ltr'><strong>Numantiamque,</strong></span> <span class='ocrx_word' id='word_1_306' title='bbox 1802 789 2039 842; x_wconf 85' lang='lat' dir='ltr'><strong>deleverat,</strong></span> <span class='ocrx_word' id='word_1_307' title='bbox 2061 803 2157 832; x_wconf 87' lang='lat' dir='ltr'><strong>cum</strong></span> 
     </span>
     <span class='ocr_line' id='line_1_59' title="bbox 1278 848 2160 894; baseline 0.011 -9"><span class='ocrx_word' id='word_1_308' title='bbox 1278 848 1494 888; x_wconf 86' lang='lat' dir='ltr'><strong>accusavit</strong></span> <span class='ocrx_word' id='word_1_309' title='bbox 1527 849 1581 888; x_wconf 90' lang='lat' dir='ltr'><strong>L.</strong></span> <span class='ocrx_word' id='word_1_310' title='bbox 1612 849 1813 890; x_wconf 84' lang='lat' dir='ltr'><strong>Cottam.’</strong></span> <span class='ocrx_word' id='word_1_311' title='bbox 1869 851 1976 894; x_wconf 77' lang='lat' dir='ltr'><strong>Post</strong></span> <span class='ocrx_word' id='word_1_312' title='bbox 2006 865 2160 894; x_wconf 87' lang='lat' dir='ltr'><strong>secun-</strong></span> 
     </span>
     <span class='ocr_line' id='line_1_60' title="bbox 1278 908 2158 957; baseline 0.011 -10"><span class='ocrx_word' id='word_1_313' title='bbox 1278 908 1377 948; x_wconf 89' lang='lat' dir='ltr'><strong>dum</strong></span> <span class='ocrx_word' id='word_1_314' title='bbox 1413 922 1517 950; x_wconf 87' lang='lat' dir='ltr'><strong>vero</strong></span> <span class='ocrx_word' id='word_1_315' title='bbox 1546 913 1812 952; x_wconf 90' lang='lat' dir='ltr'><strong>consulatum</strong></span> <span class='ocrx_word' id='word_1_316' title='bbox 1843 913 1896 954; x_wconf 91' lang='lat' dir='ltr'><strong>P.</strong></span> <span class='ocrx_word' id='word_1_317' title='bbox 1924 912 2158 957; x_wconf 79' lang='lat' dir='ltr'><strong>Africanus</strong></span> 
     </span>
     <span class='ocr_line' id='line_1_61' title="bbox 1277 973 2160 1028; baseline 0.009 -17"><span class='ocrx_word' id='word_1_318' title='bbox 1277 973 1438 1012; x_wconf 90' lang='lat' dir='ltr'><strong>nullum</strong></span> <span class='ocrx_word' id='word_1_319' title='bbox 1485 975 1788 1026; x_wconf 85' lang='lat' dir='ltr'><strong>magistratum</strong></span> <span class='ocrx_word' id='word_1_320' title='bbox 1820 977 1978 1028; x_wconf 81' lang='lat' dir='ltr'><strong>gessit3</strong></span> <span class='ocrx_word' id='word_1_321' title='bbox 2007 977 2160 1019; x_wconf 73' lang='lat' dir='ltr'><strong>debuit·</strong></span> 
     </span>
     <span class='ocr_line' id='line_1_62' title="bbox 1277 1037 2155 1095; baseline 0.006 -18"><span class='ocrx_word' id='word_1_322' title='bbox 1277 1037 1420 1091; x_wconf 85' lang='lat' dir='ltr'><strong>itaque</strong></span> <span class='ocrx_word' id='word_1_323' title='bbox 1450 1039 1643 1090; x_wconf 87' lang='lat' dir='ltr'><strong>privatus</strong></span> <span class='ocrx_word' id='word_1_324' title='bbox 1664 1052 1904 1093; x_wconf 85' lang='lat' dir='ltr'><strong>accusasse,</strong></span> <span class='ocrx_word' id='word_1_325' title='bbox 1922 1047 2051 1095; x_wconf 81' lang='lat' dir='ltr'><strong>atque</strong></span> <span class='ocrx_word' id='word_1_326' title='bbox 2068 1053 2155 1082; x_wconf 89' lang='lat' dir='ltr'><strong>non</strong></span> 
     </span>
     <span class='ocr_line' id='line_1_63' title="bbox 1277 1101 2154 1156; baseline 0.006 -15"><span class='ocrx_word' id='word_1_327' title='bbox 1277 1101 1330 1141; x_wconf 88' lang='lat' dir='ltr'><strong>ad</strong></span> <span class='ocrx_word' id='word_1_328' title='bbox 1346 1104 1565 1154; x_wconf 88' lang='lat' dir='ltr'><strong>populum,</strong></span> <span class='ocrx_word' id='word_1_329' title='bbox 1586 1104 1662 1144; x_wconf 87' lang='lat' dir='ltr'><strong>sed</strong></span> <span class='ocrx_word' id='word_1_330' title='bbox 1680 1103 1733 1144; x_wconf 83' lang='lat' dir='ltr'><strong>ad</strong></span> <span class='ocrx_word' id='word_1_331' title='bbox 1755 1111 1989 1156; x_wconf 87' lang='lat' dir='ltr'><strong>praetorem</strong></span> <span class='ocrx_word' id='word_1_332' title='bbox 2010 1104 2066 1145; x_wconf 86' lang='lat' dir='ltr'><strong>de</strong></span> <span class='ocrx_word' id='word_1_333' title='bbox 2086 1117 2154 1146; x_wconf 83' lang='lat' dir='ltr'><strong>re·</strong></span> 
     </span>
     <span class='ocr_line' id='line_1_64' title="bbox 1277 1165 2157 1215; baseline 0.007 -12"><span class='ocrx_word' id='word_1_334' title='bbox 1277 1165 1494 1215; x_wconf 86' lang='lat' dir='ltr'><strong>petundis.</strong></span> <span class='ocrx_word' id='word_1_335' title='bbox 1550 1166 1650 1207; x_wconf 84' lang='lat' dir='ltr'><strong>Jam</strong></span> <span class='ocrx_word' id='word_1_336' title='bbox 1693 1168 1804 1207; x_wconf 89' lang='lat' dir='ltr'><strong>enim</strong></span> <span class='ocrx_word' id='word_1_337' title='bbox 1848 1169 1986 1208; x_wconf 89' lang='lat' dir='ltr'><strong>multo</strong></span> <span class='ocrx_word' id='word_1_338' title='bbox 2029 1173 2157 1209; x_wconf 78' lang='lat' dir='ltr'><strong>antea</strong></span> 
     </span>
     <span class='ocr_line' id='line_1_65' title="bbox 1277 1227 2154 1281; baseline 0.008 -16"><span class='ocrx_word' id='word_1_339' title='bbox 1277 1227 1534 1278; x_wconf 78' lang='lat' dir='ltr'><strong>quaestiones</strong></span> <span class='ocrx_word' id='word_1_340' title='bbox 1563 1234 1785 1281; x_wconf 81' lang='lat' dir='ltr'><strong>perpetuae</strong></span> <span class='ocrx_word' id='word_1_341' title='bbox 1805 1237 1929 1271; x_wconf 87' lang='lat' dir='ltr'><strong>erant</strong></span> <span class='ocrx_word' id='word_1_342' title='bbox 1948 1230 2154 1272; x_wconf 86' lang='lat' dir='ltr'><strong>constitu·</strong></span> 
     </span>
     <span class='ocr_line' id='line_1_66' title="bbox 1278 1290 2154 1341; baseline 0.007 -13"><span class='ocrx_word' id='word_1_343' title='bbox 1278 1295 1349 1341; x_wconf 88' lang='lat' dir='ltr'><strong>tae,</strong></span> <span class='ocrx_word' id='word_1_344' title='bbox 1369 1290 1480 1330; x_wconf 91' lang='lat' dir='ltr'><strong>sicut</strong></span> <span class='ocrx_word' id='word_1_345' title='bbox 1499 1302 1554 1331; x_wconf 86' lang='lat' dir='ltr'><strong>ex</strong></span> <span class='ocrx_word' id='word_1_346' title='bbox 1584 1291 1742 1331; x_wconf 90' lang='lat' dir='ltr'><strong>nostris</strong></span> <span class='ocrx_word' id='word_1_347' title='bbox 1765 1292 1992 1334; x_wconf 84' lang='lat' dir='ltr'><strong>annalibus</strong></span> <span class='ocrx_word' id='word_1_348' title='bbox 2019 1293 2154 1334; x_wconf 87' lang='lat' dir='ltr'><strong>mani-</strong></span> 
     </span>
     <span class='ocr_line' id='line_1_67' title="bbox 1276 1352 2152 1408; baseline 0.007 -16"><span class='ocrx_word' id='word_1_349' title='bbox 1276 1352 1434 1393; x_wconf 88' lang='lat' dir='ltr'><strong>festum</strong></span> <span class='ocrx_word' id='word_1_350' title='bbox 1450 1359 1529 1394; x_wconf 88' lang='lat' dir='ltr'><strong>est.</strong></span> <span class='ocrx_word' id='word_1_351' title='bbox 1575 1355 1707 1395; x_wconf 89' lang='lat' dir='ltr'><strong>Error</strong></span> <span class='ocrx_word' id='word_1_352' title='bbox 1725 1360 1868 1396; x_wconf 88' lang='lat' dir='ltr'><strong>autem</strong></span> <span class='ocrx_word' id='word_1_353' title='bbox 1888 1356 2090 1408; x_wconf 87' lang='lat' dir='ltr'><strong>provenit</strong></span> <span class='ocrx_word' id='word_1_354' title='bbox 2107 1357 2152 1398; x_wconf 86' lang='lat' dir='ltr'><strong>in</strong></span> 
     </span>
     <span class='ocr_line' id='line_1_68' title="bbox 1276 1416 2150 1470; baseline 0.007 -14"><span class='ocrx_word' id='word_1_355' title='bbox 1276 1416 1441 1457; x_wconf 88' lang='lat' dir='ltr'><strong>Valerii</strong></span> <span class='ocrx_word' id='word_1_356' title='bbox 1461 1418 1776 1470; x_wconf 81' lang='lat' dir='ltr'><strong>exemplaribus</strong></span> <span class='ocrx_word' id='word_1_357' title='bbox 1803 1430 1858 1458; x_wconf 86' lang='lat' dir='ltr'><strong>ex</strong></span> <span class='ocrx_word' id='word_1_358' title='bbox 1889 1419 2032 1460; x_wconf 79' lang='lat' dir='ltr'><strong>literis</strong></span> <span class='ocrx_word' id='word_1_359' title='bbox 2063 1419 2150 1462; x_wconf 83' lang='lat' dir='ltr'><strong>sin-</strong></span> 
     </span>
     <span class='ocr_line' id='line_1_69' title="bbox 1275 1480 2152 1534; baseline 0.005 -14"><span class='ocrx_word' id='word_1_360' title='bbox 1275 1480 1494 1532; x_wconf 85' lang='lat' dir='ltr'><strong>gularibus</strong></span> <span class='ocrx_word' id='word_1_361' title='bbox 1528 1494 1622 1534; x_wconf 86' lang='lat' dir='ltr'><strong>quae</strong></span> <span class='ocrx_word' id='word_1_362' title='bbox 1668 1482 1807 1523; x_wconf 86' lang='lat' dir='ltr'><strong>adhuc</strong></span> <span class='ocrx_word' id='word_1_363' title='bbox 1850 1487 2075 1524; x_wconf 82' lang='lat' dir='ltr'><strong>remanent</strong></span> <span class='ocrx_word' id='word_1_364' title='bbox 2106 1483 2152 1524; x_wconf 92' lang='lat' dir='ltr'><strong>in</strong></span> 
     </span>
     <span class='ocr_line' id='line_1_70' title="bbox 1274 1544 2153 1599; baseline 0.003 -15"><span class='ocrx_word' id='word_1_365' title='bbox 1274 1544 1504 1586; x_wconf 86' lang='lat' dir='ltr'><strong>Pulmanni</strong></span> <span class='ocrx_word' id='word_1_366' title='bbox 1549 1546 1676 1596; x_wconf 85' lang='lat' dir='ltr'><strong>libro,</strong></span> <span class='ocrx_word' id='word_1_367' title='bbox 1718 1546 1762 1586; x_wconf 89' lang='lat' dir='ltr'><strong>in</strong></span> <span class='ocrx_word' id='word_1_368' title='bbox 1798 1558 1882 1599; x_wconf 89' lang='lat' dir='ltr'><strong>quo</strong></span> <span class='ocrx_word' id='word_1_369' title='bbox 1927 1544 2153 1599; x_wconf 81' lang='lat' dir='ltr'><strong>scrip&#39;tum,</strong></span> 
     </span>
     <span class='ocr_line' id='line_1_71' title="bbox 1273 1609 2154 1661; baseline 0.002 -13"><span class='ocrx_word' id='word_1_370' title='bbox 1273 1610 1378 1660; x_wconf 80' lang='lat' dir='ltr'><strong>apud</strong></span> <span class='ocrx_word' id='word_1_371' title='bbox 1419 1622 1483 1661; x_wconf 87' lang='lat' dir='ltr'><strong>pr.</strong></span> <span class='ocrx_word' id='word_1_372' title='bbox 1541 1609 1742 1650; x_wconf 88' lang='lat' dir='ltr'><strong>indoctus</strong></span> <span class='ocrx_word' id='word_1_373' title='bbox 1785 1609 1985 1650; x_wconf 83' lang='lat' dir='ltr'><strong>librarius</strong></span> <span class='ocrx_word' id='word_1_374' title='bbox 2028 1609 2154 1661; x_wconf 83' lang='lat' dir='ltr'><strong>legit,</strong></span> 
     </span>
     <span class='ocr_line' id='line_1_72' title="bbox 1272 1672 2153 1726; baseline 0 -14"><span class='ocrx_word' id='word_1_375' title='bbox 1272 1673 1543 1726; x_wconf 87' lang='lat' dir='ltr'><strong>scripsitque,</strong></span> <span class='ocrx_word' id='word_1_376' title='bbox 1572 1674 1675 1725; x_wconf 81' lang='lat' dir='ltr'><strong>apud</strong></span> <span class='ocrx_word' id='word_1_377' title='bbox 1699 1674 1883 1725; x_wconf 80' lang='lat' dir='ltr'><strong>populum</strong></span> <span class='ocrx_word' id='word_1_378' title='bbox 1903 1672 2123 1712; x_wconf 71' lang='lat' dir='ltr'><strong>Romanum</strong></span> <span class='ocrx_word' id='word_1_379' title='bbox 2135 1683 2153 1720; x_wconf 88' lang='lat'><strong>,·</strong></span> 
     </span>
     <span class='ocr_line' id='line_1_73' title="bbox 1272 1735 2154 1788; baseline 0 -13"><span class='ocrx_word' id='word_1_380' title='bbox 1272 1747 1368 1788; x_wconf 87' lang='lat' dir='ltr'><strong>quae</strong></span> <span class='ocrx_word' id='word_1_381' title='bbox 1387 1736 1519 1776; x_wconf 89' lang='lat' dir='ltr'><strong>lectio</strong></span> <span class='ocrx_word' id='word_1_382' title='bbox 1539 1736 1677 1776; x_wconf 87' lang='lat' dir='ltr'><strong>adhuc</strong></span> <span class='ocrx_word' id='word_1_383' title='bbox 1698 1740 1835 1776; x_wconf 77' lang='lat' dir='ltr'><strong>restat</strong></span> <span class='ocrx_word' id='word_1_384' title='bbox 1853 1735 1897 1775; x_wconf 91' lang='lat' dir='ltr'><strong>in</strong></span> <span class='ocrx_word' id='word_1_385' title='bbox 1920 1735 2154 1788; x_wconf 82' lang='lat' dir='ltr'><strong>campensi</strong></span> 
     </span>
     <span class='ocr_line' id='line_1_74' title="bbox 1271 1797 2154 1851; baseline 0.001 -13"><span class='ocrx_word' id='word_1_386' title='bbox 1271 1799 1523 1851; x_wconf 85' lang='lat' dir='ltr'><strong>exemplari.</strong></span> <span class='ocrx_word' id='word_1_387' title='bbox 1580 1798 1889 1840; x_wconf 79' lang='lat' dir='ltr'><strong>Restituendus</strong></span> <span class='ocrx_word' id='word_1_388' title='bbox 1906 1797 2042 1850; x_wconf 86' lang='lat' dir='ltr'><strong>igitur</strong></span> <span class='ocrx_word' id='word_1_389' title='bbox 2069 1797 2154 1839; x_wconf 79' lang='lat' dir='ltr'><strong>hoc</strong></span> 
     </span>
     <span class='ocr_line' id='line_1_75' title="bbox 1273 1861 2152 1914; baseline -0.001 -12"><span class='ocrx_word' id='word_1_390' title='bbox 1273 1867 1400 1914; x_wconf 86' lang='lat' dir='ltr'><strong>pacto</strong></span> <span class='ocrx_word' id='word_1_391' title='bbox 1421 1863 1566 1903; x_wconf 82' lang='lat' dir='ltr'><strong>locus:</strong></span> <span class='ocrx_word' id='word_1_392' title='bbox 1597 1863 1648 1903; x_wconf 92' lang='lat' dir='ltr'><strong>P.</strong></span> <span class='ocrx_word' id='word_1_393' title='bbox 1668 1862 1800 1914; x_wconf 78' lang='lat' dir='ltr'><strong>Scipio</strong></span> <span class='ocrx_word' id='word_1_394' title='bbox 1827 1862 2070 1902; x_wconf 76' lang='lat' dir='ltr'><strong>AEmilt‘am</strong></span> <span class='ocrx_word' id='word_1_395' title='bbox 2101 1861 2152 1902; x_wconf 90' lang='lat' dir='ltr'><strong>L.</strong></span> 
     </span>
     <span class='ocr_line' id='line_1_76' title="bbox 1274 1924 2152 1978; baseline -0.001 -13"><span class='ocrx_word' id='word_1_396' title='bbox 1274 1926 1431 1965; x_wconf 81' lang='lat' dir='ltr'><strong>Cottam</strong></span> <span class='ocrx_word' id='word_1_397' title='bbox 1448 1927 1499 1966; x_wconf 81' lang='lat' dir='ltr'><strong>ad</strong></span> <span class='ocrx_word' id='word_1_398' title='bbox 1514 1929 1724 1978; x_wconf 68' lang='lat' dir='ltr'><strong>praetorem</strong></span> <span class='ocrx_word' id='word_1_399' title='bbox 1742 1924 1954 1966; x_wconf 74' lang='lat' dir='ltr'><strong>accusavit.</strong></span> <span class='ocrx_word' id='word_1_400' title='bbox 1989 1924 2152 1966; x_wconf 83' lang='lat' dir='ltr'><strong>Osten-</strong></span> 
     </span>
     <span class='ocr_line' id='line_1_77' title="bbox 1272 1988 2150 2044; baseline 0.001 -16"><span class='ocrx_word' id='word_1_401' title='bbox 1272 1989 1336 2030; x_wconf 82' lang='lat' dir='ltr'><strong>dit</strong></span> <span class='ocrx_word' id='word_1_402' title='bbox 1354 1991 1529 2044; x_wconf 86' lang='lat' dir='ltr'><strong>insuper</strong></span> <span class='ocrx_word' id='word_1_403' title='bbox 1546 1991 1606 2032; x_wconf 89' lang='lat' dir='ltr'><strong>ita</strong></span> <span class='ocrx_word' id='word_1_404' title='bbox 1621 1990 1853 2043; x_wconf 83' lang='lat' dir='ltr'><strong>legendum</strong></span> <span class='ocrx_word' id='word_1_405' title='bbox 1873 2001 1968 2030; x_wconf 88' lang='lat' dir='ltr'><strong>esse</strong></span> <span class='ocrx_word' id='word_1_406' title='bbox 1981 1988 2150 2029; x_wconf 85' lang='lat' dir='ltr'><strong>Valeri—</strong></span> 
     </span>
     <span class='ocr_line' id='line_1_78' title="bbox 1271 2051 2150 2106; baseline 0 -13"><span class='ocrx_word' id='word_1_407' title='bbox 1271 2066 1319 2099; x_wconf 86' lang='lat' dir='ltr'><strong>us</strong></span> <span class='ocrx_word' id='word_1_408' title='bbox 1341 2053 1434 2106; x_wconf 82' lang='lat' dir='ltr'><strong>ipse</strong></span> <span class='ocrx_word' id='word_1_409' title='bbox 1455 2055 1496 2093; x_wconf 86' lang='lat' dir='ltr'><strong>iu</strong></span> <span class='ocrx_word' id='word_1_410' title='bbox 1524 2053 1609 2095; x_wconf 88' lang='lat' dir='ltr'><strong>fine</strong></span> <span class='ocrx_word' id='word_1_411' title='bbox 1641 2053 1846 2106; x_wconf 88' lang='lat' dir='ltr'><strong>exempli,</strong></span> <span class='ocrx_word' id='word_1_412' title='bbox 1863 2053 1936 2094; x_wconf 90' lang='lat' dir='ltr'><strong>ubi</strong></span> <span class='ocrx_word' id='word_1_413' title='bbox 1956 2057 2003 2094; x_wconf 88' lang='lat' dir='ltr'><strong>et</strong></span> <span class='ocrx_word' id='word_1_414' title='bbox 2028 2051 2150 2103; x_wconf 81' lang='lat' dir='ltr'><strong>judi-</strong></span> 
     </span>
    </p>
   </div>
   <div class='ocr_carea' id='block_1_5' title="bbox 1272 2114 2217 2168">
    <p class='ocr_par' dir='ltr' id='par_1_6' title="bbox 1272 2114 2217 2168">
     <span class='ocr_line' id='line_1_79' title="bbox 1272 2114 2217 2168; baseline -0.001 -13"><span class='ocrx_word' id='word_1_415' title='bbox 1272 2128 1367 2156; x_wconf 90' lang='lat' dir='ltr'><strong>cum</strong></span> <span class='ocrx_word' id='word_1_416' title='bbox 1404 2116 1662 2156; x_wconf 88' lang='lat' dir='ltr'><strong>mentionem</strong></span> <span class='ocrx_word' id='word_1_417' title='bbox 1709 2114 1832 2166; x_wconf 83' lang='lat' dir='ltr'><strong>facit,</strong></span> <span class='ocrx_word' id='word_1_418' title='bbox 1876 2114 2151 2168; x_wconf 85' lang='lat' dir='ltr'><strong>quemadmo-</strong></span> <span class='ocrx_word' id='word_1_419' title='bbox 2215 2153 2217 2155; x_wconf 87' lang='grc'><strong>,</strong></span> 
     </span>
    </p>
   </div>
   <div class='ocr_carea' id='block_1_6' title="bbox 1269 2175 2153 3052">
    <p class='ocr_par' dir='ltr' id='par_1_7' title="bbox 1269 2175 2153 2787">
     <span class='ocr_line' id='line_1_80' title="bbox 1272 2175 2152 2219; baseline -0.001 -1"><span class='ocrx_word' id='word_1_420' title='bbox 1272 2178 1371 2218; x_wconf 87' lang='lat' dir='ltr'><strong>dum</strong></span> <span class='ocrx_word' id='word_1_421' title='bbox 1392 2184 1437 2219; x_wconf 89' lang='lat' dir='ltr'><strong>et</strong></span> <span class='ocrx_word' id='word_1_422' title='bbox 1456 2180 1607 2219; x_wconf 85' lang='lat' dir='ltr'><strong>Cicero</strong></span> <span class='ocrx_word' id='word_1_423' title='bbox 1635 2179 1678 2218; x_wconf 90' lang='lat' dir='ltr'><strong>in</strong></span> <span class='ocrx_word' id='word_1_424' title='bbox 1698 2178 2003 2218; x_wconf 77' lang='lat' dir='ltr'><strong>Muraeniana=</strong></span> <span class='ocrx_word' id='word_1_425' title='bbox 2030 2175 2152 2217; x_wconf 83' lang='lat' dir='ltr'><strong>‘No-</strong></span> 
     </span>
     <span class='ocr_line' id='line_1_81' title="bbox 1271 2240 2152 2295; baseline -0.001 -13"><span class='ocrx_word' id='word_1_426' title='bbox 1271 2241 1452 2293; x_wconf 88' lang='lat' dir='ltr'><strong>lebant,’</strong></span> <span class='ocrx_word' id='word_1_427' title='bbox 1482 2243 1635 2295; x_wconf 91' lang='lat' dir='ltr'><strong>inquit,</strong></span> <span class='ocrx_word' id='word_1_428' title='bbox 1663 2241 1995 2294; x_wconf 86' lang='lat' dir='ltr'><strong>‘sapientissimi</strong></span> <span class='ocrx_word' id='word_1_429' title='bbox 2018 2240 2152 2281; x_wconf 86' lang='lat' dir='ltr'><strong>homi·</strong></span> 
     </span>
     <span class='ocr_line' id='line_1_82' title="bbox 1273 2297 2149 2358; baseline 0.001 -15"><span class='ocrx_word' id='word_1_430' title='bbox 1273 2316 1364 2356; x_wconf 89' lang='lat' dir='ltr'><strong>nes,</strong></span> <span class='ocrx_word' id='word_1_431' title='bbox 1398 2305 1470 2357; x_wconf 91' lang='lat' dir='ltr'><strong>qui</strong></span> <span class='ocrx_word' id='word_1_432' title='bbox 1503 2310 1593 2345; x_wconf 91' lang='lat' dir='ltr'><strong>tum</strong></span> <span class='ocrx_word' id='word_1_433' title='bbox 1623 2317 1713 2345; x_wconf 89' lang='lat' dir='ltr'><strong>rem</strong></span> <span class='ocrx_word' id='word_1_434' title='bbox 1735 2305 1851 2344; x_wconf 88' lang='lat' dir='ltr'><strong>illam</strong></span> <span class='ocrx_word' id='word_1_435' title='bbox 1876 2297 2149 2358; x_wconf 76' lang='lat' dir='ltr'><strong>judicabant,</strong></span> 
     </span>
     <span class='ocr_line' id='line_1_83' title="bbox 1272 2366 2153 2420; baseline 0 -13"><span class='ocrx_word' id='word_1_436' title='bbox 1272 2368 1333 2407; x_wconf 77' lang='lat' dir='ltr'><strong>ita</strong></span> <span class='ocrx_word' id='word_1_437' title='bbox 1353 2379 1596 2420; x_wconf 86' lang='lat' dir='ltr'><strong>quenquam</strong></span> <span class='ocrx_word' id='word_1_438' title='bbox 1630 2368 1784 2408; x_wconf 86' lang='lat' dir='ltr'><strong>cadere</strong></span> <span class='ocrx_word' id='word_1_439' title='bbox 1814 2368 1858 2408; x_wconf 90' lang='lat' dir='ltr'><strong>in</strong></span> <span class='ocrx_word' id='word_1_440' title='bbox 1888 2366 2073 2419; x_wconf 87' lang='lat' dir='ltr'><strong>judicio,</strong></span> <span class='ocrx_word' id='word_1_441' title='bbox 2102 2371 2153 2407; x_wconf 86' lang='lat' dir='ltr'><strong>ut</strong></span> 
     </span>
     <span class='ocr_line' id='line_1_84' title="bbox 1271 2429 2148 2482; baseline 0 -13"><span class='ocrx_word' id='word_1_442' title='bbox 1271 2430 1396 2469; x_wconf 90' lang='lat' dir='ltr'><strong>nimis</strong></span> <span class='ocrx_word' id='word_1_443' title='bbox 1416 2430 1655 2471; x_wconf 86' lang='lat' dir='ltr'><strong>adversarii</strong></span> <span class='ocrx_word' id='word_1_444' title='bbox 1675 2430 1836 2471; x_wconf 89' lang='lat' dir='ltr'><strong>viribus</strong></span> <span class='ocrx_word' id='word_1_445' title='bbox 1870 2430 2067 2482; x_wconf 87' lang='lat' dir='ltr'><strong>abjectus</strong></span> <span class='ocrx_word' id='word_1_446' title='bbox 2087 2429 2148 2469; x_wconf 82' lang='lat' dir='ltr'><strong>vi·</strong></span> 
     </span>
     <span class='ocr_line' id='line_1_85' title="bbox 1272 2492 2152 2536; baseline 0.001 -4"><span class='ocrx_word' id='word_1_447' title='bbox 1272 2492 1478 2536; x_wconf 87' lang='lat' dir='ltr'><strong>deretur.&#39;</strong></span> <span class='ocrx_word' id='word_1_448' title='bbox 1543 2493 1669 2535; x_wconf 83' lang='lat' dir='ltr'><strong>Quod</strong></span> <span class='ocrx_word' id='word_1_449' title='bbox 1714 2493 1910 2534; x_wconf 86' lang='lat' dir='ltr'><strong>imitatur</strong></span> <span class='ocrx_word' id='word_1_450' title='bbox 1952 2492 2152 2533; x_wconf 84' lang='lat' dir='ltr'><strong>Valerius</strong></span> 
     </span>
     <span class='ocr_line' id='line_1_86' title="bbox 1272 2554 2152 2603; baseline 0.001 -7"><span class='ocrx_word' id='word_1_451' title='bbox 1272 2567 1367 2597; x_wconf 89' lang='lat' dir='ltr'><strong>cum</strong></span> <span class='ocrx_word' id='word_1_452' title='bbox 1399 2556 1531 2597; x_wconf 87' lang='lat' dir='ltr'><strong>dicit:</strong></span> <span class='ocrx_word' id='word_1_453' title='bbox 1565 2557 1670 2603; x_wconf 84' lang='lat' dir='ltr'><strong>Quia</strong></span> <span class='ocrx_word' id='word_1_454' title='bbox 1701 2557 1874 2597; x_wconf 77' lang='lat' dir='ltr'><strong>homines</strong></span> <span class='ocrx_word' id='word_1_455' title='bbox 1905 2554 2152 2597; x_wconf 71' lang='lat' dir='ltr'><strong>verebamur.</strong></span> 
     </span>
     <span class='ocr_line' id='line_1_87' title="bbox 1270 2617 2152 2672; baseline -0.001 -13"><span class='ocrx_word' id='word_1_456' title='bbox 1270 2620 1355 2660; x_wconf 89' lang='lat' dir='ltr'><strong>Sed</strong></span> <span class='ocrx_word' id='word_1_457' title='bbox 1392 2620 1535 2660; x_wconf 88' lang='lat' dir='ltr'><strong>malim</strong></span> <span class='ocrx_word' id='word_1_458' title='bbox 1574 2624 1622 2660; x_wconf 89' lang='lat' dir='ltr'><strong>ut</strong></span> <span class='ocrx_word' id='word_1_459' title='bbox 1660 2620 1703 2659; x_wconf 90' lang='lat' dir='ltr'><strong>in</strong></span> <span class='ocrx_word' id='word_1_460' title='bbox 1743 2618 1998 2672; x_wconf 81' lang='lat' dir='ltr'><strong>Campensi:</strong></span> <span class='ocrx_word' id='word_1_461' title='bbox 2042 2617 2152 2663; x_wconf 75' lang='lat' dir='ltr'><strong>Quia</strong></span> 
     </span>
     <span class='ocr_line' id='line_1_88' title="bbox 1269 2679 2150 2734; baseline -0.003 -11"><span class='ocrx_word' id='word_1_462' title='bbox 1269 2683 1442 2724; x_wconf 77' lang='lat' dir='ltr'><strong>homines</strong></span> <span class='ocrx_word' id='word_1_463' title='bbox 1468 2682 1748 2734; x_wconf 80' lang='lat' dir='ltr'><strong>sapientissimi</strong></span> <span class='ocrx_word' id='word_1_464' title='bbox 1774 2681 2019 2722; x_wconf 75' lang='lat' dir='ltr'><strong>verebantur.</strong></span> <span class='ocrx_word' id='word_1_465' title='bbox 2045 2679 2150 2733; x_wconf 76' lang='lat' dir='ltr'><strong>Pig-</strong></span> 
     </span>
     <span class='ocr_line' id='line_1_89' title="bbox 1269 2746 1377 2787; baseline 0.009 -1"><span class='ocrx_word' id='word_1_466' title='bbox 1269 2746 1377 2787; x_wconf 75' lang='lat' dir='ltr'><strong>liius.</strong></span> 
     </span>
    </p>

    <p class='ocr_par' dir='ltr' id='par_1_8' title="bbox 1270 2804 2151 2976">
     <span class='ocr_line' id='line_1_90' title="bbox 1328 2804 2151 2860; baseline -0.001 -13"><span class='ocrx_word' id='word_1_467' title='bbox 1328 2807 1533 2859; x_wconf 82' lang='lat' dir='ltr'><strong>Consessa]</strong></span> <span class='ocrx_word' id='word_1_468' title='bbox 1554 2806 1742 2860; x_wconf 86' lang='lat' dir='ltr'><strong>Afflict-a,</strong></span> <span class='ocrx_word' id='word_1_469' title='bbox 1755 2805 1973 2848; x_wconf 81' lang='lat' dir='ltr'><strong>convicta.</strong></span> <span class='ocrx_word' id='word_1_470' title='bbox 1992 2804 2151 2847; x_wconf 80' lang='lat' dir='ltr'><strong>Trans·</strong></span> 
     </span>
     <span class='ocr_line' id='line_1_91' title="bbox 1270 2868 2144 2924; baseline -0.005 -12"><span class='ocrx_word' id='word_1_471' title='bbox 1270 2873 1374 2912; x_wconf 86' lang='lat' dir='ltr'><strong>latio</strong></span> <span class='ocrx_word' id='word_1_472' title='bbox 1397 2885 1422 2912; x_wconf 87' lang='lat' dir='ltr'><strong>a</strong></span> <span class='ocrx_word' id='word_1_473' title='bbox 1439 2870 1746 2924; x_wconf 83' lang='lat' dir='ltr'><strong>gladiatoribus</strong></span> <span class='ocrx_word' id='word_1_474' title='bbox 1768 2875 1954 2922; x_wconf 81' lang='lat' dir='ltr'><strong>sumpta,</strong></span> <span class='ocrx_word' id='word_1_475' title='bbox 1970 2868 2042 2922; x_wconf 82' lang='lat' dir='ltr'><strong>qui</strong></span> <span class='ocrx_word' id='word_1_476' title='bbox 2060 2868 2144 2911; x_wconf 79' lang='lat' dir='ltr'><strong>sibi</strong></span> 
     </span>
     <span class='ocr_line' id='line_1_92' title="bbox 1270 2934 1875 2976; baseline -0.002 -1"><span class='ocrx_word' id='word_1_477' title='bbox 1270 2935 1457 2976; x_wconf 90' lang='lat' dir='ltr'><strong>invicem</strong></span> <span class='ocrx_word' id='word_1_478' title='bbox 1471 2937 1646 2975; x_wconf 85' lang='lat' dir='ltr'><strong>vulnera</strong></span> <span class='ocrx_word' id='word_1_479' title='bbox 1667 2934 1875 2974; x_wconf 80' lang='lat' dir='ltr'><strong>inferunt.</strong></span> 
     </span>
    </p>

    <p class='ocr_par' dir='ltr' id='par_1_9' title="bbox 1323 2995 2148 3052">
     <span class='ocr_line' id='line_1_93' title="bbox 1323 2995 2148 3052; baseline -0.005 -12"><span class='ocrx_word' id='word_1_480' title='bbox 1323 2999 1546 3052; x_wconf 77' lang='lat' dir='ltr'><strong>Ampliata]</strong></span> <span class='ocrx_word' id='word_1_481' title='bbox 1588 2999 1711 3039; x_wconf 90' lang='lat' dir='ltr'><strong>Inter</strong></span> <span class='ocrx_word' id='word_1_482' title='bbox 1730 2995 2148 3048; x_wconf 81' lang='lat' dir='ltr'><strong>comperendinatio-</strong></span> 
     </span>
    </p>
   </div>
   <div class='ocr_carea' id='block_1_7' title="bbox 1253 3059 2148 3115">
    <p class='ocr_par' dir='ltr' id='par_1_10' title="bbox 1253 3059 2148 3115">
     <span class='ocr_line' id='line_1_94' title="bbox 1253 3059 2148 3115; baseline -0.002 -14"><span class='ocrx_word' id='word_1_483' title='bbox 1253 3073 1366 3102; x_wconf 48' lang='lat' dir='ltr'><strong>*nem</strong></span> <span class='ocrx_word' id='word_1_484' title='bbox 1386 3068 1432 3103; x_wconf 88' lang='lat' dir='ltr'><strong>et</strong></span> <span class='ocrx_word' id='word_1_485' title='bbox 1450 3062 1697 3115; x_wconf 84' lang='lat' dir='ltr'><strong>ampliatam</strong></span> <span class='ocrx_word' id='word_1_486' title='bbox 1717 3072 1887 3102; x_wconf 86' lang='lat' dir='ltr'><strong>causam</strong></span> <span class='ocrx_word' id='word_1_487' title='bbox 1913 3059 1996 3100; x_wconf 87' lang='lat' dir='ltr'><strong>hoe</strong></span> <span class='ocrx_word' id='word_1_488' title='bbox 2015 3059 2148 3100; x_wconf 83' lang='lat' dir='ltr'><strong>inter·</strong></span> 
     </span>
    </p>
   </div>
   <div class='ocr_carea' id='block_1_8' title="bbox 1257 3123 2150 3618">
    <p class='ocr_par' dir='ltr' id='par_1_11' title="bbox 1257 3123 2150 3618">
     <span class='ocr_line' id='line_1_95' title="bbox 1269 3123 2150 3177; baseline -0.005 -12"><span class='ocrx_word' id='word_1_489' title='bbox 1269 3130 1350 3166; x_wconf 88' lang='lat' dir='ltr'><strong>est.</strong></span> <span class='ocrx_word' id='word_1_490' title='bbox 1407 3124 1814 3177; x_wconf 83' lang='lat' dir='ltr'><strong>Comperendinatio</strong></span> <span class='ocrx_word' id='word_1_491' title='bbox 1852 3128 1943 3169; x_wconf 87' lang='lat' dir='ltr'><strong>est,-</strong></span> <span class='ocrx_word' id='word_1_492' title='bbox 1962 3133 2062 3162; x_wconf 85' lang='lat' dir='ltr'><strong>cnm</strong></span> <span class='ocrx_word' id='word_1_493' title='bbox 2091 3123 2150 3162; x_wconf 88' lang='lat' dir='ltr'><strong>al-</strong></span> 
     </span>
     <span class='ocr_line' id='line_1_96' title="bbox 1270 3183 2148 3240; baseline -0.006 -11"><span class='ocrx_word' id='word_1_494' title='bbox 1270 3193 1365 3229; x_wconf 86' lang='lat' dir='ltr'><strong>tera</strong></span> <span class='ocrx_word' id='word_1_495' title='bbox 1386 3194 1551 3229; x_wconf 90' lang='lat' dir='ltr'><strong>tantum</strong></span> <span class='ocrx_word' id='word_1_496' title='bbox 1581 3188 1767 3240; x_wconf 86' lang='lat' dir='ltr'><strong>partium</strong></span> <span class='ocrx_word' id='word_1_497' title='bbox 1796 3185 1926 3238; x_wconf 82' lang='lat' dir='ltr'><strong>petit,</strong></span> <span class='ocrx_word' id='word_1_498' title='bbox 1955 3183 2067 3225; x_wconf 87' lang='lat' dir='ltr'><strong>utin</strong></span> <span class='ocrx_word' id='word_1_499' title='bbox 2085 3186 2148 3225; x_wconf 87' lang='lat' dir='ltr'><strong>al-</strong></span> 
     </span>
     <span class='ocr_line' id='line_1_97' title="bbox 1269 3246 2146 3304; baseline -0.005 -12"><span class='ocrx_word' id='word_1_500' title='bbox 1269 3258 1407 3293; x_wconf 83' lang='lat' dir='ltr'><strong>terum</strong></span> <span class='ocrx_word' id='word_1_501' title='bbox 1439 3252 1549 3291; x_wconf 86' lang='lat' dir='ltr'><strong>diem</strong></span> <span class='ocrx_word' id='word_1_502' title='bbox 1577 3250 1792 3304; x_wconf 84' lang='lat' dir='ltr'><strong>judicium</strong></span> <span class='ocrx_word' id='word_1_503' title='bbox 1825 3246 2072 3299; x_wconf 85' lang='lat' dir='ltr'><strong>differatur,</strong></span> <span class='ocrx_word' id='word_1_504' title='bbox 2091 3258 2146 3288; x_wconf 87' lang='lat' dir='ltr'><strong>eo</strong></span> 
     </span>
     <span class='ocr_line' id='line_1_98' title="bbox 1268 3310 2144 3368; baseline -0.002 -14"><span class='ocrx_word' id='word_1_505' title='bbox 1268 3316 1380 3368; x_wconf 88' lang='lat' dir='ltr'><strong>quod</strong></span> <span class='ocrx_word' id='word_1_506' title='bbox 1401 3315 1518 3356; x_wconf 89' lang='lat' dir='ltr'><strong>dicat</strong></span> <span class='ocrx_word' id='word_1_507' title='bbox 1529 3314 1701 3367; x_wconf 87' lang='lat' dir='ltr'><strong>judices</strong></span> <span class='ocrx_word' id='word_1_508' title='bbox 1720 3323 1889 3353; x_wconf 85' lang='lat' dir='ltr'><strong>causam</strong></span> <span class='ocrx_word' id='word_1_509' title='bbox 1908 3322 1992 3351; x_wconf 89' lang='lat' dir='ltr'><strong>non</strong></span> <span class='ocrx_word' id='word_1_510' title='bbox 2010 3310 2144 3362; x_wconf 83' lang='lat' dir='ltr'><strong>probe</strong></span> 
     </span>
     <span class='ocr_line' id='line_1_99' title="bbox 1269 3372 2142 3428; baseline -0.003 -12"><span class='ocrx_word' id='word_1_511' title='bbox 1269 3383 1431 3419; x_wconf 87' lang='lat' dir='ltr'><strong>tenere.</strong></span> <span class='ocrx_word' id='word_1_512' title='bbox 1487 3376 1707 3428; x_wconf 87' lang='lat' dir='ltr'><strong>Ampliata</strong></span> <span class='ocrx_word' id='word_1_513' title='bbox 1721 3386 1823 3415; x_wconf 90' lang='lat' dir='ltr'><strong>vero</strong></span> <span class='ocrx_word' id='word_1_514' title='bbox 1843 3385 1972 3414; x_wconf 81' lang='lat' dir='ltr'><strong>causa</strong></span> <span class='ocrx_word' id='word_1_515' title='bbox 1989 3372 2142 3424; x_wconf 82' lang='lat' dir='ltr'><strong>ajudi-</strong></span> 
     </span>
     <span class='ocr_line' id='line_1_100' title="bbox 1267 3435 2145 3491; baseline -0.005 -11"><span class='ocrx_word' id='word_1_516' title='bbox 1267 3439 1387 3480; x_wconf 90' lang='lat' dir='ltr'><strong>cibus</strong></span> <span class='ocrx_word' id='word_1_517' title='bbox 1409 3439 1669 3491; x_wconf 85' lang='lat' dir='ltr'><strong>protrahitur</strong></span> <span class='ocrx_word' id='word_1_518' title='bbox 1685 3450 1698 3488; x_wconf 90' lang='lat'>;</span> <span class='ocrx_word' id='word_1_519' title='bbox 1716 3437 1939 3477; x_wconf 80' lang='lat' dir='ltr'><strong>intellecta</strong></span> <span class='ocrx_word' id='word_1_520' title='bbox 1956 3435 2089 3488; x_wconf 85' lang='lat' dir='ltr'><strong>enim,</strong></span> <span class='ocrx_word' id='word_1_521' title='bbox 2107 3435 2145 3476; x_wconf 79' lang='lat' dir='ltr'><strong>si</strong></span> 
     </span>
     <span class='ocr_line' id='line_1_101' title="bbox 1257 3497 2146 3555; baseline -0.006 -12"><span class='ocrx_word' id='word_1_522' title='bbox 1257 3502 1377 3555; x_wconf 88' lang='lat' dir='ltr'><strong>justa</strong></span> <span class='ocrx_word' id='word_1_523' title='bbox 1396 3507 1477 3555; x_wconf 87' lang='lat' dir='ltr'><strong>est,</strong></span> <span class='ocrx_word' id='word_1_524' title='bbox 1506 3514 1604 3543; x_wconf 88' lang='lat' dir='ltr'><strong>reus</strong></span> <span class='ocrx_word' id='word_1_525' title='bbox 1632 3499 1860 3542; x_wconf 86' lang='lat' dir='ltr'><strong>confestim</strong></span> <span class='ocrx_word' id='word_1_526' title='bbox 1880 3497 2146 3548; x_wconf 74' lang='lat' dir='ltr'><strong>absolvitut3</strong></span> 
     </span>
     <span class='ocr_line' id='line_1_102' title="bbox 1265 3562 2142 3618; baseline -0.005 -11"><span class='ocrx_word' id='word_1_527' title='bbox 1265 3566 1301 3607; x_wconf 87' lang='lat' dir='ltr'><strong>si</strong></span> <span class='ocrx_word' id='word_1_528' title='bbox 1318 3567 1428 3608; x_wconf 88' lang='lat' dir='ltr'><strong>mala</strong></span> <span class='ocrx_word' id='word_1_529' title='bbox 1452 3571 1534 3618; x_wconf 90' lang='lat' dir='ltr'><strong>est,</strong></span> <span class='ocrx_word' id='word_1_530' title='bbox 1554 3566 1700 3608; x_wconf 87' lang='lat' dir='ltr'><strong>statim</strong></span> <span class='ocrx_word' id='word_1_531' title='bbox 1720 3565 1975 3615; x_wconf 60' lang='lat' dir='ltr'><strong>damnatum</strong></span> <span class='ocrx_word' id='word_1_532' title='bbox 2002 3562 2142 3605; x_wconf 85' lang='lat' dir='ltr'><strong>sinon</strong></span> 
     </span>
    </p>
   </div>
  </div>
 </body>
</html>
