2346 3996
790 314 870 352 1)ss
907 313 1180 352 minemo
1225 313 1500 352 ΜΑΧιΜο.
1910 300 2051 353 1385

227 443 440 507 proficis,
469 449 519 491 ut
547 441 712 506 exigas
739 440 918 503 scripta
941 440 1169 486 Veterum
1204 439 1434 495 coerceri,
1463 438 1525 485 mi
1552 436 1736 494 Victor,
1764 436 1895 499 quod
1914 436 2049 498 judi-

227 523 354 572 cium
379 524 522 571 etiam
551 522 599 568 in
626 519 820 568 senibus
858 534 1018 566 rarum
1062 524 1153 565 est.
1226 519 1379 580 Igitur
1403 518 1463 566 de
1489 517 1681 566 Valerio
1706 515 1921 564 Maximo
1959 534 2051 564 me-

225 620 336 651 cum
362 604 526 657 sentiS,
553 617 701 664 opera
732 599 839 662 ejus
880 598 1014 646 utilia
1040 613 1164 653 esse,
1189 597 1227 643 si
1254 597 1344 644 sint
1371 597 1551 645 brevia.
1623 597 1781 660 Digna
1805 596 1930 643 enim
1967 613 2052 645 co-

223 682 456 746 gitatione
482 682 751 744 componit,
777 679 860 728 sed
887 676 1158 741 colligenda
1187 677 1433 740 producit,
1460 679 1575 726 dum
1620 695 1669 725 se
1695 686 1912 726 ostentat
1937 694 2050 726 sen-

225 763 401 820 tentiis,
426 763 540 810 locis
556 761 735 825 jactat,
761 759 922 808 fundit
949 758 1247 815 excessibuS,
1272 767 1322 806 et
1345 775 1403 805 eo
1428 757 1634 807 fortasse
1660 757 1718 806 fit
1737 757 2051 822 paucioribus

224 854 385 902 notuS,
422 844 555 908 quod
583 843 840 908 legentium
882 840 1103 889 aviditati
1144 856 1275 888 mora
1307 840 1407 902 ipsa
1432 840 1628 888 fastidio
1654 848 1743 889 est.
1798 840 2051 909 ¹Recidam

222 926 404 991 itaque,
434 934 486 974 ut
512 925 600 982 vis,
623 924 735 986 ejus
764 921 1100 978 redundantia,
1125 928 1176 969 et
1200 920 1433 984 pleraque
1458 921 1797 985 transgrediar,
1823 922 2054 969 nonnulla

224 1007 546 1071 praetermissa
586 1013 895 1053 connectam.
979 1000 1075 1050 Sed
1123 1001 1218 1049 hoc
1265 1018 1426 1050 meum
1468 1018 1559 1049 nec
1598 1002 1693 1050 vim
1738 1002 2052 1066 antiquorum

225 1087 442 1143 habebit,
469 1102 558 1134 nec
594 1084 761 1133 fucum
805 1099 1060 1131 novorum.
1132 1083 1197 1130 Et
1238 1098 1350 1130 cum
1393 1082 1582 1145 integra
1622 1081 1725 1130 fere
1765 1083 1811 1129 in
1850 1083 2053 1131 occulto

222 1168 336 1223 sint,
361 1174 536 1230 praeter
558 1181 648 1212 nos
672 1163 797 1211 duos
817 1164 830 1184 ¹
859 1161 1079 1226 profecto
1104 1178 1248 1210 nemo
1275 1163 1559 1226 Epitomata
1578 1170 1867 1228 cognoscat.
1941 1164 2053 1212 Hoc

222 1248 374 1295 tutius
422 1246 599 1294 abutor
648 1243 768 1292 otio.
839 1245 971 1292 Cave
1021 1243 1099 1292 bic
1139 1242 1271 1291 aliud
1311 1260 1456 1306 quani
1497 1245 1780 1293 brevitatem
1822 1245 2052 1309 requiras,

225 1344 372 1392 quam
403 1327 552 1374 solam
582 1323 874 1390 poposcisti.
943 1323 1088 1381 Cura,
1114 1323 1179 1371 mi
1203 1323 1389 1382 Victor,
1417 1332 1468 1372 ut
1492 1325 1684 1373 valeas.'

290 1407 388 1457 Sed
426 1415 584 1455 tamen
611 1405 870 1468 Epitomen
912 1412 1101 1453 tantum
1128 1404 1307 1453 Valerii
1343 1421 1597 1469 superesse
1623 1407 1780 1465 nobis,
1807 1423 1903 1454 non
1929 1408 2053 1455 adeo

224 1496 407 1536 certum
434 1504 557 1544 esse,
585 1486 738 1534 velex
764 1485 925 1534 Plinio
965 1486 1176 1549 Majore,
1219 1486 1303 1550 qui
1341 1487 1451 1550 plus
1493 1487 1707 1552 simplici
1749 1489 1856 1536 vice
1894 1489 2051 1537 verbis

223 1570 333 1632 ejus
360 1569 529 1626 utitur,
555 1567 718 1630 colligi
744 1568 908 1630 possit.
981 1567 1139 1615 Immo
1165 1569 1460 1616 contrarium
1499 1568 1713 1618 dilucide
1739 1587 1765 1618 e
1791 1569 1946 1618 Plinio
1969 1587 2053 1634 ap-

222 1666 388 1714 parere
412 1649 481 1696 ait
502 1649 582 1697 Jo.
612 1647 911 1706 Harduinus,
935 1648 1079 1712 cujus
1109 1659 1269 1698 tamen
1287 1649 1480 1712 judicio
1521 1667 1617 1699 non
1660 1651 1813 1714 ipsius
1858 1651 2052 1710 Valerii,

223 1730 308 1779 sed
335 1729 667 1795 epitomatoris
689 1737 814 1786 sunt,
836 1747 947 1794 quae
973 1746 1001 1777 a
1036 1729 1338 1793 cuspiniano
1358 1731 1566 1795 primum
1587 1734 1707 1795 (quo
1733 1731 1924 1780 nomine
1959 1731 2053 1796 ipsi

220 1810 376 1859 Aldus
397 1811 685 1880 gratulatur)
721 1828 748 1859 e
783 1811 884 1858 Ms.
906 1810 1272 1859 Vindobonensi
1296 1812 1521 1860 restituta
1552 1820 1601 1860 et
1638 1821 1686 1862 2.
1721 1814 1843 1860 Mss.
1887 1812 2050 1875 Regiis

220 1890 465 1956 tertioque
491 1891 719 1940 Remensi
741 1891 796 1939 S.
821 1890 1045 1954 Dionysii
1068 1891 1422 1940 Canonicorum
1445 1892 1774 1955 Regularium‚
1800 1899 1851 1940 et
1873 1892 1920 1940 in
1945 1892 2050 1941 Pet.

222 1972 438 2020 Danielis
461 1972 650 2021 Codice
691 1971 894 2036 aliisque
937 1971 1234 2035 quibusdam
1275 1973 1402 2022 haud
1430 1974 1589 2030 obvia,
1617 1973 1841 2037 leguntur
1863 1989 1891 2020 a
1915 1989 2051 2022 num.

222 2059 271 2102 5.
296 2060 479 2101 extern.
506 2070 548 2101 c.
581 2061 622 2102 1.
647 2052 736 2102 lib.
766 2067 804 2100 Ι.
829 2052 891 2100 ad
917 2070 963 2101 c.
997 2059 1042 2101 5.
1068 2053 1290 2117 ejusdem
1318 2054 1426 2102 libri
1457 2069 1495 2102 1.
1536 2055 1668 2118 quod
1708 2054 1770 2102 de
1806 2054 2052 2102 ominibus

221 2141 312 2190 est,
339 2133 807 2197 praefationibusque
830 2141 881 2182 et
898 2133 1169 2199 egressibus
1207 2134 1402 2183 Valerio
1428 2135 1617 2183 usitatis
1644 2142 1759 2183 sunt
1797 2134 2048 2183 destituta.

222 2213 544 2262 Glossematis
567 2213 786 2262 laborare
813 2214 903 2261 hos
929 2214 1079 2262 libros
1118 2216 1304 2264 notavit
1339 2218 1448 2266 JaC.
1490 2215 1761 2280 Schegkius
1802 2215 1961 2279 Epist.
2001 2222 2050 2263 4.

218 2292 468 2342 Praemess.
491 2294 603 2342 Non
629 2311 737 2344 esse
758 2311 907 2361 porro
930 2303 1182 2344 auctorem
1210 2295 1450 2344 Valerium
1478 2297 1751 2345 Maximum
1772 2295 2050 2359 inscriptio-

222 2391 335 2422 num
361 2375 603 2437 cujusque
629 2375 825 2439 capitis,
866 2376 942 2423 vel
968 2375 1085 2423 illud
1130 2385 1415 2439 argumento
1452 2384 1587 2423 notat
1610 2392 1715 2424 esse
1741 2376 1778 2423 F
1782 2392 1917 2423 rane.
1953 2376 2050 2423 Va-

221 2470 390 2503 vassor
423 2455 550 2503 libro
572 2455 634 2502 de
663 2455 721 2503 Vi
752 2463 802 2503 et
827 2457 930 2503 Usu
958 2455 1218 2504 verborum
1244 2457 1549 2520 quorundam
1575 2456 1871 2512 Latinorum,
1915 2455 2047 2520 quod

220 2548 272 2582 v.
299 2543 345 2586 2.
370 2535 432 2583 de
469 2535 780 2584 Gratitudine
812 2535 1107 2593 inscribitur,
1150 2543 1198 2584 et
1238 2553 1284 2585 c,
1320 2544 1368 2585 53.
1409 2536 1472 2585 de
1509 2535 1883 2601 Ingratitudine‚
1926 2552 2047 2600 quas

220 2630 365 2663 voces
390 2633 549 2680 neque
575 2634 776 2680 nsquam
802 2617 882 2664 illo
915 2633 1057 2665 sensu
1093 2618 1225 2681 apud
1257 2617 1466 2682 probum
1500 2617 1783 2680 scriptorem
1819 2616 2046 2680 reperiam,

218 2696 370 2760 (apud
398 2697 622 2760 Apicium
648 2698 773 2746 enim
801 2705 815 2724 ‘
833 2697 1079 2761 gratitudo
1105 2698 1355 2747 ciborum'
1394 2705 1532 2746 notat
1575 2704 1763 2761 gratum
1786 2705 1835 2744 et
1865 2697 2049 2759 jucun-

217 2774 333 2824 dum
361 2777 553 2826 illorum
579 2779 840 2842 saporem,)
864 2794 954 2828 nec
979 2779 1086 2843 ipse
1123 2780 1341 2829 Valerius
1364 2780 1456 2828 illis
1482 2778 1731 2844 capitibus
1775 2778 2046 2841 usurpavit,

218 2873 330 2905 cum
357 2858 554 2906 occasio
576 2858 858 2921 usurpandi,
883 2860 1031 2908 immo
1051 2877 1205 2925 prope
1231 2861 1485 2910 necessitas
1510 2877 1602 2908 non
1629 2859 1836 2908 deesset.
1907 2858 2045 2908 Idem

217 2945 380 2985 tamen
403 2939 647 2986 Vavassor
667 2946 877 2988 testatur
896 2957 945 2987 se
970 2940 1199 2990 habuisse
1225 2942 1462 3006 scriptum
1494 2957 1641 2989 manu
1682 2940 1952 2998 Valerium,
1993 2939 2042 2986 in

218 3034 317 3082 quo
342 3035 435 3066 non
454 3019 558 3081 jam
586 3019 647 3068 de
671 3019 985 3069 Gratitudine
1010 3030 1059 3069 et
1085 3021 1454 3085 Ingratitudine,
1481 3022 1564 3070 sed
1592 3021 1655 3069 de
1680 3020 1846 3068 Gratis
1870 3027 1921 3067 et
1960 3021 2041 3066 In·

216 3099 367 3162 gratis
392 3099 555 3163 capita
595 3099 831 3164 inscripta
856 3108 1038 3149 essent.
1111 3102 1368 3165 Epitomen
1396 3103 1624 3151 librorum
1651 3116 1822 3148 novem
1859 3099 2038 3146 Valerii

217 3179 496 3243 composuit
521 3180 668 3229 etiam
694 3182 775 3230 J0.
803 3180 1071 3239 HonoriuS,
1101 3183 1365 3242 Bohemus,
1386 3184 1468 3247 qui
1489 3183 1667 3247 Lipsiae
1683 3197 1797 3228 saec.
1819 3192 1913 3226 XV.
1940 3176 2038 3225 fine

215 3258 408 3318 claruit,
433 3277 543 3325 quae
568 3261 702 3325 Lips.
733 3266 877 3310 1503.
916 3269 964 3310 4.
1007 3260 1208 3325 prodiit.
1277 3263 1401 3311 Vide
1445 3265 1523 3312 Jo.
1566 3258 1861 3310 Hallervodii
1893 3257 2040 3322 spici-

218 3337 396 3402 legium
420 3340 481 3389 de
507 3341 635 3390 Hist.
665 3342 775 3390 Lat.
803 3357 855 3405 p.
888 3349 999 3391 110.

891 3504 904 3526 ¹
935 3503 998 3543 Ita
1016 3503 1091 3557 leg.
1111 3518 1181 3557 pro
1200 3517 1268 3546 nos
1285 3507 1372 3545 duo.
