2288 3990
521 258 783 300 VALERu
828 257 1072 297 MAXIMI
1116 258 1234 297 mu.
1268 257 1332 296 11.
1373 242 1583 295 cAP.2.

139 396 204 426 noe
225 382 412 426 Graeclae
442 382 546 423 urbs
565 387 645 422 est.
701 379 857 421 Suidas
884 383 932 419 et
953 378 1021 418 IE-

135 452 274 492 lianus
295 452 338 492 in
358 450 620 490 Militaribus
638 447 846 488 adscribit
863 447 1021 486 Taren-

138 520 226 556 tum
259 515 436 556 Siciliae.
494 515 561 555 Ex
598 526 685 567 quo
721 516 865 565 patet,
894 508 1022 562 hujus

136 585 330 630 tempore
350 578 460 619 hanc
478 578 619 618 Italiae
641 582 828 631 partem,
842 580 890 614 ut
905 585 1021 624 nunc

134 655 323 696 quoque,
340 643 527 684 Siciliam
547 642 823 695 appellatam.
877 639 932 679 In
957 649 1021 677 re-

52 735 59 745 .
133 718 232 758 gum
273 707 410 747 titulis
445 708 557 747 enim
602 700 825 758 utriusq'ue
861 702 1019 744 Siciliae

131 771 337 811 memoria
355 775 435 810 est.
490 771 622 810 Taras
642 768 885 820 appellatur
905 766 1022 806 Stra-

132 834 298 875 boniet
316 834 574 874 Ptolemaeo.
643 833 877 873 Romanam
905 831 1023 872 colo·

133 899 247 940 niam
276 910 387 951 esse,
407 910 461 938 ex
480 897 696 938 Strabone
719 901 763 936 et
783 895 1019 936 Plutarcho

133 963 351 1004 discimus.
408 962 581 1002 OEbalia
616 973 641 1001 a
672 961 795 1010 Virg.
823 964 1019 1010 vocatur,

134 1033 248 1070 teste
261 1026 428 1068 Servio.
485 1025 570 1066 Sed
585 1037 727 1065 arcem
740 1024 1019 1065 Tarentinam

132 1090 199 1132 sic
213 1091 357 1131 vocari
372 1089 593 1131 annotavit
613 1089 912 1140 Philargyrus.
943 1088 1019 1127 Ta-

133 1159 247 1197 rento
279 1153 407 1195 hodie
436 1159 632 1194 vocatur.
689 1151 917 1192 Tarentini
947 1152 1020 1192 ali·

62 1208 72 1219 '
133 1217 308 1271 quando
327 1218 472 1270 Spurii
500 1217 646 1258 vocati
665 1222 780 1268 sunt,
798 1222 844 1257 ut
863 1216 1020 1258 scribit

131 1293 188 1322 ex
207 1282 347 1333 Trogo
365 1281 562 1324 Justinus
597 1282 670 1322 lib.
702 1294 782 1322 xx.
838 1281 1021 1321 Parthe-

131 1345 272 1387 niatas
291 1352 467 1388 vocatos
493 1346 645 1387 scribit
659 1347 833 1387 Servius
854 1346 907 1386 ad
922 1347 1017 1388 AEn.

131 1409 355 1451 naidem
398 1410 704 1451 Phalantiades
740 1424 765 1451 a
803 1411 1018 1451 Phalanto

133 1475 315 1528 quodam
337 1475 431 1516 cive
450 1476 682 1516 eorundem
717 1476 1019 1529 celeberrimo,

133 1545 184 1581 ut
203 1539 341 1580 tradit
355 1540 610 1590 Stephanus.
643 1541 772 1580 Ortel.

155 1596 163 1601 ’
187 1602 300 1644 Vide
333 1609 379 1643 et
403 1603 658 1644 Strabonem
680 1603 755 1644 lib.
777 1615 839 1644 v1.
863 1611 904 1644 et
929 1604 1018 1644 Pli-

131 1667 248 1707 nium
277 1678 350 1708 111.
371 1671 436 1710 10.
466 1669 688 1721 praecipue
721 1679 823 1708 vero
846 1669 1018 1710 Cluver.

131 1732 232 1773 Ital.
250 1732 323 1773 lib.
340 1744 407 1774 ιν.

187 1798 378 1850 Groeciae]
408 1799 450 1840 N
455 1810 519 1846 am
536 1798 611 1839 illa
630 1798 843 1851 quondam
861 1810 1017 1851 magna

133 1861 310 1903 Graecia
329 1863 548 1914 appellata
569 1869 650 1903 est.

186 1928 339 1969 Insitus
363 1928 584 1980 pectoribus
611 1941 743 1968 eorum
765 1927 920 1980 antiqui
938 1940 1018 1967 mo-

131 1991 422 2045 risrespectus]
453 1993 612 2044 Vulgo,
638 1993 807 2033 intimis.
841 1992 894 2032 In
912 1992 1018 2034 Mss.

132 2056 364 2110 aliquibus,
384 2057 588 2107 lutusque,
609 2056 786 2108 legitur.
819 2054 870 2095 In
893 2055 1018 2094 Cam·

131 2120 255 2172 pensi
276 2120 530 2172 rectissime,
550 2119 789 2172 Insitusque,
813 2118 1018 2171 quemad·

132 2183 305 2224 modum
324 2184 432 2224 etin
454 2184 775 2225 Gemblacensi.
804 2184 992 2234 Pighius.

188 2247 271 2295 Qui
299 2260 351 2288 ex
382 2247 612 2288 contumelia
649 2245 926 2298 gravissimus]
967 2246 1018 2286 In

132 2311 432 2351 Wincheliano
463 2311 695 2363 copiosius,
722 2324 848 2364 quam
876 2311 1021 2363 vulgo,

129 2374 387 2426 grauissimus
403 2375 580 2415 nascitur
596 2380 635 2415 et
654 2377 838 2416 sentitur.

187 2438 328 2481 Finem
360 2437 554 2490 profecto]
596 2439 721 2479 Sicut
757 2439 940 2492 legimus
977 2440 1020 2480 in

132 2501 330 2553 historia,
363 2503 505 2542 nullus
548 2514 734 2556 unquam
782 2503 826 2543 in
872 2503 1020 2543 urbem

132 2566 353 2618 pulchrior
385 2571 460 2606 aut
501 2566 738 2619 speciosior
782 2568 1022 2620 triumphus

131 2630 327 2672 intravit.
385 2629 503 2671 Ante
547 2631 660 2672 hunc
696 2630 810 2672 diem
844 2633 903 2672 nil
941 2631 1022 2672 nisi

133 2704 295 2745 pecora
325 2693 598 2744 Volscorum,
646 2707 802 2748 greges
840 2696 1020 2736 Sabino-

132 2768 243 2809 rum,
276 2763 488 2810 carpenta
531 2758 755 2799 Gallorum
794 2765 841 2800 et
879 2759 1022 2802 fracta

133 2820 354 2862 Samnium
402 2821 583 2862 vidisses
632 2835 764 2864 arma.
819 2825 942 2865 Tunc
987 2827 1022 2867 si

134 2885 332 2938 captivos
375 2887 610 2938 aspicereS,
651 2894 777 2930 erant
824 2891 1022 2945 Molossi,

116 2949 346 3001 .Thessali,
385 2951 665 3001 Macedones,
697 2953 895 3006 Brutius,
928 2955 1020 3008 Ap-

132 3013 278 3065 pulos,
317 3021 448 3067 atque
482 3015 696 3056 Lucanus.
753 3017 798 3057 Si
830 3030 1023 3072 pompas,

135 3087 302 3129 aarum,
343 3084 587 3130 argentum,
634 3091 842 3132 purpura,
885 3083 1021 3134 signa,

136 3139 315 3194 tabulae,
349 3142 679 3195 Tarentinaeque
720 3144 906 3198 deliciae,
944 3148 1021 3189 sed

133 3202 237 3244 nihil
255 3205 460 3245 libentius
485 3219 587 3258 pop.
620 3207 802 3248 Roman.
836 3212 1022 3263 aspexit,

135 3275 259 3319 quam
280 3269 392 3321 illas,
412 3282 516 3323 quas
537 3270 741 3311 timuerat
760 3285 857 3312 cum
886 3276 1021 3315 curri-

134 3328 215 3370 bus
232 3332 321 3372 suis
347 3333 527 3386 belluas,
562 3347 658 3387 quae
691 3348 776 3376 non
804 3338 884 3376 nisi
920 3338 1019 3379 sub-

136 3393 274 3435 missis
301 3398 540 3438 cervicibus
573 3399 762 3441 victores
792 3413 925 3454 equos
955 3416 1019 3444 se-

140 3457 395 3512 quebantur,
417 3468 461 3502 ut
480 3463 670 3516 loquitur
693 3465 857 3508 Florus.

246 3525 391 3579 Delph.
408 3533 445 3568 et
472 3529 565 3572 Var.
584 3532 690 3574 Clu&

932 3535 1020 3576 Val.
1041 3537 1156 3577 Max.

1828 240 1971 293 1009

1078 384 1090 393 ⁴
1144 379 1359 420 Tarentina
1389 376 1550 429 civitas]
1598 374 1788 416 Mollitie
1816 374 1971 414 nobilis

1085 443 1259 494 civitas,
1295 445 1403 485 adeo
1440 449 1490 485 ut
1525 443 1667 495 plures
1706 439 1840 480 festos
1879 439 1972 478 dies

1083 507 1198 559 apud
1227 521 1300 548 eos
1335 508 1472 548 fuisse
1502 507 1623 547 dicat
1649 503 1823 555 Strabo,
1844 515 1970 555 quam

1084 571 1205 611 alios.
1263 572 1376 612 Vide
1396 573 1512 612 Flor.
1536 570 1611 611 lib.
1631 582 1664 610 1.
1685 580 1780 620 cap.
1804 571 1870 607 10.

1143 634 1329 685 Virtam,
1366 635 1452 686 ξω]
1499 635 1604 676 Scil.
1639 635 1860 674 Romanae.
1917 631 1969 671 In

1082 699 1268 751 seipsum
1308 712 1550 739 connexum
1580 698 1677 738 ideo
1713 697 1837 747 dicit,
1870 696 1972 748 quia

1082 764 1198 803 nullo
1238 763 1507 804 extrinsecus
1540 763 1799 803 adminiculo
1832 761 1971 801 virtus

1082 826 1262 879 indiget,
1281 826 1355 866 sed
1377 825 1518 877 seipsa
1535 832 1747 877 contenta
1760 831 1856 875 θεῖς
1873 837 1970 864 nam

1083 891 1263 934 Romani
1288 896 1433 930 tantas
1446 890 1559 929 vires
1576 890 1810 940 habebant,
1825 896 1872 929 ut
1894 901 1972 941 per

1082 970 1128 998 se
1147 958 1305 998 bellum
1332 958 1423 998 sine
1443 958 1621 998 aliorum
1642 957 1799 997 auxilio
1820 969 1972 1010 gerere

1082 1027 1276 1075 possent.
1332 1022 1430 1063 Hoc
1467 1021 1565 1063 ideo
1600 1022 1725 1072 dicit,
1756 1022 1857 1074 quia
1889 1024 1972 1062 Ta-

1082 1087 1242 1128 rentini
1261 1088 1494 1128 multorum
1525 1087 1780 1138 populorum
1804 1090 1849 1125 et
1868 1085 1974 1125 civi-

1084 1156 1222 1192 tatum
1254 1152 1382 1192 armis
1410 1150 1551 1203 adjuti
1585 1149 1723 1201 fuere,
1751 1162 1850 1189 nam
1876 1150 1972 1189 Mo·

1082 1215 1197 1267 lossi,
1234 1215 1446 1267 Thessali,
1496 1214 1778 1266 Macedones,
1811 1214 1972 1265 Brutii,

1083 1280 1306 1333 Campani,
1325 1280 1506 1333 AppuH,
1527 1280 1706 1330 Lucani,
1731 1283 1860 1331 atque
1880 1280 1971 1330 ipse

1083 1345 1346 1384 clarissimus
1366 1345 1552 1385 Graeciae
1576 1345 1671 1384 Rex
1687 1344 1880 1395 Pyrrhus
1897 1355 1972 1395 pro

1082 1408 1332 1449 Tarentinis
1363 1408 1670 1450 incitatissimo
1700 1408 1841 1448 animo
1871 1420 1972 1447 con-

1082 1478 1382 1525 surrexerunt,
1394 1479 1439 1513 et
1457 1473 1571 1513 socia
1589 1485 1708 1513 arma
1715 1473 1971 1524 junxerunt.

1082 1537 1266 1577 Romani
1285 1539 1371 1578 suis
1391 1537 1587 1578 contenti
1607 1537 1763 1589 opibus
1779 1542 1824 1577 et
1841 1537 1971 1576 armis

1081 1600 1288 1642 adversus
1328 1608 1397 1642 tot
1432 1603 1688 1654 populorum
1728 1600 1971 1653 potentiam

1082 1676 1166 1704 non
1188 1665 1325 1705 solum
1346 1666 1571 1717 audacter,
1591 1665 1664 1705 sed
1686 1665 1817 1705 etiam
1835 1664 1973 1705 felici-

1084 1734 1152 1769 ter
1171 1729 1332 1770 bellum
1355 1743 1544 1782 gessere.
1587 1730 1737 1769 Oliver.

1138 1796 1161 1847 ξ
1189 1798 1217 1835 6
1244 1795 1324 1835 Sed
1342 1800 1386 1835 ut
1416 1810 1440 1835 α
1469 1795 1585 1847 luxu]
1619 1794 1837 1846 Valerius,
1875 1793 1976 1846 quia

1083 1861 1313 1903 videbatur
1333 1861 1646 1915 quodammodo
1667 1861 1722 1902 ab
1748 1874 1799 1902 eo
1829 1873 1976 1913 egres-

1084 1939 1152 1967 sus
1168 1940 1264 1968 esse
1280 1928 1394 1982 quod
1415 1928 1684 1978 instituerat,
1699 1927 1859 1980 inquit,
1873 1926 1975 1979 quia

1084 1990 1272 2031 diximus
1309 1992 1365 2032 de.
1401 1993 1506 2032 luxu
1543 1992 1894 2042 Tarentinorum,
1928 1996 1976 2031 et

1083 2066 1229 2096 eorum
1267 2055 1586 2108 superfluitate,
1631 2068 1729 2109 quae
1773 2056 1869 2096 illos
1918 2055 1974 2095 ad

1083 2132 1174 2160 eam
1194 2121 1407 2162 insaniam
1428 2120 1677 2171 deduxerit,
1697 2125 1745 2159 ut
1761 2120 1976 2159 Romanos

1082 2185 1254 2226 irritare
1287 2186 1513 2237 auderent,
1543 2197 1655 2225 nunc
1694 2189 1892 2225 revertar
1919 2183 1975 2223 ad

1083 2248 1340 2301 rigidissima
1356 2250 1561 2303 majorum
1587 2256 1832 2289 nostrorum
1851 2248 1974 2288 insti-

1084 2316 1190 2352 tuta.
1223 2314 1374 2354 Oliver.

1138 2378 1200 2416 Εο
1227 2377 1319 2428 loci]
1359 2379 1476 2430 Lego
1514 2390 1611 2417 cum
1647 2377 1718 2417 lib.
1749 2377 1862 2416 Dan.
1918 2379 1976 2418 Εο

1083 2440 1158 2480 loci
1171 2441 1428 2493 peragebant.
1485 2443 1542 2482 Et
1562 2442 1688 2494 paulo
1710 2447 1826 2495 post,
1845 2442 1977 2482 laodie-

1084 2518 1172 2558 que.
1229 2507 1371 2550 Quem
1405 2519 1535 2559 porro
1575 2507 1716 2546 locum
1755 2505 1976 2558 intelligat

1084 2570 1283 2610 Valerius
1304 2570 1406 2610 mihi
1425 2583 1509 2611 non
1540 2570 1694 2623 liquet.
1754 2571 1867 2611 Nam
1889 2572 1977 2611 tria

1085 2634 1220 2676 fnisse
1251 2638 1399 2676 Romae
1418 2637 1651 2687 Senacula,
1670 2640 1856 2676 testatur
1875 2637 1978 2677 Fes-

1085 2705 1170 2742 tus.
1228 2702 1371 2742 Varro
1401 2702 1455 2742 de
1478 2702 1587 2742 Vita
1615 2702 1725 2753 Pop.
1751 2702 1877 2742 Rom.
1898 2701 1974 2743 lib.

1085 2775 1134 2804 11.
1154 2766 1322 2807 locutus
1339 2765 1483 2806 fuerat
1501 2766 1654 2818 opinor
1670 2765 1725 2805 de
1743 2765 1977 2816 senacuHs,

1084 2828 1199 2870 unde
1235 2829 1346 2870 haud
1391 2829 1522 2871 dubie
1571 2829 1724 2869 sumsit
1760 2828 1976 2881 Valerius,

1083 2893 1205 2945 cujus
1232 2899 1278 2932 et
1308 2893 1380 2932 illa
1402 2905 1458 2933 ex
1479 2892 1633 2933 eodem
1653 2892 1763 2932 libro
1783 2892 1975 2933 citantur

1084 2955 1199 3007 apud
1236 2956 1448 2996 Nonium:
1479 2950 1665 3010 ‘Itaque
1693 2961 1872 3010 propter
1899 2971 1974 2998 cu-

1083 3031 1172 3059 ram
1191 3020 1311 3060 locus
1339 3033 1526 3073 quoque,
1549 3033 1634 3074 quo
1655 3033 1773 3061 suam
1793 3022 1972 3074 quisque

1084 3089 1259 3124 senator
1291 3083 1478 3135 confert,
1513 3084 1677 3124 curiam
1719 3085 1973 3136 appellant?

1083 3149 1341 3190 Senaculum
1379 3154 1482 3202 e'rgo
1516 3150 1690 3200 proprie
1721 3162 1867 3189 senum
1888 3154 1972 3189 sta-

1084 3213 1160 3264 tio,
1188 3219 1237 3253 ut
1267 3214 1436 3254 Graecis
1457 3211 1653 3265 Γερουσία.
1712 3213 1879 3253 Glossae
1901 3225 1972 3252 ve·

1084 3284 1226 3318 teres:
1259 3277 1457 3330 Γερουσία,
1479 3279 1549 3318 hoc
1564 3278 1799 3318 senaculum.
1854 3276 1970 3316 Illud

1083 3341 1224 3382 obiter
1271 3342 1400 3393 addo,
1441 3342 1570 3382 etiam
1610 3341 1790 3380 Graecos
1827 3340 1969 3381 locum

1083 3405 1298 3458 quendam
1319 3406 1563 3458 appellasse
1589 3401 1773 3452 Σενάτον,
1791 3415 1970 3454 praeser·

1084 3469 1164 3510 tim
1191 3467 1709 3520 constantinopolitanos.
1751 3466 1966 3510 Codinus:

1775 3539 1798 3574 3
1829 3535 1856 3574 S
