2288 3990
321 283 430 338 990

322 428 401 455 των
421 412 601 466 ὖπερᾷραι
617 411 666 453 τὸ
685 411 834 466 σκάφος
851 413 892 455 ἐν
910 413 1054 467 Εὐβοίᾳ
1073 414 1199 469 κοίλῃ.

320 478 527 520 Similiter
542 478 701 519 dicitur
717 478 831 526 κοίλη
847 478 976 532 Συρία.
1023 479 1198 520 Euboeae

323 542 474 582 coelam
519 541 869 583 circumscribere
910 546 1088 583 conatus
1131 547 1199 583 est

325 606 519 646 Lucanus
539 605 614 645 lib.
632 618 677 645 v.
709 606 837 647 Coler.

387 667 661 719 Rhamnunta]
706 669 871 710 Civitas
905 674 973 710 est
1009 669 1199 723 Euboeae,

323 731 397 772 ubi
443 732 597 773 colitur
642 733 843 774 Fortuna.
898 733 1028 774 Unde
1072 734 1198 774 etiam

323 795 583 837 Rhamnusia
595 796 812 848 appellata
827 802 906 838 est.
923 796 1055 839 Ovid.
1069 796 1201 838 Trist-

321 871 367 900 v.
388 861 400 882 ‘
418 859 575 911 Exiget
595 859 649 900 ad
665 859 813 911 dignas
833 860 965 901 ultrix
983 860 1200 901 Rhamnu-

322 923 382 963 sia
401 922 581 975 poenaS.’
637 923 835 964 Lucanus
855 922 909 964 de
929 923 1008 964 lioc
1027 922 1199 976 Appio:

321 987 335 1009 ‘
355 985 516 1038 Effugis
540 987 762 1039 ¹ingentes,
800 987 909 1028 tanti
945 987 1201 1028 discriminis

322 1062 480 1103 expers
516 1051 750 1103 Bellorum,
797 1052 1006 1103 Romane,
1049 1050 1203 1104 minas,

325 1114 524 1167 solusque
543 1114 731 1166 quietem
751 1113 935 1155 Euboici
954 1119 1074 1155 vasta
1096 1115 1203 1154 late·

322 1178 382 1218 ris
399 1178 595 1219 convalle
614 1176 810 1219 tenebis!
863 1177 975 1218 Item
996 1178 1123 1229 paulo
1140 1178 1202 1217 in-

322 1241 414 1282 fra:
441 1244 453 1265 ‘
470 1242 571 1282 Heu
591 1242 779 1295 demenS,
808 1242 969 1282 nullum
988 1241 1090 1281 belli
1108 1253 1203 1282 sen-

322 1306 406 1347 tire
440 1304 676 1358 fragorem,
719 1306 803 1346 Tot
833 1305 981 1346 mundi
1015 1306 1204 1346 caruisse

323 1368 461 1420 malis,
515 1374 722 1421 praestare
762 1362 956 1409 Deorum
1008 1370 1206 1421 Excepta

325 1433 419 1487 quis
438 1438 578 1474 morte
599 1437 743 1484 potest
761 1433 776 1473 ?
822 1438 991 1473 secreta
1022 1433 1204 1485 tenebis,

322 1497 500 1537 Littoris
532 1496 712 1537 Euboici
741 1497 1016 1537 memorando
1033 1496 1206 1537 condite

324 1559 465 1611 busto,
510 1560 606 1602 Qua
643 1559 770 1600 maris
812 1565 1014 1612 augustat
1057 1558 1206 1600 fauces

324 1634 480 1663 saxosa
511 1622 719 1671 Can-istos,
747 1623 805 1663 Et
837 1622 1014 1663 tumidis
1047 1621 1208 1663 infesta

326 1686 431 1727 colit
462 1699 546 1739 qua
577 1686 748 1726 numina
780 1684 1030 1727 Rhamnus!
1096 1686 1208 1726 Sunt

328 1750 399 1802 qui
431 1749 582 1791 dicunt
612 1750 927 1790 Rhamnuntem
952 1762 1047 1790 esse
1065 1749 1209 1790 vicum

327 1814 490 1855 Atticae
525 1815 725 1867 regionis,
758 1814 829 1854 ubi
863 1814 1071 1866 templum
1107 1813 1209 1853 Am-

329 1877 511 1929 phiarai,
526 1886 571 1918 ct
587 1878 806 1919 Phidiacae
825 1877 1036 1918 Nemesis.
1056 1878 1207 1918 Oliver.

383 1943 674 1994 Caristumque]
704 1942 867 1984 Civitas
882 1941 1068 1993 Euboea3
1095 1940 1210 1980 unde

329 2005 559 2046 Caristium
578 2018 779 2046 marmor.
833 2005 990 2046 Strabo
1009 2005 1082 2046 lib.
1102 2016 1147 2046 Χ.
1169 2005 1212 2045 ἰη

328 2068 620 2123 descriptione
650 2069 852 2110 Euboeaez
878 2070 890 2092 ‘
914 2069 966 2108 Iu
998 2067 1122 2120 ripa‚'
1152 2068 1213 2108 in-

329 2134 439 2187 quit,
466 2133 574 2173 ‘sub
607 2139 750 2173 moute
781 2132 977 2173 Caristus
997 2131 1212 2181 consistit,

331 2197 401 2237 cui
418 2196 557 2237 vicina
577 2201 675 2236 sunt
694 2196 825 2248 Styra
837 2201 884 2236 et
898 2193 1212 2236 Marmarium.’

331 2260 467 2300 Panlo
486 2258 595 2300 infra
614 2259 836 2312 subjungit
852 2272 864 2300 ε
885 2260 898 2282 ‘
912 2258 984 2299 Ad
998 2258 1213 2300 Caristum

331 2324 441 2376 lapis
469 2323 677 2374 nascitur,
707 2334 832 2376 quem
866 2327 1064 2375 pectunt,
1094 2327 1217 2374 nent,

331 2391 520 2435 texunt3
560 2385 661 2425 inde
700 2385 897 2426 mantilia
931 2383 1217 2425 conficiuntur

333 2449 508 2502 egregie
527 2454 734 2490 contexta
751 2461 763 2490 ι
784 2461 836 2489 ea
855 2447 927 2489 ubi
946 2447 1216 2498 sordescunt,

326 2512 378 2552 'in
412 2511 623 2553 flammam
658 2512 868 2565 projecta,
900 2524 984 2552 non
1017 2523 1142 2552 secus
1174 2522 1218 2550 e·

333 2575 604 2628 mendantur,
622 2587 749 2628 quam
768 2575 804 2616 si
823 2577 1012 2617 maculas
1025 2573 1215 2616 elucris!

337 2643 461 2684 Idem.

391 2705 634 2758 Chalcidico]
665 2705 776 2747 Nam
807 2704 980 2747 Chalcis
1009 2703 1111 2746 urbs
1130 2715 1217 2746 me·

337 2771 598 2824 tropolitana
618 2775 688 2811 est
706 2770 749 2810 in
771 2770 948 2810 Euboea.

389 2836 412 2887 ᾧ
432 2839 450 2875 l
460 2839 482 2875 l
496 2834 713 2886 Saliorum]
728 2833 839 2874 Vide
850 2843 1083 2886 supracap.
1095 2832 1220 2884 1.§9.

391 2898 572 2950 Liuium]
602 2898 752 2938 Lituus
769 2897 968 2938 conditus
984 2900 1078 2937 erat
1095 2895 1222 2935 bacu-

338 2964 405 3005 lus
425 2963 850 3016 Romuligincurvus3
878 2974 976 3002 uam
1007 2961 1139 3001 lituus
1159 2959 1222 2999 di-

339 3029 454 3070 citur
490 3029 708 3079 incurvuS,
739 3033 785 3068 et
817 3039 841 3066 a
872 3036 1033 3065 summo
1065 3022 1224 3064 leviter

341 3092 524 3135 inflexus
559 3092 755 3142 baculuS,
798 3089 871 3142 qui
907 3088 963 3129 ab
995 3087 1106 3140 ejus,
1140 3096 1224 3139 quo

342 3158 529 3211 canitur,
554 3156 648 3198 litui
671 3153 964 3205 similitudine,
988 3162 1144 3192 nomen
1161 3149 1225 3190 in·

343 3222 478 3274 venit,
506 3227 558 3262 ut
588 3221 650 3262 ait
682 3220 835 3260 Cicero
860 3217 936 3259 lib.
955 3216 1012 3256 de
1028 3214 1227 3256 Divinat.

344 3285 444 3328 Hoc
468 3291 612 3327 autem
642 3285 751 3325 lituo
779 3282 1016 3324 utebantur
1047 3289 1228 3332 augures

347 3350 402 3390 ad
438 3348 704 3402 designanda
735 3347 779 3387 iu
814 3345 913 3387 aere
950 3343 1107 3397 spatia,
1131 3353 1228 3395 quae

345 3413 508 3465 templa
556 3410 768 3464 appellari
813 3409 1060 3458 voluerunt,
1115 3403 1230 3447 uude

353 3478 366 3498 ⁴
392 3477 610 3529 extemplo
630 3476 642 3494 '
690 3473 946 3517 adverbium
993 3469 1198 3522 augurale
1220 3482 1229 3507 z

350 3540 464 3584 iuter
498 3540 591 3581 lioec
628 3551 731 3581 vero
769 3537 912 3591 spatia
947 3534 1231 3588 captabantur

899 297 1077 337 NOTAE
1117 297 1450 340 VARIORUM
1492 299 1557 338 IN

1257 416 1454 468 auguria:
1476 415 1691 470 ,quomodo
1710 421 2004 471 captarentur,
2023 418 2138 463 dice·

1258 493 1351 520 mus
1371 493 1447 521 suo
1466 481 1575 521 loco.
1623 481 1723 522 Fuit
1741 487 1886 523 autem
1903 483 1973 523 hie
1991 483 2138 537 lituus,

1259 548 1308 583 ut
1326 543 1459 583 tradit
1479 543 1736 584 Plutarchus
1767 545 1812 586 in
1844 546 1935 586 vita
1950 547 2139 599 Romuli,

1260 605 1435 646 baculus
1468 607 1603 659 ipsius
1635 608 1823 662 Romuli,
1861 616 2138 652 conservatus

1258 669 1303 708 in
1322 669 1522 711 Palatino
1541 671 1666 723 colle,
1687 684 1821 725 usquc
1840 672 1894 712 ad
1915 673 2138 714 Gallorum

1259 738 1469 786 tempora,
1495 747 1520 775 a
1551 735 1703 788 quibus
1727 741 1859 789 capta
1878 737 2139 790 incensaque

1260 798 1395 839 Roma
1411 798 1510 850 fuit,
1541 800 1615 840 sed
1647 805 1800 853 postea
1821 801 1972 852 ejectis
2004 814 2031 842 a
2057 798 2141 843 Ca·

1260 862 1379 902 millo
1403 862 1612 913 hostibus,
1642 863 1758 904 inter
1777 863 2007 904 altissimos
2023 864 2140 904 cine-

1260 938 1354 966 rum
1370 926 1560 967 cumulos
1574 927 1747 977 illaesus,
1762 939 1859 968 cum
1877 926 2021 967 omnia
2034 926 2143 979 ignis

1261 991 1608 1043 consumpsisset,
1652 991 1849 1031 inventus
1894 995 1979 1032 est.
2061 990 2142 1030 Est

1261 1053 1390 1093 etiam
1417 1054 1565 1105 lituus,
1592 1058 1641 1095 ut
1669 1054 1782 1095 dicit
1811 1055 1981 1106 Festus,
2010 1064 2144 1107 genus

1261 1117 1456 1158 buccinae
1485 1118 1692 1168 incurvae,
1722 1130 1809 1172 qua
1827 1118 1900 1172 qui
1921 1117 2147 1168 cecinerit,

1260 1181 1417 1221 Liticen
1434 1181 1607 1223 dicitur.
1663 1182 1893 1234 Virgilius:
1922 1183 1935 1204 ‘
1955 1182 2015 1223 Et
2038 1180 2147 1221 lituo

1262 1255 1424 1295 pugnas
1438 1244 1616 1297 insignis
1630 1244 1780 1285 obibat
1792 1249 1837 1285 et
1848 1242 2006 1284 hasta!
2031 1243 2148 1283 Item

1264 1305 1393 1346 alibi:
1421 1306 1434 1328 ‘
1449 1306 1553 1358 Ipse
1570 1306 1784 1349 Quirinali
1801 1306 1906 1347 lituo
1925 1316 2149 1359 parvaque

1263 1369 1444 1409 sedebat
1461 1369 1716 1410 Succinctus
1735 1368 1914 1410 trabea!
1943 1369 2094 1410 Oliver.

1318 1434 1440 1472 AEdes
1462 1432 1668 1484 Fortunae]
1708 1431 1762 1472 In
1781 1444 1868 1486 qua
1886 1437 2032 1473 statua
2050 1432 2149 1472 Ser-

1264 1495 1322 1536 vii
1340 1496 1484 1547 Tullii,
1519 1497 1650 1549 Regis
1669 1498 1974 1548 Romanorum,
1999 1501 2151 1538 erecta

1265 1557 1360 1600 fuit.
1418 1558 1525 1599 Ideo
1542 1564 1684 1600 autem
1704 1560 1747 1600 in
1769 1561 1930 1613 templo
1946 1561 2150 1601 Fortunae

1267 1622 1409 1674 posita
1439 1622 1554 1675 quod
1588 1622 1622 1662 is
1652 1623 1878 1676 imperium
1910 1624 2151 1664 Romanum

1266 1687 1452 1738 amplum
1472 1691 1517 1726 et
1536 1684 1798 1727 fortunatum
1831 1685 2051 1726 reddidit:
2081 1686 2151 1726 hic

1267 1750 1380 1789 enim
1404 1749 1565 1801 primus
1603 1749 1687 1790 fuit
1712 1749 1785 1803 qui
1805 1761 1980 1791 censum
1999 1747 2154 1790 statuit

1268 1813 1313 1854 in
1333 1813 1440 1854 urbe
1461 1813 1608 1853 Roma.
1637 1814 1764 1854 Idem.

1327 1876 1488 1923 Quintoe
1508 1877 1684 1917 Claudite
1701 1876 1854 1929 statua]
1895 1877 2153 1930 Campense,

1269 1939 1627 1994 Winclielianum,
1669 1945 1715 1981 et
1758 1939 2029 1981 Coloniensia
2069 1938 2155 1979 duo

1271 2003 1550 2055 exemplaria,
1580 2015 1676 2055 quae
1709 2002 1774 2042 his
1807 2001 1961 2043 diebus
1997 2001 2052 2042 ad
2083 2013 2155 2042 me

1271 2067 1388 2108 misit
1405 2066 1507 2109 Joh.
1527 2067 1733 2107 Metellus
1750 2066 1910 2108 Jurisc.
1930 2066 1986 2108 ob
2013 2065 2158 2118 probi-

1272 2136 1408 2171 tatem
1427 2135 1558 2184 atque
1573 2129 1861 2170 eruditionem
1875 2129 1978 2169 mihi
1995 2128 2158 2170 charis-

1273 2195 1419 2246 simus,
1459 2195 1512 2241 Q.
1551 2195 1728 2234 Cluudioe
1763 2194 1987 2246 produnt3
2023 2197 2157 2246 atque

1274 2258 1452 2311 optime.
1495 2258 1604 2310 Ejus
1624 2257 1737 2297 enim
1759 2256 1950 2297 Claudiae
1971 2260 2159 2296 statuam

1273 2321 1406 2362 fuisse
1436 2322 1650 2373 existimo,
1676 2333 1772 2373 quae
1804 2323 1985 2360 matrem
2015 2319 2160 2359 Deum

1276 2385 1535 2425 Pessinunte
1569 2383 1798 2424 advectam
1834 2382 1879 2422 iu
1918 2381 2066 2421 urbem
2100 2380 2165 2421 in-

1278 2447 1465 2488 duxerat
1481 2452 1613 2499 atque
1629 2450 1884 2498 exceperat,
1898 2449 1947 2484 ut
1961 2448 2162 2484 auctores

1279 2511 1423 2552 Livius
1443 2511 1519 2551 lib.
1538 2520 1707 2550 xxx1x.
1754 2508 1906 2549 Cicero
1925 2507 1980 2546 de
2000 2505 2162 2561 Arusp.

1279 2576 1491 2627 Respons.
1513 2573 1643 2614 Ovid.
1665 2573 1834 2612 Pastor.
1855 2581 1915 2610 ιν.
1945 2569 2134 2620 Pighius.

1333 2637 1484 2678 Matris
1496 2635 1646 2687 Deum]
1661 2633 1771 2674 Vide
1783 2644 1916 2685 supra
1927 2642 2024 2684 cap.
2035 2635 2073 2672 1.
2087 2632 2109 2684 ς
2124 2634 2165 2671 1.

1335 2702 1456 2751 Item,
1472 2698 1563 2752 Suu]
1607 2696 1799 2749 Contigit
1818 2695 1872 2738 A.
1892 2695 1950 2735 U.
1982 2704 2163 2736 ncxmr.

1283 2770 1328 2808 et
1349 2764 1402 2807 A.
1421 2765 1477 2806 U.
1499 2773 1658 2805 ncczv.

1339 2828 1462 2882 Basi]
1490 2825 1668 2880 Duplici
1688 2837 1814 2866 sensu
1833 2822 2002 2864 Basisa
2019 2821 2168 2863 Vitru-

1284 2893 1354 2935 vio
1373 2897 1625 2946 usurpatur,
1653 2889 1767 2944 quod
1786 2899 1867 2929 uec
1886 2885 2168 2928 Philandrum

1285 2957 1428 2998 latuit.
1483 2955 1561 2996 Ait
1593 2953 1704 2994 enim
1733 2951 1787 2992 ad
1819 2949 1895 2992 lib.
1915 2961 1983 2991 iv.
2013 2961 2109 3002 cap.
2129 2951 2170 2989 l.

1285 3019 1503 3062 Vitruvii:
1530 3019 1542 3042 ‘
1563 3016 1708 3059 Basim
1740 3015 1826 3068 hic,
1852 3025 1936 3054 non
1968 3017 2059 3053 tam
2091 3022 2171 3064 pro

1287 3085 1396 3137 solo,
1421 3082 1464 3124 id
1496 3086 1579 3135 est,
1607 3081 1756 3134 planta
1791 3083 1839 3119 et
1874 3074 2020 3116 infima
2050 3072 2172 3129 scapi

1288 3152 1429 3202 parte,
1454 3152 1502 3188 ut
1522 3145 1651 3199 paulo
1670 3147 1786 3196 post,
1813 3153 1941 3195 quam
1969 3151 2050 3192 pro
2069 3150 2173 3180 con-

1287 3210 1402 3253 flexu
1440 3215 1487 3251 et
1523 3205 1758 3261 apophygi‚
1787 3203 1901 3244 uude
1933 3200 2172 3242 crassitudo

1290 3277 1498 3318 columuae
1509 3271 1746 3328 judicanda
1760 3275 1843 3322 est,
1851 3267 2029 3319 accipit.
2054 3264 2174 3307 Alio·

1291 3340 1364 3394 qui
1409 3336 1624 3391 significat
1669 3335 1805 3387 ipsam
1851 3330 2029 3383 spiram,
2074 3339 2173 3381 qnae

1291 3414 1422 3456 scapo
1455 3396 1740 3454 supponitur-⁹
1806 3392 2021 3437 Vocabuli
2051 3393 2176 3444 origo

1293 3471 1361 3507 est
1395 3464 1472 3506 ἀπὸ
1502 3465 1575 3505 τοῦ
1612 3461 1774 3510 βαίνειν,
1814 3458 1990 3510 ingredi,
2025 3455 2178 3507 insisti,

1292 3531 1555 3572 conscendere.
1612 3525 1730 3567 Hinc
1755 3535 1832 3577 pes
1853 3523 1947 3575 ipse
1967 3519 2176 3562 sedimen-
