2288 3990
559 251 822 293 VALERn
862 250 1107 290 ΜΑΧιΜι
1151 251 1271 291 mu.
1301 249 1365 289 11.
1405 250 1541 289 cAP.
1567 236 1619 288 4.

173 377 345 431 quiores
360 378 497 416 erant.
540 373 648 414 Cum
665 372 846 424 benigne
862 371 1052 423 hospitio

172 441 365 494 suscepti
412 444 574 490 essent,
618 450 857 491 novamque
904 437 1054 477 urbem

173 511 260 545 tam
305 502 425 544 brevi
461 502 612 554 opibus
650 501 839 554 virisque
883 506 1053 540 auctam

170 567 423 619 perlustrati
454 570 616 616 essent,
648 565 703 605 ad
737 565 862 604 ludos
897 575 1054 604 conve-

167 635 352 682 nerunt;
391 630 464 670 ubi
497 642 594 670 cum
625 641 773 669 omnes
799 628 1052 680 spectaculo

166 694 324 735 intenti
343 698 503 744 essent,
533 694 741 745 juventus
774 693 966 733 Romana
997 690 1052 731 ad

167 758 357 811 yirgines
387 757 618 810 rapiendas
638 769 692 797 ex
709 756 948 809 composito
965 755 1052 811 dis-

167 824 316 866 currit.
374 825 459 864 Eas
495 823 575 864 sibi
608 835 765 863 uxores
807 820 1052 873 adjungunt

168 889 224 938 vi,
246 889 360 942 quod
390 889 519 929 aliter
548 887 735 927 obtineri
764 886 1050 938 nequierant:

166 963 264 993 nam
285 965 382 992 eum
403 964 482 1004 per
513 951 770 1003 legationem
794 949 977 989 Romani
995 948 1048 988 ad

163 1015 419 1058 affinitatem
440 1016 604 1057 vicinas
621 1014 750 1056 urbes
769 1014 927 1067 saepius
942 1013 1049 1053 invi-

164 1085 346 1132 tassent,
391 1080 520 1134 idque
573 1092 745 1132 semper
791 1079 1048 1130 denegatum

164 1144 248 1184 sibi
286 1142 456 1195 fuisset,
489 1148 642 1195 utpote
680 1142 798 1195 genti
834 1155 976 1192 novae,
1007 1142 1049 1182 vi

161 1207 443 1259 grassandum
476 1220 572 1248 esse
609 1212 887 1247 censuerunt.
962 1207 1047 1247 Ro-

161 1272 300 1312 mulus
321 1272 454 1324 igitur
472 1278 567 1324 post
585 1277 755 1324 raptum
776 1271 1048 1323 Sabinarum,

162 1336 393 1388 imaginem
428 1337 541 1376 illam
570 1340 813 1388 equestrem
849 1335 1047 1387 Neptuni

165 1402 333 1442 Consum
350 1403 604 1455 appellavit,
622 1408 665 1442 et
680 1402 803 1442 ludos
820 1402 1047 1453 Consualia,

163 1466 283 1518 quasi
319 1466 545 1506 consilium
579 1466 679 1516 Dei,
715 1466 818 1518 quia
850 1472 949 1518 post
982 1466 1046 1505 iu-

162 1533 333 1569 ventam
373 1530 488 1569 illam
508 1530 736 1581 imaginem
767 1529 910 1569 subito
942 1541 1042 1569 con-

157 1593 296 1634 silium
310 1593 500 1644 cepisset
513 1593 813 1645 rapiendarum
832 1593 1044 1645 virginum

157 1669 238 1709 per
253 1657 451 1698 ludorum
467 1658 781 1710 spectaculum.
839 1658 912 1698 De
932 1658 1043 1698 Con-

157 1721 346 1763 sualibus
365 1722 429 1762 ita
450 1721 583 1762 tradit
602 1722 887 1762 Plutarchus:
931 1722 944 1743 ‘
960 1723 1043 1762 Fa-

155 1797 224 1826 ma
242 1786 316 1826 diu
335 1786 525 1839 vulgata,
553 1799 580 1827 a
598 1787 783 1827 Romulo
816 1786 1041 1839 cujusdam

154 1849 238 1890 Dei
259 1862 374 1890 aram
393 1851 613 1892 conditam
637 1850 716 1892 sub
748 1856 862 1891 terra
893 1851 1039 1893 inven-

154 1918 260 1964 tam,
291 1915 416 1969 eique
444 1916 544 1956 Deo
576 1916 722 1957 Conso
751 1928 909 1956 nomen
927 1916 1039 1957 indi·

153 1978 327 2032 derunt,
347 1980 440 2021 sive
460 1993 486 2020 a
505 1980 700 2033 consilio,
728 1980 841 2034 quod
868 1981 1041 2021 consili·

152 2044 268 2084 arius
284 2043 415 2097 foret,
436 2045 542 2094 sive!
555 2046 786 2098 Neptunus
807 2046 1039 2099 equestris.

152 2105 242 2148 Ara
261 2114 330 2149 est
347 2109 391 2149 in
408 2109 535 2150 Circo
549 2110 746 2150 Maximo
763 2110 919 2162 posita,
938 2122 1037 2163 quae

148 2173 361 2227 reliquum
388 2181 558 2227 tempus
590 2175 728 2216 latet:
757 2175 801 2215 in
821 2177 1036 2229 equestri-

150 2238 230 2279 bus
277 2244 422 2280 autem
459 2239 769 2281 certaminibus
814 2240 1034 2292 aperitur:

149 2301 243 2343 haec
263 2303 438 2343 condita
454 2304 534 2344 sub
550 2310 670 2344 terra
688 2309 774 2356 est,
793 2316 923 2357 quum
936 2316 1036 2344 con·

150 2365 290 2406 silium
309 2377 510 2407 arcanum
539 2379 633 2408 esse
652 2372 866 2420 oporteat.
921 2368 1036 2408 Ludi

147 2428 279 2481 igitur
297 2430 341 2471 in
357 2430 564 2472 honorem
583 2431 710 2484 hujus
723 2433 811 2473 Dei
830 2432 1035 2485 instituti,

147 2493 371 2536 aRomulo
390 2497 403 2519 ⁴
417 2495 671 2537 Consualia'
692 2495 841 2538 dicta)
871 2495 1033 2550 Diony-

143 2559 230 2600 sius
258 2559 629 2601 Halicarnassaeus
661 2561 716 2602 de
747 2560 1032 2615 Antiquitati-

145 2623 224 2665 bus
264 2624 487 2667 Romanis:
537 2626 824 2678 ‘Sacratam,'
871 2627 1031 2681 iuquit,

143 2687 289 2728 ‘illam
310 2689 612 2730 solennitatem
641 2702 753 2732 nunc
787 2691 919 2732 etiam
946 2693 1028 2733 Ro-

140 2752 256 2793 mani
266 2751 512 2806 perficiunt,
524 2754 772 2795 ‘Consualia
783 2753 795 2772 ’
810 2761 1029 2809 vocanteS,

138 2816 186 2857 in
223 2828 308 2870 qua
339 2816 472 2859 etiam
505 2830 581 2858 ara
611 2818 891 2860 subterranea
924 2832 1028 2861 con·

138 2885 308 2921 structa
319 2879 449 2932 juxta
476 2881 647 2924 Circum
667 2884 922 2936 Maximum,
942 2886 1026 2926 cir-

139 2941 359 2984 cumfossa
379 2950 512 2997 terra,
547 2945 783 3000 sacrificiis,
815 2953 862 2988 et
889 2949 1026 2989 missis

135 3006 181 3047 in
201 3007 343 3059 ignem
362 3007 648 3060 libaminibus,
679 3011 852 3064 colitur,
878 3024 1026 3053 cursu-

135 3083 222 3125 que
241 3084 447 3125 equorum
464 3073 606 3124 agitur
615 3074 869 3127 junctorum
883 3082 928 3117 et
940 3089 1025 3118 uon

129 3136 396 3188 junctorum.
438 3138 635 3178 Vocatur
654 3144 798 3180 autem
824 3139 861 3180 is
881 3142 1022 3189 Deus,

137 3201 206 3241 cui
250 3201 344 3242 haec
372 3192 694 3254 perficiuntur,
736 3203 960 3245 ‘Consus'
998 3218 1024 3246 a

135 3264 356 3317 Romanis,
389 3277 439 3306 ac
470 3272 707 3319 propterea
736 3267 1022 3311 subterranea

135 3329 221 3369 coli
239 3341 315 3370 ara
333 3341 430 3370 eum
451 3329 620 3382 dicunt,
651 3331 766 3385 quod
798 3332 868 3373 hic
898 3334 1019 3375 Deus

135 3396 298 3433 terram
346 3399 522 3446 teneat3
568 3406 650 3448 ego
689 3409 793 3439 vero
836 3399 1019 3441 alterum

135 3467 307 3509 quoque
343 3469 580 3500 sermonem
620 3461 781 3514 audivi,
822 3464 936 3516 quod
973 3465 1018 3505 hi

135 3520 308 3575 quidem
328 3521 420 3563 dies
451 3521 552 3566 festi
583 3525 790 3581 Neptuno
822 3534 1019 3585 agantur,

1861 235 2004 287 1017

1115 371 1314 424 quodque
1334 383 1482 412 cursus
1502 375 1548 412 et
1562 368 1731 423 equites
1746 367 1846 408 huic
1868 369 2001 408 etiam

1115 435 1211 476 Deo
1244 435 1380 487 fiant3
1425 447 1500 477 ara
1534 446 1638 476 vero
1673 437 1826 486 postea
1861 432 2001 472 Genio

1115 498 1287 539 cuidam
1319 500 1468 551 ignoto
1488 504 1737 541 constructa
1756 496 1906 548 fuerit,
1934 509 2004 537 oc·

1114 565 1326 604 cultorum
1343 565 1617 604 consiliorum
1637 562 1735 603 duci
1758 566 1886 615 atque
1908 572 2001 601 cus-

1115 626 1222 668 todi.
1305 627 1514 679 Neptuno
1557 627 1669 668 enim
1717 625 2002 667 subterraneo

1113 702 1194 731 nec
1214 690 1414 731 domitori
1436 699 1582 744 terrae,
1603 703 1742 745 neque
1762 703 1787 731 a
1818 689 2003 741 Graecis,

1114 767 1252 809 neque
1273 768 1297 795 a
1321 756 1524 796 Barbaris
1555 768 1735 810 usquam
1767 768 1841 796 ara
1873 754 2001 807 erigi-

1115 825 1198 859 tur.
1251 820 1424 861 Veritas
1443 826 1587 861 autem
1609 821 1681 861 ubi
1709 821 1862 871 lateat,
1892 817 2002 859 diffi-

1113 884 1194 925 cile
1214 890 1279 924 est
1296 885 1472 927 dicere.'
1501 886 1656 927 Oliver.

1174 949 1470 990 Venerabilibus
1505 963 1602 1001 erga
1641 950 1751 990 Deos
1779 947 1906 990 verbis
1925 945 1999 997 ju-

1111 1014 1267 1067 ventus]
1300 1013 1351 1053 In
1372 1015 1480 1053 Mss.
1512 1013 1607 1054 fere
1638 1013 1860 1054 omnibns:
1904 1022 2001 1062 erga

1111 1078 1219 1118 Deos
1237 1078 1379 1130 verbis,
1398 1091 1477 1130 pro
1497 1079 1702 1131 obsequiis,
1730 1077 1929 1128 habetur,
1955 1080 2002 1117 et

1111 1149 1263 1195 postea
1283 1148 1423 1195 gestus
1441 1143 1599 1194 adjecit,
1630 1154 1733 1192 non,
1771 1146 1819 1182 ut
1854 1141 2000 1193 vulgo,

1109 1207 1233 1249 dedit.
1313 1206 1522 1248 Profecto
1561 1219 1645 1247 non
1681 1206 1846 1258 inepte.
1923 1204 2000 1246 Ait

1111 1273 1224 1312 enim
1264 1271 1542 1324 juventutem
1588 1271 1803 1311 addidisse
1852 1269 1998 1310 verbis

1110 1340 1258 1388 gestus
1289 1336 1341 1376 ad
1377 1337 1663 1377 imitationem
1701 1335 1908 1376 Ludionis
1944 1336 2000 1375 E·

1112 1399 1258 1441 trusci.
1313 1399 1433 1440 Idem
1459 1400 1566 1440 dicit
1586 1400 1679 1441 Liv.
1707 1399 1780 1440 lib.
1799 1411 1876 1440 vu.
1904 1399 1994 1440 ita:

1109 1464 1307 1504 ‘Imitari
1339 1464 1496 1504 deinde
1527 1476 1599 1504 eos
1629 1464 1839 1515 juventus
1871 1462 1998 1503 simul

1107 1528 1340 1569 inconditis
1357 1530 1470 1570 inter
1481 1541 1525 1569 se
1536 1529 1751 1582 jocularia
1766 1528 1998 1568 fundentes

1110 1593 1300 1634 versibus
1328 1606 1527 1646 coepere3
1573 1605 1653 1633 nec
1674 1593 1825 1633 absoni
1844 1605 1868 1634 a
1885 1604 1995 1633 voce

1105 1663 1246 1697 motus
1263 1657 1415 1700 erant.’
1442 1656 1568 1709 Piglu.

1108 1744 1112 1745 ν
1160 1722 1275 1762 Rudi
1304 1726 1422 1775 atque
1451 1723 1723 1776 incomposito,
1754 1722 1842 1776 ἐξα]
1891 1721 1996 1764 car-

1103 1786 1264 1828 minum
1285 1788 1490 1830 Saturnio
1509 1795 1649 1830 metro
1676 1789 1862 1842 primum
1881 1801 1996 1829 com-

1102 1851 1361 1904 positorum,
1376 1852 1491 1906 quod
1508 1853 1563 1893 ad
1578 1853 1839 1906 Rhythmum
1854 1853 1991 1894 solum

1101 1916 1297 1967 vulgares
1344 1929 1604 1970 componere
1661 1923 1995 1968 consueverant,

1101 1981 1297 2023 meminit
1343 1983 1517 2023 Servius
1558 1983 1603 2023 in
1648 1982 1754 2022 illud
1790 1981 1990 2034 Virgilii:

1101 2044 1115 2067 ‘
1133 2045 1230 2086 Nec
1259 2057 1344 2087 non
1367 2046 1548 2088 Ausonii
1566 2047 1696 2099 Troja
1728 2059 1833 2099 gens
1861 2047 1991 2087 missa

1099 2110 1238 2150 coloni
1257 2112 1466 2153 Versibus
1487 2111 1718 2163 incomptis
1742 2110 1914 2162 ludunt,
1935 2110 1991 2151 ri·

1098 2186 1235 2229 suque
1253 2175 1424 2218 soluto.’
1483 2175 1584 2217 Non
1606 2176 1739 2215 multo
1769 2176 1864 2227 plus
1884 2174 1990 2216 artis

1097 2239 1342 2280 habuerunt
1382 2240 1656 2291 Fescennini,
1697 2240 1781 2292 ipsi
1819 2251 1987 2293 quoque

1095 2306 1260 2343 temere
1308 2304 1538 2356 compositi
1584 2316 1636 2345 ac
1683 2304 1844 2344 rudes:
1890 2304 1986 2344 haec

1095 2377 1252 2420 nempe
1281 2373 1406 2408 erant
1425 2368 1563 2408 adhuc
1589 2368 1807 2408 nascentis
1828 2367 1986 2408 Roma-

1095 2445 1162 2474 nae
1181 2433 1361 2486 poeseos
1381 2433 1632 2487 primordia,
1653 2439 1700 2474 et
1727 2445 1821 2486 quae
1839 2432 1986 2474 vocari

1094 2497 1150 2539 ab
1166 2497 1403 2539 Aristotele
1425 2496 1810 2550 αὐτοσχεδιάσματα,
1839 2497 1986 2538 obser-

1094 2563 1309 2604 vavimus:
1342 2563 1414 2604 ubi
1447 2564 1579 2604 etiam
1607 2563 1662 2604 de
1697 2562 1986 2604 Fescennino-

1093 2639 1187 2668 rum
1211 2628 1390 2680 0rigine,
1427 2627 1605 2669 Horatii
1637 2627 1768 2668 verba
1802 2628 1984 2681 protuli-

1091 2705 1211 2733 mus:
1241 2693 1254 2716 ‘
1272 2693 1545 2734 Fescennina
1575 2704 1654 2745 per
1672 2693 1786 2733 hunc
1807 2694 1981 2733 inventa

1089 2757 1266 2798 licentia
1282 2769 1459 2810 morem,
1474 2757 1683 2798 Versibus
1703 2757 1882 2798 alternis
1904 2770 1981 2812 op-

1090 2821 1271 2874 probria
1289 2823 1452 2864 rustica
1475 2822 1616 2863 fudit.³
1648 2823 1869 2865 Casaubon.

1149 2884 1312 2927 Vetusto
1330 2899 1382 2927 ex
1407 2899 1513 2927 more
1548 2887 1758 2938 Curetum]
1789 2888 1974 2928 Curetes

1088 2951 1238 3003 populi
1256 2957 1358 2992 sunt
1377 2951 1540 3005 Cretae,
1573 2953 1646 3006 qui
1677 2952 1759 2993 hoc
1793 2952 1978 2994 canendi

1086 3014 1357 3068 saltandique
1373 3028 1507 3067 genus
1529 3017 1654 3068 primi
1675 3017 1891 3058 invenisse
1912 3017 1974 3057 di·-

1086 3085 1244 3120 cuntur
1262 3079 1316 3120 ad
1335 3093 1459 3121 usum
1478 3081 1660 3133 militiae,
1691 3082 1782 3122 sive
1809 3081 1862 3121 ad
1884 3081 1972 3122 cul-

1085 3148 1178 3184 tum
1197 3144 1409 3196 Deorum,
1434 3145 1525 3186 sive
1545 3146 1680 3198 magis
1714 3146 1767 3185 ad
1802 3143 1974 3185 fabulo-

1085 3220 1174 3250 sam
1193 3209 1317 3251 Jovis
1337 3210 1572 3262 originem3
1601 3223 1697 3249 nam
1712 3209 1807 3249 haec
1828 3210 1972 3249 omnia

1081 3272 1240 3314 Strabo
1277 3273 1350 3315 lib.
1369 3285 1412 3315 x.
1445 3274 1584 3314 innuit
1614 3275 1730 3314 circa
1768 3273 1972 3326 medium,

1083 3340 1156 3381 ubi
1189 3341 1243 3380 de
1276 3340 1508 3382 Curetibus
1540 3341 1730 3380 diversas
1767 3346 1966 3382 autorum

1081 3404 1321 3444 sententias
1356 3403 1567 3454 referens,
1590 3402 1777 3443 ‚dubiam
1818 3416 1965 3446 eorum

1080 3467 1382 3519 etymologiam
1399 3466 1464 3506 his
1479 3465 1620 3505 verbis
1636 3477 1730 3506 esse
1743 3467 1934 3508 ostendit
1950 3482 1961 3510 ε

1078 3532 1204 3574 ‘Quo
1241 3530 1307 3584 fit,
1342 3535 1391 3571 ut
1434 3527 1711 3571 multifariam
1755 3531 1963 3573 noscendi
