2288 3990
379 317 519 370 1004

374 453 551 500 processa
566 459 756 487 morarum
770 447 911 486 claram
928 443 967 482 in
986 443 1103 481 lucem
1121 439 1244 478 virtu-

378 515 459 550 tum
483 523 651 551 suarum.
681 511 783 549 Mss.
815 507 907 546 libri
937 515 1079 543 omnes
1098 503 1242 540 claram

377 573 578 613 omittunt
596 586 606 612 t
635 571 836 611 Susianus
852 578 1040 606 morarum
1058 575 1242 615 quoque,

376 637 444 678 cui
460 636 627 677 accedit
642 635 742 673 item
758 629 1100 671 Pulniannianus.
1132 628 1239 669 Quae

376 711 475 740 sane
492 700 575 738 duo
593 696 795 738 vocabula
808 692 945 733 omitti
962 695 1240 742 possunt,nec

374 764 510 803 minus
547 774 629 801 vox
655 770 833 800 suarum.-
861 768 915 795 ex
943 753 1099 805 ineptis
1129 753 1238 793 enim

372 827 521 879 glossis
540 826 630 865 haec
661 825 817 863 inserta
835 821 1047 861 videntur.
1103 818 1154 858 In
1177 824 1238 858 to-

372 895 415 930 ta
450 889 620 941 quidem
651 888 730 926 hac
764 885 978 926 sententia
1015 882 1084 922 vix
1123 882 1237 933 quic-

370 964 495 1005 quam
526 956 592 991 est
617 949 728 1003 quod
747 947 978 988 satisfacit:
1008 946 1050 985 in
1070 945 1238 985 caeteris

370 1027 471 1057 vero
491 1028 584 1067 quae
599 1017 846 1066 sequuntur,
861 1009 1085 1050 Pnlmanni
1101 1009 1237 1048 codex

367 1077 658 1132 praeferendus
687 1075 881 1127 vulgatis,
908 1073 979 1113 ubi
1000 1072 1058 1112 sic
1075 1072 1234 1112 habet:

368 1141 594 1182 verecundia
629 1144 668 1180 et
702 1139 843 1179 laboris
876 1136 1125 1177 meditatione
1160 1135 1236 1186 ipsi

367 1206 557 1245 doctiores
575 1207 679 1244 eunt.
734 1200 976 1242 Restaurari
999 1199 1144 1250 itaque
1163 1210 1236 1250 po-

369 1273 455 1308 test
474 1273 705 1319 utcumque
735 1265 961 1312 sententia,
992 1262 1147 1314 partim
1182 1274 1236 1301 ex

367 1328 624 1375 Coloniensi,
645 1327 798 1379 partim
815 1339 866 1366 ex
884 1326 975 1365 aliis
987 1326 1075 1377 jam
1106 1324 1234 1364 dictis

365 1391 606 1433 codicibus:
634 1391 810 1441 brevique
821 1401 1023 1441 progressu
1042 1400 1235 1428 morarum

361 1458 403 1496 in
421 1458 539 1496 lucem
556 1456 744 1496 virtutum
770 1453 1010 1503 verecundia,
1028 1457 1065 1492 et
1093 1453 1236 1492 laboris

362 1518 610 1559 meditatione
639 1518 715 1570 ipsi
738 1517 925 1557 doctiores
951 1521 1055 1555 eunt.
1107 1515 1230 1566 Pigb.

362 1582 515 1622 Placet
534 1582 661 1632 magis
687 1581 816 1621 lectio
849 1580 1074 1631 Lipsiana:
1109 1579 1232 1618 breri-

361 1657 432 1696 que
461 1657 769 1696 processurarum
803 1645 993 1683 virtulum
1022 1644 1232 1682 verecunda

363 1715 399 1749 et
440 1709 628 1749 laboriosa
659 1708 921 1757 meditatione,
973 1707 1049 1758 ipsi
1088 1708 1232 1746 doctio-

330 1780 335 1784 ’
359 1785 422 1813 res
440 1778 564 1813 erant.
621 1773 750 1824 Apud
766 1771 1116 1811 Sarisberiensem
1138 1771 1231 1810 talis

362 1837 518 1877 lectio:
556 1837 731 1888 brevique
758 1848 935 1888 processu
954 1836 995 1875 in
1013 1837 1133 1875 lucem
1152 1836 1230 1875 vir-

361 1905 488 1941 tutum
512 1912 670 1941 suarum
696 1903 910 1940 verecunda
938 1901 1078 1940 laboris
1111 1900 1231 1940 medi·

363 1963 524 2013 tatione,
541 1966 607 2014 ᾅτ.
638 1964 776 2003 Coler.

415 2027 437 2077 ᾧ
459 2029 508 2064 10
522 2025 588 2066 Ad
600 2026 734 2076 tibias]
753 2025 909 2064 Tullius
921 2026 1048 2066 Tusc.
1066 2027 1231 2068 Quaest.

361 2089 434 2128 lib.
455 2101 486 2128 1.
515 2091 526 2111 ‘
545 2089 648 2128 Sero
668 2089 796 2140 igitur
820 2088 966 2129 Poe'tae
989 2091 1143 2129 nostris
1165 2091 1231 2130 vel

361 2155 510 2206 agniti,
540 2155 604 2194 vel
641 2155 830 2205 recepti:
877 2166 1129 2206 quamquam
1167 2161 1232 2193 est

361 2219 402 2258 in
426 2218 691 2270 Originibus,
721 2218 863 2257 solitos
901 2230 991 2257 esse
1020 2218 1064 2257 in
1094 2219 1229 2270 epulis

358 2294 514 2322 canere
534 2282 731 2321 convivas
751 2281 802 2320 ad
826 2282 1043 2321 tibicinem
1070 2281 1124 2321 de
1145 2283 1229 2322 cla·

360 2355 500 2384 rorum
519 2344 730 2383 hominum
745 2344 1000 2384 virtutibus)
1032 2344 1142 2384 Item
1159 2357 1227 2384 eo-

359 2410 456 2450 dem
494 2411 601 2450 libro
639 2412 804 2452 Quaest.
843 2422 906 2451 iv.
948 2411 1092 2451 ‘Nam
1131 2424 1228 2451 cum

318 2489 324 2501 ·
357 2474 613 2514 carminibus
647 2474 756 2513 soliti
777 2475 838 2513 illi
859 2487 950 2513 esse
966 2474 1164 2515 dicantur
1183 2481 1227 2514 et

357 2543 579 2590 praecepta
597 2538 789 2590 quaedam
810 2540 1019 2579 occultius
1041 2540 1227 2591 tradere,

359 2608 404 2641 et
429 2608 592 2640 mentes
612 2614 704 2640 suas
723 2614 745 2640 a
765 2604 1066 2647 cogitationum
1089 2604 1227 2644 inten-

358 2667 536 2714 tatione,
569 2672 698 2705 cantu
748 2666 986 2720 fidibusque
1023 2669 1075 2708 ad
1111 2675 1227 2709 tran·

357 2729 609 2782 quillitatem
661 2730 902 2781 traducere,
958 2733 1228 2783 gravissimus

359 2799 507 2832 auctor
527 2792 568 2831 in
597 2793 843 2843 Originibus
876 2795 982 2836 dixit
1003 2797 1123 2847 Cato,
1144 2811 1228 2838 mo-

359 2867 446 2894 rem
485 2855 595 2906 apud
639 2856 818 2907 majores
862 2857 973 2897 hunc
1010 2861 1228 2910 epularum

357 2916 505 2968 fuisse,
543 2923 590 2957 ut
619 2917 822 2970 deinceps
852 2921 922 2972 qui
955 2923 1230 2974 accubarent,

358 2986 560 3020 canerent
580 2980 633 3018 ad
656 2980 798 3020 tibiam
816 2983 1021 3023 clarorum
1045 2986 1227 3025 virorum

358 3043 506 3084 laudes
552 3049 681 3095 atque
722 3044 930 3085 virtutes!
985 3050 1049 3088 Ad
1090 3050 1229 3102 tibias]

357 3108 465 3148 Erat
486 3106 590 3146 tibia
610 3106 763 3146 dextra
783 3109 849 3147 vel
869 3118 1012 3150 recta:
1041 3118 1083 3151 et
1105 3114 1227 3153 sinis-

358 3175 426 3210 tra
462 3182 535 3209 seu
554 3170 748 3222 obliqua;
781 3172 931 3211 dextra
951 3181 1041 3214 erat
1064 3182 1154 3215 tota
1174 3190 1227 3216 ex

357 3246 451 3274 osse
484 3234 552 3272 vel
588 3234 716 3278 buxo,
753 3235 931 3276 sinistrae
962 3244 1055 3278 erat
1091 3240 1227 3280 codon

357 3310 411 3337 ex
451 3309 585 3337 cornu
631 3297 858 3340 adnexum.
933 3301 1040 3341 Vide
1090 3303 1225 3356 Hesy-

358 3362 510 3401 chium.

412 3422 658 3472 Superior-um
673 3424 806 3475 opera]
826 3390 919 3464 Hoc
938 3427 1104 3466 unicum
1123 3429 1230 3479 pris-

358 3496 430 3525 coi
435 3496 500 3523 um
522 3484 686 3524 illorum
713 3483 913 3525 Italorum
946 3487 1230 3530 Historiarum

354 3552 401 3587 et
420 3545 646 3587 Annalium
668 3559 827 3598 genus:
864 3560 944 3590 nec
965 3562 1116 3591 canere
1139 3558 1228 3593 tan·

902 371 904 374 y
945 323 1115 363 NorAE
1156 321 1485 360 vAmoRnM
1529 320 1594 358 nx·

1304 443 1408 487 tum,
1426 437 1501 476 sed
1521 436 1652 476 etiam
1673 447 1844 475 narrare
1861 434 2055 476 solebant
2075 447 2174 487 pue-

1304 503 1358 541 ris
1378 501 1582 552 majorum
1600 499 1728 539 fortia
1742 498 1873 539 facta.
1904 506 1906 509 ’
1926 499 2101 540 Servius
2120 498 2175 539 ad

1303 565 1468 605 AEneid.
1503 576 1533 605 1.
1578 563 1730 615 ‘Apud
1771 570 1940 604 veteres
1972 563 2176 604 Historiae

1302 630 1381 669 boc
1403 641 1533 680 genus
1549 627 1646 678 fuit,
1663 633 1710 668 ut
1728 628 1910 680 majores
1930 634 2035 668 natu
2054 633 2174 668 ante-

1301 698 1399 731 acta
1419 692 1604 744 posteris
1621 691 1878 742 indicarent,
1894 690 2007 744 quod
2026 691 2096 731 bic
2114 690 2175 729 in*-

1299 754 1417 794 dicat
1454 754 1600 794 locus!
1657 755 1816 795 Lucan.
1833 753 2042 805 *apertius
2078 765 2175 795 cum

1299 822 1415 857 esset
1434 817 1487 856 de
1502 815 1656 856 Antaeo
1670 817 1907 867 locuturus,
1920 817 2006 856 ait:
2035 817 2048 840 ⁴
2064 817 2174 869 Cog-

1299 881 1385 920 nita
1425 892 1502 932 per
1529 881 1682 920 multos
1710 879 1856 919 docuit
1885 879 2002 919 rudis
2031 879 2174 919 incola

1299 944 1472 997 patres!
1526 945 1645 984 Idem
1683 944 1895 995 Hispanos
1921 942 2022 983 olim
2050 941 2174 982 facti-

1299 1015 1411 1048 tasse
1444 1009 1486 1048 in
1516 1008 1754 1060 procinctu,
1781 1006 1910 1046 docet
1935 1006 2048 1046 idem
2076 1006 2174 1046 Ser-

1299 1073 1389 1112 vius
1419 1085 1472 1112 ex
1493 1072 1710 1112 Sallustio.
1768 1071 1835 1111 De
1855 1070 2174 1111 Germanisi'l'a-

1296 1136 1422 1176 citus.
1454 1137 1625 1176 Colerus.

1351 1199 1602 1251 Pangebant]
1635 1198 1871 1239 Canebant.

1352 1264 1574 1315 Defuncto]
1603 1263 1741 1303 Aliter
1759 1260 1919 1314 effoeta,
1945 1261 1988 1302 id
2009 1266 2092 1313 est,
2111 1261 2171 1301 vi-

1297 1326 1415 1367 ribus
1437 1329 1657 1368 exhausta.

1352 1391 1526 1441 Camilli,
1567 1391 1656 1442 nc]
1719 1390 1952 1430 Notissima
1986 1389 2172 1431 Virtutis

1297 1455 1464 1495 nomina
1484 1454 1598 1506 apud
1626 1454 1852 1496 Romanos.

1352 1520 1449 1558 Coeli
1476 1519 1572 1558 clm
1559 1531 1691 1559 issima
1713 1519 1845 1570 pais]
1854 1518 1941 1561 Qui
1972 1518 2015 1558 in
2044 1518 2171 1595 coelos

1293 1582 1489 1622 translati
1508 1594 1601 1621 esse
1629 1586 1850 1632 putantur.

1349 1647 1544 1687 CAP.11.
1588 1647 1610 1699 ς
1646 1649 1666 1685 1
1701 1645 1832 1685 Tertio
1865 1644 2019 1686 Punico
2055 1644 2169 1695 bello]

1294 1711 1457 1762 Saepius
1477 1710 1684 1762 agitatum
1699 1716 1765 1749 est
1783 1709 1836 1748 de
1855 1709 1987 1750 tertio
2003 1708 2168 1749 Punico

1294 1774 1420 1825 bello,
1439 1780 1484 1814 et
1502 1774 1632 1814 tertio
1653 1773 1758 1824 dixi,
1773 1772 1873 1825 quia
1891 1770 1975 1812 fuit
1989 1770 2170 1823 primuni

1294 1843 1338 1878 et
1357 1838 1606 1878 secundum.
1663 1836 1855 1876 Primum
1883 1834 1996 1887 quod
2024 1832 2171 1875 confe-

1294 1901 1354 1942 cit
1369 1902 1417 1942 C.
1441 1901 1680 1952 Luctatius,
1699 1900 1742 1939 in
1763 1911 1847 1952 quo
1863 1900 2038 1940 Marcus
2053 1898 2170 1939 Atti-

1291 1966 1371 2004 lius
1409 1966 1597 2017 Regulus
1643 1971 1795 2016 captus
1831 1963 1929 2014 fuit,
1965 1968 2012 2003 et
2049 1963 2172 2015 gravi

1292 2029 1501 2080 supplicio
1539 2027 1730 2067 affectus.
1796 2026 2054 2078 Secundum,
2099 2025 2171 2066 cui

1291 2091 1418 2132 finem
1438 2092 1644 2144 imposuit
1674 2091 1818 2142 Scipio
1845 2089 2071 2131 Africanus
2101 2102 2170 2129 su-

1293 2157 1449 2208 perior.
1494 2156 1683 2195 Tertium
1706 2155 1754 2194 P.
1775 2154 1919 2206 Scipio
1936 2151 2168 2193 Africanus

1291 2220 1469 2260 inferior
1511 2219 1716 2260 confecit.
1791 2218 1972 2258 Constat
2013 2215 2170 2268 saepius

1289 2299 1338 2336 a„
1326 2287 1491 2326 itatam
1521 2285 1652 2324 fnisse
1683 2285 1791 2324 hanc
1818 2295 1904 2322 rem
1923 2281 1965 2321 in
1992 2281 2171 2328 Senatu,

1291 2351 1392 2403 quia
1412 2350 1494 2389 duo
1523 2346 1864 2401 praestantissimi
1885 2345 1964 2385 viri
1985 2345 2098 2384 inter
2123 2356 2169 2384 se

1291 2413 1631 2460 dissentiebant3
1672 2411 1779 2451 Cato
1827 2409 1996 2449 scilicet
2030 2413 2077 2451 et
2117 2406 2170 2446 P.

1292 2477 1435 2529 Scipio
1467 2477 1652 2517 Nasica.
1691 2486 1787 2514 nam
1815 2474 1922 2514 Cato
1957 2470 2172 2511 sentiebat

1291 2542 1450 2582 beilum
1498 2539 1785 2588 inferendum,
1828 2543 1873 2577 et
1908 2534 2170 2576 succedente

1289 2605 1467 2646 victoria
1501 2602 1776 2643 evertendam
1815 2612 1908 2640 esse
1947 2599 2168 2650 Carthagi-

1289 2685 1400 2722 nem,
1422 2684 1515 2724 quae
1543 2681 1659 2721 saepe
1687 2667 1848 2708 foedera
1867 2665 2085 2718 frangeret
2107 2672 2170 2706 to-

1293 2739 1458 2789 tiesque
1475 2735 1719 2774 rebellaret.
1773 2733 1833 2771 At
1851 2730 1999 2782 Scipio
2019 2733 2169 2770 contra

1291 2800 1610 2853 relinquendam
1639 2810 1749 2843 esse,
1786 2802 1834 2836 ut
1870 2795 2030 2836 bellum
2062 2791 2167 2835 illud

1292 2863 1545 2904 exercitatio
1582 2858 1775 2914 quasdam
1810 2858 1923 2899 foret
1948 2858 2170 2910 juventuti

1292 2929 1511 2976 Romanae,
1532 2937 1627 2977 quae
1662 2923 1784 2963 bellis
1819 2927 2004 2972 assueta,-
2034 2922 2171 2960 otiosa

1292 3003 1386 3030 esse
1419 2990 1535 3028 nullo
1564 2987 1688 3027 modo
1715 2990 1873 3038 posset.
1928 2985 2171 3025 Verebatur

1292 3055 1401 3093 enim
1454 3052 1495 3092 id
1539 3050 1726 3090 futurum
1763 3050 1876 3101 quod
1917 3048 2077 3098 evenit,
2113 3058 2168 3086 ne

1293 3118 1471 3157 subacta
1486 3115 1760 3166 Carthagine,
1772 3112 2084 3164 debellatisque
2098 3121 2172 3150 ex·

1295 3181 1396 3221 teris
1416 3179 1631 3230 gentibus,
1652 3190 1748 3217 curn
1779 3176 1981 3216 deessent
2007 3176 2169 3222 hostes,

1291 3244 1333 3282 in
1355 3255 1400 3282 se
1421 3243 1536 3294 ipsos
1552 3253 1668 3281 arma
1678 3230 2006 3286 converterent3
2027 3243 2170 3276 tamen

1291 3307 1524 3346 secundum
1540 3305 1602 3345 M.
1621 3303 1794 3344 Catonis
1811 3301 2060 3341 sententiam
2077 3297 2170 3339 fac-

1293 3378 1380 3409 tum
1402 3375 1465 3408 est
1486 3365 1929 3413 Senatusconsultum,
1946 3369 1994 3403 ut
2011 3363 2170 3403 bellum

1294 3430 1711 3482 Carthaginiensibus
1739 3425 1983 3476 inferretur,
2001 3433 2045 3465 et
2072 3425 2171 3466 sub-

1295 3502 1391 3536 acta
1413 3493 1626 3544 Carthago
1645 3494 1926 3531 everteretur.
1967 3489 2116 3529 Oliver.

1343 3556 1521 3607 Memor]
1553 3555 1673 3596 Dicit
1694 3565 1913 3606 quareper
1927 3552 2169 3605 impruden-
