2346 3996
551 248 811 309 manau
854 266 1094 306 MAx1M1
1142 269 1262 307 ma.
1293 267 1374 305 vr.
1414 267 1545 306 cAP.
1573 254 1624 307 2.

176 394 292 436 ferre
312 393 456 443 vellet,
475 403 500 430 a
521 391 568 431 L.
590 387 764 441 Opimio
792 387 958 428 occisus
978 390 1056 426 est.

181 460 329 500 Oliver.
388 458 436 496 C.
460 453 606 504 Carbo]
640 453 688 493 C.
711 452 859 492 Filius.
888 451 942 491 de
973 463 1058 503 quo

177 522 334 563 Cicero
364 519 418 560 de
451 519 637 559 Oratore
667 516 742 556 lib.
763 527 838 557 111.
894 515 1058 554 Praeto-

174 585 262 624 rius
282 583 381 623 fuit.
438 582 566 621 Coler.
739 604 741 606 -

229 647 284 688 Ρ.
310 644 564 695 Africanum]
593 643 680 686 Qui
724 647 906 694 propter
950 642 1060 682 hanc

175 710 230 751 de
248 709 447 751 Graccho
466 700 728 748 sententiam
747 706 942 757 proxima
962 717 1060 746 noc-

174 781 221 816 te
241 773 327 816 fuit
359 775 644 825 interemptus
671 772 715 811 in
745 771 943 815 cubiculo
969 783 1059 818 suo,

176 844 226 879 ut
253 837 436 878 diximus
465 837 508 877 in
540 849 636 889 cap.
656 834 710 875 de
742 834 1059 876 Moderatione.

178 904 331 944 Oliver.
771 912 773 914 ’

230 968 431 1020 Sororem]
458 969 767 1021 Semproniam.

230 1034 465 1074 Incrementa·
497 1032 680 1084 multum]
723 1032 909 1073 Multum
946 1031 1058 1071 enim

176 1098 365 1139 auxisset
385 1098 531 1151 populi
558 1096 746 1138 furorem
777 1109 854 1136 sua
874 1095 1059 1136 auctori-

176 1167 268 1202 tate
298 1162 459 1214 Scipio,
478 1162 512 1202 si
534 1161 778 1202 Gracchum
811 1159 939 1212 impie
974 1172 1058 1200 cae-

177 1238 268 1266 sum
288 1227 482 1266 dixisset.
538 1226 664 1265 Idem.

229 1291 332 1330 Jure
348 1289 509 1341 coesum]
549 1291 702 1330 Florus
722 1295 866 1330 tamen
890 1289 965 1329 lib.
986 1302 1058 1330 111.

175 1365 270 1405 cap.
294 1356 360 1394 14.
404 1356 415 1376 ‘
438 1353 583 1406 Atque
619 1353 682 1394 ita
716 1353 824 1393 duce
857 1353 1059 1405 Scipione

176 1417 354 1469 Nasica,
389 1417 608 1458 concitato
650 1416 693 1456 in
730 1429 848 1457 arma
885 1417 1061 1469 populo,

175 1480 295 1533 quasi
307 1480 410 1532 jure
426 1491 655 1532 oppressus
673 1479 773 1519 est!
821 1480 949 1520 Coler.

230 1544 354 1584 Italia
383 1542 561 1595 noverca]
589 1542 680 1583 Aut
713 1542 826 1596 quod
854 1555 937 1582 non
967 1543 1058 1583 veri

175 1609 294 1648 cives
332 1608 472 1649 Italiae
507 1606 663 1658 forent,
701 1607 862 1660 qnippe
893 1607 1058 1659 captivi

174 1673 304 1725 paulo
320 1679 420 1713 ante
438 1672 481 1712 in
500 1671 759 1723 triumphum
778 1671 969 1719 adducti,
982 1676 1058 1711 aut

175 1744 294 1778 certe
327 1737 397 1790 qui
427 1748 511 1776 non
545 1736 674 1776 aliter
704 1735 874 1775 Italiam
905 1735 1056 1788 dilige-

173 1805 286 1852 rent,
303 1813 353 1842 ac
371 1801 405 1840 si
425 1791 505 1840 sibi
526 1811 714 1840 noverca
728 1797 859 1848 foret,
879 1800 958 1840 hoc
973 1805 1055 1851 est,

97 1867 102 1870 ”
173 1865 244 1918 qui
264 1865 396 1906 nihilo
426 1866 522 1916 plus
556 1868 703 1903 amant
726 1863 910 1915 Italiam,
930 1876 1056 1917 quam

173 1929 358 1982 privigni
376 1940 621 1969 novercam.
681 1927 832 1967 Oliver.

230 1993 340 2039 Quos
361 1993 561 2045 alligatos]
589 1992 754 2032 Plinius
781 1991 901 2042 dicit,
921 1992 1055 2044 “quos

174 2055 254 2096 sub
272 2067 431 2097 corona
462 2055 664 2096 vendidi.'
721 2056 827 2101 Quos
856 2055 1058 2109 alligatos]

172 2120 285 2162 Nam
315 2120 473 2160 multos
508 2131 562 2160 ex
595 2120 723 2172 plebe
756 2121 963 2169 Romana,
985 2121 1056 2174 qui

172 2184 216 2224 in
246 2183 661 2235 Carthaginiensium
691 2189 738 2224 et
772 2184 1058 2225 Numantino-

172 2257 267 2284 rum
305 2245 604 2298 captivitatem
641 2252 865 2297 venerant,
902 2246 1057 2286 libera-

172 2313 309 2361 verat,
327 2314 373 2349 et
392 2307 592 2350 libertate
610 2309 859 2350 donaverat.
892 2310 1039 2351 Oliver.

232 2371 387 2424 Patris]
416 2373 544 2413 Pauli
574 2372 744 2423 AEmilii,
775 2372 847 2425 qui
881 2385 977 2412 eum
1012 2374 1055 2412 in

171 2436 374 2477 familiam
402 2437 653 2489 Scipionum
677 2448 754 2488 per
780 2436 1056 2489 adoptionem

173 2500 408 2541 transtulit.
465 2499 588 2540 Idem.

226 2563 480 2615 Devictaeque
510 2563 768 2613 Carthaginis
797 2564 920 2616 spolia
951 2560 1056 2604 hab'i-

171 2628 240 2681 ια]
281 2628 351 2670 Ita
391 2630 532 2682 vulgo.
602 2630 779 2670 Rectius
816 2630 858 2670 in
897 2630 1056 2670 Cauch.

171 2693 522 2745 Batavico,avita
550 2694 701 2745 spolia‚·
728 2695 919 2747 loquitur
943 2696 1056 2735 enim

170 2755 229 2796 de
240 2756 428 2797 victoriis
442 2755 638 2797 Africani
655 2758 852 2810 Majoris,
867 2759 937 2812 qui
952 2772 1056 2799 avus

174 2817 387 2860 AEmiliani
417 2819 513 2860 fuit.
569 2821 780 2863 Quaedam
816 2827 963 2862 vetera
985 2836 1056 2862 ex-

172 2883 379 2935 emplaria
406 2883 672 2935 adjectivum
704 2885 811 2926 illud
834 2886 1053 2927 omittunt.

225 3009 440 3063 Syphacis]
469 3011 610 3054 Quem
643 3024 748 3053 avus
776 3013 870 3065 ejus
890 3013 1055 3066 adopti-

171 3083 248 3112 vus
310 3071 546 3115 Africanus
603 3077 800 3128 superior
859 3084 1053 3130 ceperat.

174 3137 294 3177 Idem.

222 3201 459 3255 Libertatis]
488 3204 707 3247 Quantum
724 3205 775 3244 ad
791 3205 1054 3258 libertatem,

171 3275 246 3304 seu
266 3274 466 3318 respectu
487 3268 699 3310 libertatis
717 3269 944 3320 Scipionis.

220 3329 292 3380 §4
313 3329 570 3383 Quapropter,
604 3331 693 3384 lje]
723 3333 916 3384 Contigit
945 3345 1053 3374 anno

173 3387 303 3428 Urbis
321 3400 481 3433 ncxvr.

227 3450 439 3493 Manilium
482 3455 683 3510 Crispum]
726 3458 788 3497 M.
826 3459 966 3499 Varro
1009 3460 1052 3499 in

174 3517 485 3557 commentariis
502 3519 587 3559 suis
606 3533 631 3560 a
658 3522 708 3561 T.
728 3521 868 3562 Annio
887 3523 1053 3564 Milone

1865 253 2012 306 1219>

1122 386 1162 425 iu
1183 386 1394 428 adulterio
1412 386 1727 439 deprehensum
1749 384 1882 424 fuisse
1903 385 2007 425 scri·

1122 449 1204 499 bit,
1224 462 1304 490 nec
1325 451 1442 502 prius
1457 450 1690 503 dimissum,
1706 462 1837 503 ‚quam
1855 450 2007 502 grandi

1122 514 1313 564 pecunia·
1345 515 1571 554 multatum
1608 514 1794 566 lorisque
1831 526 2006 554 caesum.

1124 577 1249 618 Quod
1290 577 1510 617 Ciceronis
1561 590 1729 631 quoque
1766 578 2010 618 testimonio

1124 640 1415 692 confirmatur,
1433 644 1504 695 qui
1524 643 1629 683 dicit
1647 642 1713 682 bis
1746 642 2009 696 adjudicium

1124 707 1324 747 subsellia
1361 714 1543 748 tractum
1593 714 1787 750 extrema
1833 707 2009 749 fortuna

1123 773 1311 823 stetisse,
1337 779 1382 813 et
1403 774 1462 813 ita
1481 775 1795 826 decessisse,-ut
1812 788 1896 815 nou
1917 776 2015 828 ipse

1123 837 1345 887 inuocem,
1362 837 1435 877 sed
1456 838 1627 888 judices
1657 839 1880 891 pejerasse
1900 841 2011 880 exis-

1126 901 1393 943 timarentur.
1453 903 1602 944 Obiter.

1180 966 1247 1006 Da
1277 965 1447 1018 (inquit)
1464 969 1582 1006 vades
1616 967 1732 1019 reip]
1762 967 1833 1008 Ita
1867 969 2010 1020 vulgo.

1125 1030 1175 1070 In
1193 1031 1420 1084 Campensi
1440 1031 1632 1084 aliisque,
1650 1035 1815 1084 praedes.
1860 1034 2013 1074 Recte.

1126 1096 1287 1136 Proedes
1304 1097 1415 1136 enim
1439 1097 1597 1149 populo
1619 1099 1686 1137 vel
1707 1099 1816 1149 reip.
1837 1110 1881 1137 se
1903 1098 2012 1137 obli-

1123 1166 1239 1211 gant,
1258 1160 1511 1212 interrogati
1532 1174 1556 1200 a
1570 1163 1824 1214 magistratu
1842 1164 1884 1202 in
1906 1161 2013 1212 pub-

1123 1223 1254 1264 licum
1287 1229 1333 1265 ut
1351 1231 1577 1277 praestent.
1632 1226 1853 1268 Auctores
1872 1227 2011 1266 Varro

1125 1294 1169 1328 et
1192 1289 1359 1328 Festus.
1419 1290 1538 1340 Pigh.

1179 1352 1225 1391 Si
1260 1353 1496 1404 postulatus]
1525 1353 1570 1393 Si
1604 1358 1830 1394 accusatus
1849 1353 2013 1394 fueris:

1125 1428 1219 1455 nam
1243 1417 1451 1468 postulari
1481 1423 1548 1457 est
1584 1418 1770 1457 criminis
1789 1417 2010 1470 injudicio

1125 1479 1368 1532 quempiam
1387 1480 1594 1519 accusari.
1643 1481 1792 1520 Oliver.

1181 1543 1363 1595 Per-egit]
1390 1542 1632 1584 Secundum
1648 1545 1785 1596 legem
1807 1556 2015 1584 accusan-

1124 1607 1192 1646 do.

1178 1670 1441 1723 Professz‘one]
1471 1671 1582 1715 Quia
1616 1670 1834 1724 professus
1867 1677 1935 1712 est
1965 1684 2018 1712 se

1123 1741 1440 1776 accusaturum.

1176 1800 1198 1851 ς
1219 1803 1241 1839 5
1267 1799 1374 1845 Quid
1402 1812 1509 1850 ergo,
1527 1799 1612 1852 ἄμμ]
1641 1799 1752 1840 Cato
1769 1799 1810 1838 iu
1830 1798 2012 1839 Senato-

1122 1875 1211 1904 rem
1259 1877 1378 1904 reum
1420 1865 1559 1917 judex
1600 1864 1798 1917 Pompeii
1835 1863 2013 1903 tabellas

1121 1931 1366 1979 summovit,
1384 1943 1479 1982 quae
1513 1930 1624 1970 illius
1650 1930 1797 1969 laudes
1816 1929 2013 1969 contiue-

1122 1993 1241 2035 bant.
1297 1995 1361 2035 M.
1380 1995 1589 2034 Scaurum
1619 1994 1710 2034 sine
1729 1994 1859 2034 dubio
1881 1992 2011 2032 fuisse

1121 2059 1417 2110 intelligimus,
1455 2057 1570 2098 sicut
1606 2057 1853 2110 plenissime
1892 2057 2012 2096 dire-

1121 2135 1220 2162 mus>
1234 2123 1306 2163 lib.
1328 2134 1394 2164 lx.
1415 2135 1510 2175 cap.
1532 2127 1568 2164 1.
1628 2123 1738 2162 Nam
1759 2122 1800 2161 in
1829 2121 2013 2173 eojudi-

1120 2187 1186 2226 oio
1200 2187 1242 2225 in
1260 2199 1344 2239 quo
1360 2186 1693 2239 repetundarum
1710 2186 2011 2237 accusabatur,

1119 2249 1404 2289 laudaverunt
1432 2250 1637 2290 Scaurum
1671 2250 1916 2290 consulares
1938 2262 2013 2290 no-

1120 2326 1354 2366 vem,quos
1389 2314 1608 2354 nominare
1642 2326 1726 2353 non
1757 2314 1941 2366 pigeret,
1975 2313 2012 2352 si

1121 2391 1188 2418 res
1235 2379 1342 2418 illud
1391 2378 1674 2425 desideraret,
1719 2377 2017 2421 laudaverunt

1119 2454 1264 2482 omnes
1299 2454 1376 2493 per
1415 2441 1636 2493 tabellam,
1674 2441 1787 2480 inter
1819 2452 1893 2480 eos
1928 2440 2010 2480 Cn.

1120 2505 1355 2557 Pompeius
1394 2517 1591 2558 quoque3
1632 2517 1731 2544 nam
1769 2505 1868 2557 quia
1913 2516 2014 2556 pro-

1120 2571 1266 2610 consul
1288 2576 1384 2610 erat
1414 2574 1538 2610 extra
1568 2569 1716 2609 urbem
1749 2568 2010 2609 morabatur.

1122 2634 1238 2674 Hinc
1259 2633 1361 2673 illud
1384 2634 1425 2672 in
1453 2633 1659 2686 Epistolis
1698 2632 1916 2673 Ciceronis
1951 2632 2012 2671 in·

1121 2699 1259 2749 telligi
1298 2704 1472 2750 potest:
1521 2703 1532 2720 ‘
1569 2696 1813 2738 Recordare
1852 2696 2007 2749 quibus

1119 2763 1163 2802 in
1187 2762 1345 2802 ultimis
1362 2763 1486 2802 terris
1504 2761 1793 2801 laudationem
1814 2759 2013 2800 miseris.’

1123 2827 1276 2866 Oliver.

1174 2889 1401 2930 Senatorem
1444 2884 1667 2941 nocentem]
1714 2889 2006 2942 Intelligimus

1116 2952 1342 3004 Scaurum,
1364 2952 1437 3005 qui
1458 2965 1480 2992 a
1510 2953 1682 2993 tribuno
1716 2953 1852 3005 plebis
1881 2965 2008 2992 accu-

1117 3016 1308 3067 sabatur,
1328 3016 1442 3069 quod
1462 3017 1687 3069 pecuniam
1718 3016 1962 3067 accepisset
1983 3028 2008 3054 a

1116 3081 1347 3132 Jugnrtha,
1385 3091 1480 3120 cum
1531 3081 1734 3132 princeps
1781 3079 2005 3129 legationis

1119 3148 1248 3189 esset,
1270 3144 1338 3182 vel
1359 3143 1472 3195 quod
1504 3144 1662 3183 Sardos
1681 3143 1930 3194 expilasset‚
1960 3150 2005 3180 et

1118 3212 1222 3245 tunc
1267 3207 1381 3247 Cato
1436 3208 1641 3260 princeps
1690 3206 1846 3258 judicii
1893 3209 2002 3245 erat.

1121 3270 1273 3309 Oliver.

1175 3333 1370 3385 Pompeii]
1412 3333 1497 3375 Qui
1534 3331 1758 3384 proconsul
1799 3336 1909 3379 erat,
1959 3334 2003 3370 et

1117 3397 1213 3437 ideo
1234 3399 1379 3436 venire
1400 3410 1482 3436 non
1505 3402 1674 3447 poterat
1694 3396 1735 3433 iu
1757 3394 1919 3433 urbem.

1174 3461 1263 3500 Tali
1294 3460 1462 3510 auxilio]
1507 3460 1594 3498 Per
1633 3458 1815 3498 tabellas
1851 3457 1904 3496 ab
1931 3455 2002 3499 ab·

1118 3525 1311 3565 sentibus
1333 3525 1497 3563 missas.
