2346 3996
581 291 845 334 VALERn
888 288 1129 328 MAxrm
1171 287 1290 326 mn.
1320 288 1455 327 vm.
1496 286 1633 327 cAP.
1662 274 1750 327 10.

259 414 562 469 temperandos
590 409 961 466 pronunciationis
989 407 1138 448 modos

259 481 480 523 Gracchus
500 478 687 531 peritum
713 474 887 515 musicae
919 472 1023 513 artis
1052 483 1138 511 ser-

256 555 356 583 vum
380 540 709 588 concionaturus
741 534 950 586 adhibuit,
985 539 1033 573 ut
1068 533 1137 572 vel

254 601 819 649 intentionemsemitteret,
837 599 903 638 vel
925 595 1136 638 remissio-

251 679 344 708 rem
364 678 510 707 vocem
529 665 789 706 intenderet.
817 662 982 703 Gellius
1003 661 1134 701 Noct.

253 731 350 772 Att.
379 730 452 770 lib.
474 742 507 769 1.
535 742 576 769 c.
612 732 678 769 11.
721 729 865 768 ‘Ecce
885 732 1027 767 autem
1054 736 1133 776 pro

253 794 430 836 tibicina
451 793 677 843 Laconica,
694 791 810 832 tibiae
830 801 1000 844 quoque
1019 788 1134 828 illius

253 856 587 898 concionatoriae
600 857 643 896 in
653 861 839 896 mentem
852 854 1136 905 venit,quam,

255 921 305 962 C.
322 920 523 961 Graccho
542 922 638 960 cu'm
653 920 812 972 populo
832 923 1003 970 agente,
1023 929 1133 968 prae-

251 984 337 1024 isse
347 996 397 1025 ac
407 989 760 1039 praemonstrasse
771 981 963 1022 modulos
973 979 1133 1021 ferunt.

251 1047 339 1087 Sed
358 1041 624 1117 nequaquam
656 1046 717 1085 sic
750 1049 834 1096 est,
866 1050 916 1084 ut
947 1056 972 1083 a
1004 1044 1132 1095 vulgo

251 1109 428 1160 dicitur,
445 1121 599 1150 canere
614 1108 921 1162 tibialsolitum,
937 1107 1008 1160 qui
1021 1119 1130 1159 pone

249 1172 371 1214 illum
416 1173 661 1226 loquentem
708 1177 866 1223 staret,
915 1170 1130 1223 variisque

248 1235 385 1276 modis
402 1240 492 1276 tum
512 1235 759 1276 demulcere
789 1236 976 1275 animum
995 1235 1130 1275 actio-

247 1311 431 1353 nemque
451 1300 565 1352 ejus,
590 1290 691 1340 'tum
711 1299 959 1340 incendere.
1015 1299 1130 1341 Quid

249 1363 360 1404 enirn
377 1363 490 1405 foret
504 1377 556 1405 ea
576 1377 622 1404 re
635 1365 849 1416 ineptius?
878 1364 914 1403 si
932 1368 978 1404 ut
995 1364 1129 1416 plani-

250 1426 352 1478 pedi
370 1428 635 1474 saltanti‚ita
645 1427 840 1468 Graccho
858 1427 1129 1468 concionanti

245 1503 446 1532 numeros
463 1496 509 1531 et
517 1477 679 1542 morffls,
695 1496 741 1532 et
753 1490 1131 1544 frequentamenta

246 1554 442 1607 quaedam
462 1556 759 1608 varia,tibicen
771 1555 1012 1596 incineret?
1041 1555 1129 1595 Sed

245 1619 319 1671 qui
333 1619 413 1660 hoc
431 1618 691 1673 compertius
711 1619 925 1660 memoriae
941 1618 1128 1659 tradide-

246 1687 365 1733 runt,
400 1683 574 1723 stetisse
606 1683 648 1723 in
669 1683 1044 1724 circumstantibus
1064 1682 1128 1723 di-

245 1749 353 1785 cunt
383 1747 626 1794 occultius‚'
639 1748 710 1800 qni
729 1746 873 1787 fistula
892 1746 1011 1787 brevi
1031 1758 1127 1786 sen-

243 1807 323 1848 sim
351 1809 668 1861 graviusculum
696 1822 844 1850 sonum
878 1809 1123 1863 inspiraret,

241 1870 297 1911 ad
309 1870 637 1924 deprimendum
652 1873 973 1926 sedandumque
992 1874 1124 1925 impe·

242 1939 336 1975 tum
354 1929 468 1976 vocis
484 1937 592 1989 ejus.
645 1936 984 1978 Refervescente
1004 1950 1122 1978 nam-

240 2011 333 2054 que
362 2001 545 2052 impulsu
581 2005 629 2041 et
659 2001 867 2042 instinctu
916 2006 1122 2042 extraneo

238 2063 444 2102 naturalis
463 2063 536 2102 illa
554 2063 740 2104 Gracchi
760 2065 1028 2104 vehementia
1058 2065 1121 2104 in-

239 2124 428 2177 diguisse
444 2137 542 2179 non,
560 2133 609 2167 ut
623 2128 790 2180 opinor,
805 2128 1119 2170 existimanda?

239 2189 306 2230 M.
324 2196 468 2229 tamen
488 2190 643 2231 Cicero
674 2191 959 2232 fistulatorem
992 2192 1120 2232 istum

239 2251 411 2305 utrique
447 2253 510 2293 rei
547 2253 786 2294 adhibitum
806 2267 898 2295 esse
919 2255 1119 2295 Graccho

235 2320 382 2367 putat,
410 2320 457 2356 ut
475 2317 589 2357 sonis
606 2322 696 2357 tum
717 2318 914 2370 placidis,
939 2325 1028 2359 tum
1058 2318 1117 2358 ci-

237 2378 357 2430 tatis,
375 2384 450 2420 aut
469 2379 692 2420 demissam
701 2380 1004 2433 jacentemque
1025 2381 1117 2432 ejus

237 2443 473 2482 orationem
501 2443 703 2496 erigeret,
730 2450 804 2484 aut
833 2444 1117 2485 ferocientem

236 2505 570 2559 saevientemque
598 2507 834 2547 cohiberet.
890 2507 1035 2548 Verba
1055 2507 1117 2559 ip-

233 2568 320 2608 sius
338 2569 557 2611 Ciceronis
590 2572 769 2623 apposui
788 2583 842 2611 ex
859 2571 966 2611 libro
990 2571 1117 2611 tertio

235 2632 291 2672 de
327 2631 452 2674 Orat.
510 2634 523 2656 ‘
538 2633 694 2687 Itaque
731 2633 846 2674 idem
879 2634 1117 2686 Gracchus,

232 2696 347 2749 quod
361 2703 492 2749 potes
509 2697 672 2751 audire,
690 2699 860 2750 Catule,
881 2711 934 2739 ex
955 2699 1116 2740 Licinio

232 2760 393 2801 cliente
430 2766 523 2813 tuo,
555 2762 730 2803 literato
766 2763 952 2815 homine,
988 2776 1115 2816 quem

229 2834 400 2866 servum
437 2825 520 2867 sibi
552 2826 703 2867 habuit
733 2827 805 2868 ille
839 2827 893 2868 ad
929 2839 1115 2881 manum,

232 2900 331 2930 cum
349 2890 582 2932 eburneola
606 2892 760 2933 solitus
780 2899 845 2932 est
863 2893 1025 2933 habere
1044 2893 1113 2934 fis-

234 2954 342 3005 tula,
372 2955 446 3007 qui
466 2959 619 2996 staret·
636 2962 736 3008 post
765 2957 903 3008 ipsum
924 2959 1111 3009 occulte,

228 3029 326 3058 cum
333 3018 679 3071 concionaretur,
688 3022 871 3073 peritum
882 3023 1110 3074 hominem,

227 3081 302 3134 qui
319 3079 490 3122 inflaret
507 3083 835 3124 celeriterillum
849 3097 1012 3138 sonum,
1027 3099 1110 3139 quo

226 3143 347 3184 illum
377 3150 452 3185 aut
482 3145 704 3187 remissum
739 3147 964 3200 excitaret,
991 3155 1109 3190 auta

225 3209 507 3250 contentione
528 3210 785 3251 revocaret!
817 3211 1107 3254 Quintilianus

226 3281 328 3310 vero
342 3271 397 3310 de
415 3271 527 3312 Inst.
548 3273 676 3314 Orat.
697 3274 771 3315 lib.
791 3287 825 3316 1.
855 3276 867 3299 ‘
883 3276 997 3318 Quid
1019 3282 1107 3317 tam

224 3332 437 3383 musices:
469 3336 629 3389 inquit,
645 3338 658 3360 ‘
673 3340 894 3392 proprium
911 3342 927 3381 ?
957 3342 1031 3383 sed
1052 3355 1106 3384 ne

223 3396 318 3436 haec
349 3397 519 3449 quidem
557 3403 856 3452 praesumenda
894 3417 1008 3457 pars,
1057 3413 1106 3449 ut

225 3470 310 3498 uno
339 3459 511 3500 interim
531 3466 724 3505 contenti
756 3465 888 3507 simus
907 3470 1104 3521 exemplo

223 3521 317 3563 caii
336 3522 537 3576 Gracchi,
567 3528 775 3580 praecipui
795 3540 965 3571 suorum
999 3537 1104 3572 tem-

1944 273 2086 329 1303

1203 418 1353 458 porum
1376 407 1573 459 oratoris,
1601 406 1670 447 cui
1689 402 1967 446 concionanti
1991 417 2090 447 con-

1202 469 1355 511 sistens
1369 477 1466 523 post
1475 483 1571 511 eum
1583 469 1769 511 musicus
1782 467 1945 519 fistula,
1957 477 2087 521 quam

1202 534 1398 574 tonarion
1429 540 1571 586 vocat,
1598 532 1764 584 modos,
1784 531 1940 586 quibus
1958 531 2088 572 debe-

1202 602 1269 638 ret
1289 598 1470 650 intendi,
1483 597 1772 640 ministrabat.
1827 595 1936 637 Haec
1955 597 2086 637 etiam

1200 661 1240 701 ei
1261 674 1365 702 cura
1397 663 1509 702 inter
1531 661 1845 703 turbidissimas
1878 659 2089 713 actiones,

1199 725 1269 765 vel
1285 726 1469 766 terrenti
1485 726 1732 778 optimates,
1749 725 1819 766 vel
1827 724 1922 778 jam
1938 723 2088 764 timen-

1200 788 1232 828 ti
1247 786 1358 828 fuit!
1403 790 1552 830 Oliver.
1784 839 1786 841 Ι

1251 852 1414 904 Modos]
1446 854 1673 908 Mensuras
1706 857 1754 893 et
1785 852 1957 893 notulas
1985 862 2083 904 pro-

1197 917 1486 958 nunciationis
1499 916 1610 968 ejus.
1637 917 1744 957 Bad.

1252 981 1359 1026 Quia
1371 980 1496 1032 ipsum
1509 981 1619 1019 calor
1632 983 1748 1030 atque
1767 978 1951 1031 impetus]
1968 978 2083 1018 Red-

1196 1044 1262 1085 dit
1300 1044 1509 1085 rationem
1542 1055 1617 1083 cur
1650 1043 1864 1083 monitore
1903 1042 2084 1083 tibicine

1195 1112 1405 1157 uteretur,
1437 1107 1540 1161 quia
1556 1106 1772 1146 interdum
1790 1107 1859 1146 vel
1878 1117 2086 1146 accusan-

1194 1171 1267 1220 do,
1286 1172 1351 1214 vel
1370 1170 1644 1222 detestando,
1664 1170 1730 1210 ira
1750 1170 1818 1210 vel
1836 1169 1924 1210 alio
1953 1168 2084 1209 animi

1194 1235 1359 1288 impetu
1401 1240 1638 1276 commotus
1688 1246 1862 1274 servare
1908 1233 2079 1275 modum

1195 1310 1280 1338 non
1301 1298 1667 1339 reminiscebatur.
1702 1297 1810 1337 oliv.

1247 1367 1271 1418 ς
1300 1369 1326 1406 2
1358 1365 1532 1412 Quintus
1546 1367 1677 1403 autem
1691 1359 1950 1413 Hortensius]
1967 1361 2083 1402 Tan·

1195 1435 1285 1470 tum
1305 1435 1448 1470 tamen
1463 1427 1712 1481 eloquentia
1729 1426 1881 1476 valuit,
1896 1429 1945 1465 ut
1964 1424 2081 1477 apud

1194 1494 1348 1534 multos
1379 1492 1552 1534 dubium
1581 1490 1715 1531 fuerit
1745 1490 1839 1542 ejus
1864 1489 1968 1529 artis
1990 1490 2081 1541 pal-

1193 1570 1276 1608 ma,
1309 1557 1512 1598 Ciceroni
1538 1567 1593 1596 ne
1610 1555 1744 1608 magis
1763 1560 1816 1595 an
1837 1553 2075 1595 Hortensio

1193 1621 1441 1662 deberetur.
1482 1620 1591 1660 Oliv.

1246 1685 1432 1735 AEsopum
1470 1680 1746 1734 Rosciumque]
1787 1679 1847 1720 Hi
1880 1683 2078 1732 ternpore

1191 1747 1413 1787 Ciceronis
1433 1750 1478 1786 et
1522 1744 1748 1789 Hortensii
1806 1743 1927 1783 mimi
1957 1753 2079 1796 ‘prae-

1189 1811 1443 1851 stantissimi
1486 1809 1678 1860 fuerunt,
1740 1819 1918 1860 quorum
1965 1807 2077 1847 alter

1190 1875 1520 1926 Comoediarum,
1546 1873 1674 1924 alter,
1693 1870 1862 1911 scilicet
1880 1871 2077 1923 AEsopus,

1186 1938 1519 1990 Tragoediarum
1536 1941 1660 1977 actor
1671 1934 1772 1986 fuit,
1793 1934 1867 1987 qui
1883 1933 2076 1975 Horten-

1188 2001 1250 2041 sio
1277 2001 1339 2042 sic
1369 1999 1700 2041 delectabantur
1731 2002 1903 2048 orante,
1940 2002 1990 2038 ut
2019 1996 2076 2037 ad

1186 2079 1284 2107 eum
1312 2064 1585 2116 audiendum,
1605 2075 1704 2104 cum
1722 2067 1885 2114 oraret,
1903 2073 2074 2114 semper

1185 2134 1478 2181 accurrerent,
1491 2129 1618 2181 eique
1634 2126 1888 2180 frequenter
1902 2125 2074 2166 assiste-

1182 2198 1297 2244 rent,
1307 2196 1355 2233 ut
1364 2196 1514 2244 gestus
1529 2190 1712 2243 aliquos,
1727 2189 1772 2236 in
1784 2188 1877 2229 foro
1893 2189 2071 2241 petitos,

1181 2256 1224 2295 in
1239 2267 1409 2296 scenam
1427 2253 1656 2296 referrent.
1687 2245 1934 2294 DeRoscio
1947 2253 2071 2293 Cice-

1182 2331 1228 2359 ro
1240 2319 1282 2358 in
1292 2318 1504 2359 Oratione
1513 2329 1592 2370 pro
1602 2315 1764 2358 Archia
1772 2315 1932 2358 Poeta:
1945 2316 2071 2358 ‘Quis

1180 2386 1372 2422 nostrum
1409 2387 1497 2422 tam
1529 2380 1673 2421 animo
1707 2379 1870 2433 agresti
1890 2392 1939 2420 ac
1958 2379 2069 2421 duro

1179 2445 1279 2497 fuit,
1301 2451 1348 2486 ut
1367 2444 1514 2486 Roscii
1531 2448 1668 2485 morte
1698 2455 1837 2496 nuper
1851 2455 1934 2488 non
1955 2455 2071 2484 com-

1179 2515 1427 2552 moveretur
1439 2510 1457 2563 :i
1470 2509 1545 2562 qui
1561 2520 1657 2549 cum
1674 2513 1792 2548 esset
1807 2519 1941 2548 senex
1956 2520 2069 2548 mor-

1179 2580 1292 2625 tuus,
1356 2578 1500 2614 tamen
1548 2576 1732 2623 propter
1777 2571 2067 2611 excellentem

1178 2645 1316 2680 artem
1336 2650 1386 2679 ac
1406 2641 1680 2678 venustatem
1714 2636 1950 2680 videbatur
1979 2649 2066 2678 om-

1177 2703 1279 2745 nino
1315 2702 1425 2743 mori
1459 2713 1544 2741 non
1582 2699 1799 2741 debuisse.
1855 2701 1973 2752 Ergo
1991 2701 2064 2741 ille

1177 2766 1371 2819 corporis
1403 2770 1520 2806 motu
1555 2769 1723 2805 tantum
1757 2777 1946 2806 amorem
1981 2764 2064 2805 sibi

1176 2830 1428 2872 conciliarat
1449 2842 1474 2869 a
1494 2828 1617 2868 nobis
1638 2828 1865 2869 omnibus!
1896 2828 2047 2870 Oliver.

1229 2896 1251 2946 ς
1279 2897 1304 2934 3
1334 2895 1431 2934 Jam
1451 2894 1514 2934 M.
1539 2892 1698 2944 Cicero]
1738 2892 1998 2933 Plutarchus
2018 2894 2062 2933 in

1175 2959 1280 2999 Vita
1296 2956 1518 3000 Ciceronis
1539 2956 1663 3009 dicit,
1679 2969 1761 2997 non
1774 2957 1914 2998 minus
1936 2957 2061 2998 Cice-

1174 3034 1321 3062 ronem
1356 3022 1399 3062 in
1439 3020 1613 3061 actione
1646 3019 1890 3060 elaborasse
1930 3032 2058 3072 quam

1171 3084 1529 3135 Demosthenem,
1567 3083 1706 3123 donec
1742 3095 1821 3134 per
1855 3082 2059 3122 Roscium

1173 3148 1505 3200 Comoediarum,
1523 3151 1569 3187 et
1584 3147 1788 3198 AEsopum
1807 3145 2059 3196 Tragoedia-

1170 3224 1262 3252 rum
1278 3219 1447 3253 actores
1468 3211 1671 3264 optimos,
1690 3214 1734 3249 et
1764 3220 1841 3247 suo
1862 3214 2057 3260 tempore

1169 3276 1443 3328 clarissimos,
1483 3273 1666 3327 praebita
1709 3271 1791 3311 illis
1827 3271 2056 3322 diligenter

1167 3352 1317 3393 opera,
1359 3351 1510 3380 vocem
1557 3342 1603 3378 et
1645 3334 1838 3387 corporis
1885 3341 2054 3386 gestum

1168 3405 1428 3445 emendavit.
1457 3403 1538 3443 His
1559 3402 1703 3453 igitur,
1725 3404 1924 3452 tanquam
1945 3411 2054 3452 prae·

1167 3469 1418 3521 ceptoribus
1447 3479 1561 3517 usus,
1579 3466 1633 3506 ad
1653 3463 1935 3505 moderandos
1956 3478 2049 3506 cor-

1168 3533 1286 3585 poris
1303 3537 1465 3584 gestus,
1486 3528 1671 3570 omnium
1694 3529 1735 3568 in
1751 3540 1800 3568 eo
1820 3528 2051 3581 pronunci-
