2346 3996
352 327 495 380 1266

352 460 402 496 ut
420 457 570 497 nudari
591 457 729 496 latera
750 467 824 495 sua
845 455 1055 495 sociorum
1073 455 1234 506 digres-

350 535 398 563 su
418 526 670 569 senserunt3
701 519 798 558 inde
816 531 945 570 eques
966 519 1102 559 citato
1123 531 1232 571 equo

355 586 532 626 nunciat
560 583 651 634 regi
681 583 798 621 abire
829 581 1034 623 Albanos,
1089 583 1233 622 Tullus

350 649 394 688 in
415 661 460 687 re
481 646 652 697 trepida
681 645 909 684 duodecim
945 645 1061 684 vovit
1078 646 1234 694 Salios,

349 710 534 763 fanaque
551 709 713 748 Pallori
743 721 792 748 ac
826 709 1008 758 Pavori3
1041 709 1231 760 equitem

351 775 466 813 clara
486 773 709 822 increpans
731 784 853 821 voce,
879 777 926 810 ut
945 772 1084 811 hostes
1104 784 1231 811 exau-

351 835 510 884 dirent,
537 835 677 874 redire
698 835 738 873 in
760 834 1109 886 proeliumjubet‚
1129 834 1230 872 nihil

352 898 644 949 trepidatione
689 910 796 949 opus
844 909 953 948 esse,
998 910 1073 936 suo
1103 897 1229 948 jussu

351 961 612 1001 circumduci
653 960 864 1000 Albanum
899 961 1153 1004 exercitum,
1183 966 1230 998 ut

352 1025 626 1064 Fidenatium
676 1025 790 1064 nuda
836 1030 960 1074 terga
997 1022 1226 1065 invadant:

348 1086 462 1126 idem
483 1088 669 1139 imperat
703 1093 751 1126 ut
782 1087 923 1125 hastas
949 1087 1114 1137 equites
1147 1086 1228 1124 eri-

350 1161 452 1200 gere
466 1148 631 1200 jubeat.
671 1149 722 1188 Id
743 1147 904 1187 factum
924 1160 1090 1199 magnae
1113 1148 1227 1198 parti

351 1210 546 1262 peditum
605 1212 887 1250 Romanorum
948 1217 1226 1260 conspectum

349 1272 545 1312 abeuntis
563 1272 717 1312 Albani
735 1273 949 1310 exercitus
966 1272 1226 1322 intersepsit.

349 1336 433 1378 Qui
447 1336 654 1386 viderant,
668 1337 708 1375 id
726 1335 839 1387 quod
851 1336 904 1374 ab
918 1348 1018 1386 rege
1034 1336 1225 1376 auditum

348 1403 446 1437 erat
472 1398 572 1448 rati,
598 1410 648 1437 eo
669 1399 806 1437 acrius
838 1405 1060 1449 pugnant;
1089 1404 1226 1438 terror

349 1460 403 1500 ad
420 1461 562 1501 hostes
582 1462 761 1511 transit;
781 1466 826 1501 et
842 1461 1096 1501 audiverant
1109 1462 1226 1502 clara

346 1535 452 1564 voce
474 1525 651 1574 dictum,
678 1529 724 1564 et
751 1537 904 1576 magna
923 1537 1023 1576 pars
1043 1524 1224 1564 Fidena-

346 1586 468 1637 tium,
500 1592 549 1626 ut
586 1587 658 1638 qui
689 1587 830 1627 coloni
861 1586 995 1627 additi
1022 1587 1225 1627 Romanis

345 1655 506 1699 essent,
535 1649 687 1689 Latine
720 1649 922 1689 sciebant.
987 1650 1139 1702 [taque
1169 1663 1224 1691 ne

345 1711 486 1751 subito
506 1724 561 1751 ex
576 1712 752 1752 collibus
768 1712 950 1753 decursu
964 1713 1223 1754 Albanorum

345 1773 748 1825 intercluderentur,
791 1775 845 1814 ab
893 1776 1053 1827 oppido
1100 1782 1224 1828 terga

347 1842 536 1876 vertunt.
590 1837 730 1877 Instat
758 1839 919 1888 Tullus,
947 1837 1128 1891 fusoque
1153 1840 1220 1879 Fi-

345 1898 565 1938 denatium
595 1911 743 1949 cornu,
772 1900 815 1939 in
834 1900 1062 1941 Veientem
1081 1901 1222 1941 alieno

346 1971 506 2011 pavore
544 1973 793 2012 percussum
836 1961 1044 2003 ferociter
1081 1964 1221 2014 redit;

344 2034 426 2063 nec
445 2023 506 2063 illi
525 2025 664 2064 tulere
685 2025 907 2076 impetum,
925 2027 998 2066 sed
1019 2027 1072 2066 ab
1089 2026 1223 2067 effusa

346 2082 451 2136 fuga
479 2084 636 2126 flumen
670 2087 886 2138 objectum
916 2101 940 2127 a
960 2095 1083 2141 tergo
1103 2102 1221 2130 arce-

344 2147 447 2186 bat:
478 2160 562 2200 quo
595 2154 820 2202 postquam
851 2150 954 2202 fuga
984 2153 1221 2203 inclinavit,

346 2210 421 2249 alii
451 2223 570 2251 arma
598 2211 714 2252 foede
739 2214 958 2264 Jactantes
994 2215 1038 2254 in
1071 2227 1223 2267 aquam

344 2274 452 2313 caeci
484 2275 691 2325 ruebant;
720 2277 804 2327 alii,
831 2277 932 2316 dum
964 2283 1224 2317 cunctantur

343 2336 387 2375 in
416 2337 538 2389 ripis,
564 2338 675 2378 inter
706 2338 818 2391 fugae
851 2352 1091 2392 pngnaeque
1123 2352 1223 2380 con-

341 2398 479 2438 silium
510 2401 719 2452 oppressi.
776 2402 818 2441 N
823 2415 875 2442 on
895 2402 999 2442 alias
1020 2408 1119 2443 ante
1140 2404 1223 2443 Ro-

342 2473 466 2501 mana
487 2474 629 2515 pugna
649 2464 836 2505 atrocior
865 2464 963 2506 fuit.
1018 2467 1123 2506 Tum
1150 2465 1222 2506 Al·

341 2523 477 2565 banus
497 2527 713 2567 exercitus
731 2533 952 2579 spectator
977 2529 1226 2569 certaminis

343 2589 552 2630 deductus
587 2592 632 2631 in
668 2603 842 2644 campos
875 2597 962 2642 est3
992 2593 1046 2632 de
1083 2594 1222 2634 Metio

342 2662 444 2691 vero
463 2650 640 2693 Suffetio
659 2655 749 2705 ejus
767 2655 878 2695 duce
895 2655 1067 2695 crudele
1083 2667 1222 2707 sump-

343 2717 433 2753 tum
458 2720 524 2755 est
549 2717 822 2767 supplicium,
850 2722 896 2757 ut
925 2717 1089 2757 duabus
1119 2730 1222 2770 qua-

342 2775 475 2828 drigis
491 2777 688 2828 alligatus
711 2778 1050 2819 dilaceraretur.'
1072 2780 1221 2822 Oliver.

396 2839 585 2891 Fidenas]
616 2841 730 2881 Urbs
759 2842 850 2882 haec
878 2843 992 2882 Latii
1018 2843 1221 2883 mediter-

343 2913 486 2943 ranea.
542 2903 713 2944 Fidenas
729 2904 934 2956 aggresso]
954 2906 1068 2958 Lege
1089 2906 1220 2958 Poly-

342 2976 482 3004 aenum
502 2965 576 3006 lib.
596 2978 699 3007 vm.

399 3027 582 3080 Tor-pere]
617 3029 872 3081 Pigrescere
904 3035 950 3071 et
987 3031 1216 3084 languere:

328 3102 440 3131 -nam
460 3092 612 3133 crebro
644 3093 875 3132 Fidenates
909 3094 1111 3135 adversus
1135 3098 1218 3136 Ro·

341 3164 486 3193 manos
516 3155 771 3195 rebellantes
805 3156 1037 3196 Romanam
1063 3158 1220 3208 juven-

341 3221 478 3256 tutem
498 3218 586 3258 otio
607 3222 851 3270 torpescere
878 3230 965 3258 non
1000 3220 1219 3271 permitte·

341 3277 459 3318 bant.
494 3281 644 3320 Oliver.

398 3342 583 3392 Detecto,
601 3341 691 3393 ξω]
726 3341 837 3382 Nam
864 3342 1038 3394 Albani,
1058 3345 1219 3387 relictis

342 3403 624 3444 Romanorum
661 3405 882 3456 lateribus,
911 3418 955 3446 se
985 3407 1028 3447 in
1064 3410 1218 3449 collem

338 3474 610 3516 receperunt.
630 3468 756 3508 Idem.

397 3528 602 3570 Concitato
634 3531 736 3570 enim
770 3531 883 3583 equo]
925 3531 1068 3574 Livius
1110 3534 1218 3576 dicit

935 339 1111 378 NOTAE
1152 339 1487 379 VARIORUM
1531 340 1596 378 IN

1297 467 1393 495 eum
1427 457 1544 507 prius
1579 457 1741 497 vovisse
1770 457 1994 498 duodecim
2019 455 2171 506 Salios,

1296 517 1478 571 fanaque
1499 521 1658 560 Pallori
1678 527 1723 561 et
1742 522 1917 561 Pavori.
1948 522 2069 560 Idem.

1351 582 1513 632 Globos]
1550 584 1731 623 Omnem
1766 584 2081 623 multitudinem
2125 586 2172 622 et

1295 644 1484 683 ordinem
1499 647 1790 696 pugnantium.
1841 648 1983 685 Omnes
1992 656 2172 696 pugnan-

1293 707 1392 746 tium
1422 707 1555 756 globos
1588 708 1815 759 prcecurrit]
1862 709 1997 747 Vetus
2035 713 2173 755 recte,

1290 771 1500 821 percurrit.
1544 771 1724 811 Miscuit
1741 782 1785 810 se
1798 770 2043 822 globis,non
2062 782 2170 821 prae-

1294 834 1440 873 currit.
1468 833 1579 884 Lips.

1346 897 1574 936 Proedicans
1591 908 1660 935 suo
1668 895 1801 948 jussu]
1822 896 1981 936 Narrat
2000 896 2171 936 histori-

1292 971 1356 998 am
1373 958 1467 999 fuse
1481 960 1651 1000 Servius
1668 959 1720 999 ad
1738 959 1903 1000 AEneid.
1921 971 2023 998 vni.
2040 961 2169 999 Coler.

1345 1025 1366 1074 ᾧ
1388 1028 1412 1063 2
1431 1024 1488 1063 At
1506 1036 1554 1063 ne
1572 1024 1766 1069 continuo,
1792 1022 1881 1074 &ej
1909 1022 2169 1075 Tarquinius

1289 1085 1506 1137 Superbus
1526 1098 1622 1126 cum
1639 1087 1817 1136 Gabios,
1837 1086 1982 1126 urbem
1999 1086 2173 1137 propin·

1290 1161 1414 1201 quam
1443 1155 1488 1190 et
1508 1150 1706 1199 validam,
1735 1150 1894 1200 saepius
1929 1160 2169 1200 aggressus,

1291 1211 1452 1251 virtute
1501 1224 1744 1263 expugnare
1782 1224 1864 1252 non
1910 1217 2073 1263 posset,
2116 1211 2170 1250 ad

1289 1274 1458 1315 fraudes
1478 1281 1524 1316 et
1544 1276 1663 1315 dolos
1683 1288 1910 1316 conversus
1929 1282 2009 1315 est.
2056 1275 2168 1314 Nam

1291 1348 1385 1376 cum
1409 1339 1526 1377 velut
1543 1337 1740 1389 deposito
1759 1337 1870 1376 bello
1882 1336 2171 1376 fundamentis

1291 1401 1441 1453 templi
1481 1401 1711 1452 jaciendis,
1769 1401 1947 1452 aliisque
1999 1399 2170 1439 urbanis

1290 1463 1493 1514 operibus
1513 1464 1724 1503 intentum
1745 1474 1792 1502 se
1811 1474 1906 1502 esse
1933 1455 2172 1507 simularet,

1289 1525 1447 1566 Sextus
1491 1525 1760 1577 Tarquinius,
1798 1524 1908 1565 filius
1945 1525 2054 1576 ejus,
2093 1525 2167 1578 qui

1290 1589 1427 1628 minor
1458 1600 1513 1627 ex
1541 1588 1678 1628 tribus
1711 1594 1820 1637 erat,
1855 1586 2088 1637 transfugit
2115 1599 2170 1628 ex

1290 1654 1534 1704 composito
1551 1651 1731 1701 Gabios,
1751 1651 1883 1702 patris
1903 1651 1946 1689 in
1977 1662 2022 1689 se
2046 1649 2170 1689 saevi-

1289 1716 1390 1755 tiam
1411 1713 1720 1754 intolerabilem
1753 1723 2050 1765 conquerens3
2074 1711 2168 1763 jam

1289 1778 1342 1817 ab
1361 1777 1510 1817 alienis
1530 1777 1572 1816 in
1589 1788 1687 1816 suos
1707 1775 1888 1815 vertisse
1907 1774 2168 1826 superbiam,

1287 1847 1330 1880 et
1349 1841 1579 1880 liberorum
1598 1851 1768 1892 quoque
1795 1850 1889 1878 eum
1914 1837 2168 1889 frequentias

1283 1906 1475 1955 taedere3
1496 1911 1543 1945 ut
1560 1917 1684 1958 quam
1699 1905 1742 1944 in
1760 1903 1879 1944 curia
1896 1903 2168 1943 solitudinem

1285 1967 1455 2019 fecerit,
1474 1968 1585 2008 domi
1613 1979 1782 2020 quoque
1799 1966 1947 2014 faciat,
1965 1979 2018 2005 ne
2037 1978 2166 2018 quam

1286 2031 1482 2082 stirpem,
1499 2042 1554 2070 ne
1574 2042 1700 2083 quem
1726 2029 1939 2069 haeredem
1962 2030 2081 2081 regni
2103 2041 2168 2069 re·

1285 2093 1479 2144 linquam
1512 2105 1557 2132 se
1579 2092 1751 2145 quidem
1781 2093 1893 2131 inter
1912 2093 2000 2132 tela
2019 2098 2064 2132 et
2083 2093 2168 2144 gla-

1286 2155 1379 2194 dios
1400 2156 1535 2206 patris
1550 2156 1758 2207 elapsum,
1774 2156 1876 2195 nihil
1895 2167 2068 2207 nsquam
2086 2155 2167 2194 sibi

1287 2223 1442 2267 tutum,
1462 2218 1543 2256 nisi
1560 2217 1674 2268 apud
1694 2218 1860 2257 hostem
1886 2219 1930 2257 L.
1948 2217 2166 2270 Tarquinii

1286 2280 1536 2320 credidisse.
1566 2280 1677 2319 Nam
1697 2291 1749 2319 ne
1766 2286 1976 2330 errarent,
1994 2292 2167 2320 manere

1284 2342 1335 2381 iis
1356 2341 1514 2382 bellum
1531 2342 1643 2394 quod
1664 2342 1848 2394 positum
1864 2342 2101 2392 simuletur,
2120 2348 2166 2383 et

1286 2416 1364 2456 per
1399 2404 1666 2444 occasionem
1694 2412 1790 2444 eum
1822 2405 2018 2445 incautos
2050 2405 2166 2445 inva-

1284 2477 1429 2506 surum
1447 2479 1460 2516 ;
1485 2466 1598 2520 quod
1618 2466 1651 2506 si
1670 2467 1783 2519 apud
1803 2479 1875 2507 eos
1896 2468 2163 2521 supplicibus

1284 2529 1403 2569 locus
1435 2541 1520 2570 non
1557 2529 1627 2580 sit,
1674 2535 1990 2582 pererraturum
2036 2542 2161 2572 omne

1284 2592 1473 2640 Latium,
1517 2593 1693 2633 Volscos
1734 2600 1905 2646 quoque
1943 2606 2006 2644 se,
2060 2594 2162 2634 inde

1283 2654 1442 2707 AEquos
1458 2660 1503 2695 et
1523 2655 1736 2696 Hernicos
1754 2656 2006 2708 petiturum,
2027 2656 2167 2697 donec

1283 2716 1337 2756 ad
1357 2729 1430 2756 eos
1451 2718 1689 2769 perveniat,
1707 2719 1780 2771 qui
1811 2732 1837 2759 a
1869 2725 2036 2771 patrum
2063 2720 2162 2760 cru-¹

1283 2778 1507 2819 delissimis
1527 2785 1656 2833 atque
1677 2782 1818 2834 impiis
1849 2783 2068 2834 suppliciis
2097 2790 2162 2823 te-

1282 2855 1385 2894 gere
1421 2842 1576 2882 liberos
1605 2843 1760 2884 sciant.
1817 2845 2009 2886 Forsitan
2030 2845 2161 2885 etiam

1282 2906 1446 2946 ardoris
1484 2907 1646 2959 aliquid
1680 2909 1733 2948 ad
1767 2909 1926 2954 bellum
1958 2921 2160 2963 armaque

1282 2981 1328 3009 se
1349 2971 1551 3010 adversus
1572 2971 1920 3022 superbissimum
1943 2985 2086 3025 regern
2115 2979 2161 3013 et

1279 3032 1584 3073 ferocissimum
1625 3035 1827 3087 populum
1876 3037 2161 3078 inventurum.

1281 3095 1387 3134 Cum
1406 3095 1440 3134 si
1459 3094 1560 3134 nihil
1579 3103 1866 3148 moverentur,
1887 3096 2076 3138 infensus
2097 3098 2161 3137 ira

1279 3170 1408 3210 porro
1425 3158 1524 3197 inde
1545 3158 1736 3198 abiturus
1764 3159 1997 3212 videretur,
2015 3159 2163 3211 benig-

1280 3234 1334 3262 ne
1366 3235 1391 3262 a
1415 3222 1595 3262 Gabinis
1625 3224 1855 3275 excipitur,
1887 3235 1993 3276 quos
2030 3227 2158 3277 paulo

1280 3290 1380 3337 post
1415 3285 1470 3324 ad
1508 3284 1801 3325 rebellandum
1830 3286 1997 3328 incitat.
2056 3287 2157 3340 Ipse

1280 3359 1374 3388 cum
1404 3347 1729 3399 promptissimis
1752 3348 1957 3400 juvenum
1989 3351 2156 3401 praeda-

1280 3416 1385 3462 tum,
1404 3416 1534 3461 atque
1552 3409 1593 3448 in
1615 3410 1931 3462 expeditionem
1951 3412 2089 3463 vadit3
2109 3418 2157 3453 et

1280 3485 1375 3513 cum
1394 3472 1522 3513 dictis
1547 3471 1764 3526 factisque
1794 3475 1986 3515 omnibus
2005 3476 2058 3516 ad
2079 3475 2156 3516 fat·

1279 3535 1454 3576 lendum
1490 3536 1711 3577 instructis
1746 3548 1854 3578 vana
1884 3546 2156 3580 accresceret
