2320 4004
569 290 831 331 vsnnnn
876 290 1114 328 MAxum
1165 289 1279 329 mss.
1319 289 1400 327 iv.
1440 288 1573 328 cn.
1600 275 1651 327 l.

258 416 406 458 Literoe
434 415 598 455 reddita>
625 411 767 463 essent]
796 410 941 451 Livius
967 409 1078 449 libro

207 492 333 522 anx.
362 479 438 520 sed
468 478 522 518 de
541 479 635 518 loco
655 475 855 517 dissentit
874 482 920 514 et
938 473 1079 514 Autor

205 544 260 583 de
279 543 368 583 Vir.
398 542 550 581 illustr.
581 539 654 592 qui
675 550 729 579 ne
747 537 886 579 factas
907 536 1078 590 quidem

201 607 348 647 literas
368 604 531 645 scribit.
562 605 775 643 Corradus.

254 670 349 720 §14
383 668 566 708 Fortium
601 665 757 718 nomen]
802 664 929 706 Unde
957 663 1079 704 fuere

200 733 402 774 Catones.

175 792 182 802 '
254 797 392 846 Negat
399 795 499 848 fieri
516 793 671 846 debere]
701 792 794 834 Lib.
814 794 926 833 Dan.
946 792 1078 843 Negat

197 871 239 899 se
268 859 475 911 posterior.
532 858 729 911 Vulgaris
762 858 890 897 lectio
910 867 1079 896 manum

199 934 398 975 spurcam
454 923 639 963 redolet.
713 921 875 972 Negat,
926 918 1079 972 inquit,

197 986 410 1037 Valerius,
447 985 792 1038 posterior‘Cato
821 996 868 1025 se
900 988 1078 1036 praeter-

199 1048 382 1090 eundum
401 1062 506 1090 esse.
539 1050 666 1089 Coler.

250 1112 453 1152 Posterior
474 1111 592 1163 Cato]
621 1113 687 1153 Sc.
715 1111 948 1152 Uticensis.
978 1111 1077 1151 Pos-

191 1175 319 1215 terior
345 1176 463 1228 cato]
490 1174 734 1217 Praefectus
754 1176 975 1229 Cypriacae
1005 1187 1078 1227 pe·

195 1240 333 1282 cuniae
352 1238 451 1291 fuit,
469 1240 565 1292 lege
588 1241 678 1281 lata
697 1253 776 1293 per
805 1240 858 1280 P.
880 1240 1074 1281 Clodium

194 1303 295 1345 trib.
328 1305 388 1356 pl.
425 1305 480 1345 de
516 1306 748 1357 redigenda
778 1306 819 1345 in
839 1305 1074 1357 provinciae

194 1365 374 1407 formam
396 1368 558 1421 Cypro,
586 1375 631 1409 et
652 1370 925 1422 compilanda
944 1382 1075 1421 pecu-

197 1429 283 1470 nia.
340 1429 667 1472 Administratio
700 1434 821 1485 cujus
846 1434 909 1473 rei
940 1434 1076 1485 primo

195 1493 260 1534 M.
291 1494 446 1534 Catoni
482 1496 686 1536 mandata
732 1502 814 1546 est,
861 1505 1075 1538 annuente

195 1556 360 1606 Clodiu,
387 1557 459 1609 qni
495 1558 702 1598 Catonem
736 1559 902 1611 longius
923 1559 1074 1600 abesse

194 1618 412 1671 cupiebat,
425 1626 473 1661 ut
487 1620 662 1660 liberius
684 1630 834 1674 ageret
845 1622 885 1661 in
903 1623 1074 1664 Cicero-

193 1692 308 1731 nem,
326 1694 452 1734 quem
473 1684 604 1724 exilio
630 1684 944 1736 destinaverat,
975 1687 1074 1739 quia

191 1745 438 1798 verebatur,
485 1759 539 1788 ne
590 1749 766 1789 Catonis
809 1751 1073 1792 authoritate

189 1808 502 1860 impedirentur
532 1812 714 1852 consilia
734 1826 824 1854 sua.
882 1815 1072 1855 Deman-

190 1871 292 1912 data
321 1878 390 1914 est
419 1873 551 1926 igitur
583 1875 802 1928 provincia
833 1877 968 1919 invito
991 1879 1070 1919 Ca·

191 1934 308 1984 toni;
337 1948 432 1976 cum
465 1937 578 1977 enim
612 1939 785 1979 Clodius
818 1952 907 1980 rem
944 1941 1071 1982 istam

189 2000 343 2040 Catoni
361 2007 513 2042 vocato
530 2002 585 2044 ad
597 2016 644 2044 se
660 2004 780 2057 quasi
791 2005 1070 2048 honorificam

188 2062 436 2116 obtulisset,
445 2078 539 2106 eam
560 2067 668 2108 Cato
683 2068 942 2121 repudiavit,
956 2070 1069 2123 quod

189 2126 372 2181 diceret,
392 2129 476 2169 non
495 2131 550 2171 ob
569 2131 789 2183 honorem,
804 2133 878 2173 sed
892 2133 948 2174 ob
966 2142 1067 2174 con-

188 2191 405 2233 tumeliam
427 2198 471 2233 et
510 2193 686 2235 insidias
714 2196 796 2236 hoc
833 2196 915 2236 sibi
938 2209 1069 2248 nego-

186 2255 294 2296 tium
339 2255 534 2308 deferri3
575 2264 667 2300 tum
710 2261 885 2300 Clodius
932 2262 1067 2303 iratus

187 2318 420 2360 insolenter
441 2322 546 2362 satis
566 2323 787 2375 respondit
807 2336 819 2363 t
850 2325 945 2365 Etsi
978 2327 1068 2366 nol-

185 2382 266 2432 les,
285 2382 439 2436 inquit,
467 2388 611 2426 tamen
636 2392 812 2427 coactus
832 2387 1068 2441 dolensque

186 2444 478 2499 proficiscere,
516 2448 811 2502 advocataque
847 2452 1071 2504 concione,

184 2508 413 2560 plebiscito
447 2509 632 2553 firmavit
669 2512 910 2555 missionem
941 2515 1067 2556 Cato·

185 2571 266 2623 nis,
283 2572 409 2626 eique
429 2573 618 2626 abeunti,
638 2587 717 2616 nec
732 2589 899 2630 navem,
928 2590 1067 2632 neque

183 2634 378 2687 militem,
409 2648 491 2678 nec
514 2639 644 2694 etiam
665 2639 900 2681 ministrum
919 2654 1067 2695 quem-

182 2698 295 2750 piam
326 2700 518 2753 tradidit,
547 2708 709 2754 praeter
742 2704 864 2757 duos,
887 2718 1064 2758 quorum

181 2762 419 2804 scribarum
440 2765 552 2806 alter
578 2765 646 2806 fur
671 2773 779 2820 erat,
797 2770 905 2810 alter
925 2771 1064 2813 Clodii

180 2825 434 2869 clientulus:
479 2835 525 2871 et
561 2832 682 2883 quasi
718 2844 868 2884 parum
900 2835 1063 2886 negotii

178 2887 295 2930 foret
331 2890 499 2944 Cyprus
532 2898 577 2933 et
613 2894 888 2948 Ptolemaeus,
931 2898 1061 2938 etiam

180 2957 233 2992 ιιι
249 2954 399 2994 exules
429 2955 690 3007 Byzantium
723 2958 966 3010 reduceret,
995 2961 1059 3001 in-

172 3015 334 3068 junxit,
355 3029 407 3057 eo
426 3019 622 3071 consilio,
639 3026 688 3060 ut
707 3020 848 3072 ipsum
873 3023 1058 3074 plurimo

179 3084 374 3131 tempore
427 3085 551 3122 extra
593 3083 763 3124 *urbem
819 3085 1058 3138 ablegaret.

181 3141 442 3183 Ptolemaeus
474 3155 577 3184 vero
610 3145 703 3197 ejus
723 3147 953 3189 Ptolemaei
972 3150 1057 3192 fra·

177 3209 261 3255 ter,
313 3205 386 3257 qui
431 3218 510 3258 per
554 3207 785 3250 Gabinium
831 3213 1057 3255 restitutus

177 3264 336 3316 fuerat,
354 3272 456 3309 tunc
476 3269 612 3322 Cypri
632 3283 726 3322 rex,
756 3279 805 3312 ut
834 3273 927 3314 haec
958 3289 1057 3328 cog·

175 3329 314 3380 novit,
341 3331 471 3372 nimio
496 3333 642 3374 dolore
662 3336 871 3389 percitus,
890 3350 1055 3380 veneno

176 3387 270 3431 fata
313 3395 537 3443 praevenit.
609 3397 825 3440 Caeterum
871 3400 1053 3443 Porcius

179 3451 290 3492 Cato
336 3455 568 3507 Cypriacas
611 3473 715 3512 opes
757 3463 935 3504 liburnis
974 3477 1054 3518 per

176 3513 437 3568 Tyberinum
457 3521 611 3564 ostium
631 3524 824 3567 advexit.
877 3528 1053 3571 Plutar-

1878 275 2023 329 1129

1142 407 1245 447 chus
1268 407 1376 448 dicit
1403 408 1610 449 Catonem
1644 406 1686 447 in
1714 406 1794 446 hac
1830 406 2024 447 vehenda

1143 472 1326 522 pecunia
1343 472 1424 512 hoc
1443 484 1572 511 unum
1590 470 1721 511 fuisse
1750 470 1945 521 consilio,
1976 476 2025 509 ut

1142 534 1377 574 loculorum
1404 533 1576 575 funibus
1586 541 1629 575 et
1645 534 1745 574 loris
1759 534 2025 586 longioribus

1142 598 1318 637 suberes
1340 598 1550 649 alligaret,
1575 599 1745 651 quibus,
1776 597 2023 648 superveni-

1143 666 1244 701 ente
1259 665 1533 713 tempestate,
1562 663 1595 702 si
1615 661 1728 703 forte
1750 659 2019 712 naufragium

1141 722 1322 775 faceret,
1370 725 1552 775 pecunia
1599 730 1931 775 sustentaretur,
1968 735 2023 763 ne

1141 787 1276 838 mergi
1308 793 1469 838 posset.
1526 787 1634 828 Haec
1670 789 1805 828 omnis
1835 787 2028 840 pecunia.

1143 850 1318 890 circiter
1335 856 1500 903 septem
1520 852 1649 891 millia
1666 854 1926 892 talentorum
1955 863 2023 891 ar-

1142 915 1264 966 genti
1309 913 1442 955 fuisse
1483 916 1686 966 traditur,
1731 916 1845 968 quod
1892 915 2020 955 latius

1142 979 1343 1018 aerarium
1375 991 1500 1032 quam
1535 980 1644 1019 ullus
1678 980 1915 1032 triumphus
1946 981 2023 1020 im-

1139 1042 1303 1095 plevit3
1350 1054 1478 1095 quare
1512 1043 1696 1083 Senatus
1733 1043 1943 1095 decrevit,
1973 1048 2025 1083 ut

1139 1110 1262 1146 extra
1277 1104 1468 1146 ordinem
1486 1107 1895 1159 Praetorcrearetur‚
1908 1105 2023 1160 quod

1139 1169 1210 1210 ille
1229 1170 1454 1210 recusavit.
1489 1171 1594 1211 Oliv.

1197 1233 1429 1287 Cypriacam
1444 1233 1669 1286 pecuniam]
1700 1234 1836 1276 Quam
1855 1232 1916 1272 ibi
1952 1243 2024 1272 co-

1138 1299 1300 1352 piosam
1346 1299 1611 1340 Ptolemaeus
1667 1304 2024 1352 congregaverat,

1140 1367 1186 1403 et
1197 1368 1426 1415 propterea
1437 1364 1620 1404 Senatus
1633 1364 1806 1414 timens,
1821 1376 1872 1403 ne
1891 1363 2024 1403 tantis

1140 1427 1293 1479 opibus
1328 1439 1404 1466 rex
1433 1427 1636 1467 incitatus
1662 1428 1820 1467 bellum
1842 1427 2023 1467 suscita-

1139 1495 1223 1540 ret,
1252 1489 1306 1529 ad
1339 1503 1410 1530 eas
1439 1491 1619 1531 Romam
1639 1490 1928 1542 deportandas
1948 1490 2022 1529 mi-

1138 1560 1255 1594 serat
1274 1555 1497 1595 Catonem.
1552 1554 1640 1594 Alii
1659 1554 1807 1594 dicunt
1831 1554 2022 1605 Cyprum

1137 1616 1234 1657 ideo
1254 1616 1413 1657 factam
1428 1629 1519 1658 esse
1538 1618 1819 1669 provinciam,
1832 1618 2023 1657 missum-

1136 1692 1220 1733 que
1240 1680 1462 1732 Catonem,
1483 1681 1581 1733 quia
1601 1682 1652 1721 P.
1674 1681 1848 1721 Clodius
1867 1686 2022 1733 captus

1137 1756 1162 1783 a
1187 1744 1363 1795 piratis,
1392 1756 1518 1797 quum
1549 1757 1693 1797 regem
1726 1753 1938 1797 rogasset,
1971 1750 2022 1785 ut

1134 1819 1180 1847 se
1227 1807 1473 1860 redimeret,
1518 1809 1613 1848 Rex
1661 1809 1771 1849 adeo
1818 1810 2019 1861 exiguum

1134 1871 1321 1923 pretium
1356 1872 1486 1921 misit,
1527 1878 1575 1913 ut
1609 1873 1762 1925 piratae
1804 1874 1910 1915 illud
1947 1886 2019 1915 ac-

1133 1934 1280 1986 cipere
1330 1935 1684 1989 dedignarentur,
1727 1944 1773 1979 et
1821 1939 2018 1980 Clodium

1133 2001 1323 2050 gratuito
1343 2000 1559 2041 dimittere
1581 2003 1822 2044 maluerint.
1875 2004 2019 2045 Quare

1131 2062 1378 2115 indignatus
1399 2064 1574 2105 Clodius
1593 2065 1634 2105 iu
1665 2066 1850 2118 patriam
1874 2078 2019 2107 rever-

1131 2139 1216 2178 sus,
1229 2133 1274 2168 et
1293 2127 1394 2169 trib.
1409 2129 1467 2180 pl.
1485 2134 1671 2181 creatus,
1689 2131 1827 2183 legem
1847 2130 1947 2172 tulit
1964 2130 2019 2171 de

1131 2190 1345 2242 ejiciendo
1358 2204 1474 2244 rege,
1485 2193 1780 2246 capiendaque
1797 2195 2019 2247 provincia

1132 2267 1211 2307 per
1231 2256 1459 2308 Catonem,
1490 2257 1563 2309 qni
1595 2255 1831 2309 profectus,
1869 2263 1914 2298 et
1945 2269 2016 2299 ac-

1131 2324 1262 2370 cepta
1279 2319 1476 2370 pecunia,
1495 2319 1642 2371 libros,
1657 2321 1698 2359 in
1713 2322 1867 2373 quibus
1885 2322 2017 2362 totius

1132 2382 1327 2433 pecnniae
1345 2395 1507 2422 summa
1524 2383 1842 2435 continebatur,
1860 2384 2017 2426 amisit.

1132 2445 1273 2487 Quum
1306 2445 1438 2497 igitur
1469 2446 1651 2498 populus
1682 2447 1891 2487 rationem
1921 2448 2016 2500 ejus

1131 2512 1328 2564 pecnniae
1379 2517 1643 2565 reposceret,
1689 2512 1874 2554 Senatus
1917 2526 2013 2554 eam

1131 2577 1385 2617 relationem
1406 2577 1605 2618 interdici
1619 2577 1808 2628 volebat,
1825 2587 1872 2618 ut
1887 2590 2014 2630 prox·-

1129 2640 1224 2680 imis
1255 2641 1439 2682 comitiis
1472 2642 1646 2682 Praetor
1681 2643 1821 2682 creari
1854 2648 2014 2695 posset,

1127 2703 1240 2757 quod
1256 2704 1328 2744 ille
1348 2703 1442 2744 fieri
1468 2717 1551 2744 non
1580 2705 1794 2757 permisit,
1821 2705 2011 2760 iniquum

1128 2779 1221 2807 esse
1241 2768 1488 2808 existimans
1505 2768 1585 2808 sibi
1603 2768 1747 2819 tribui,
1766 2770 1880 2822 quod
1907 2769 2014 2810 nulli

1127 2841 1309 2883 unquam
1355 2843 1601 2871 concessum
1649 2830 1815 2884 fuisset,
1857 2834 2014 2875 maluit

1124 2895 1276 2947 populi
1307 2896 1597 2936 temeritatem
1635 2896 1838 2949 experiri,
1882 2910 2010 2950 quam

1122 2961 1306 3001 Senatus
1346 2962 1610 3014 benignitate
1651 2962 1754 3004 frui.
1809 2965 1926 3005 Huic
1963 2966 2008 3004 in

1123 3026 1304 3078 patriam
1342 3026 1557 3073 redeunti,
1593 3039 1722 3080 quum
1755 3027 1809 3068 ad
1855 3029 2008 3069 urbem

1121 3089 1399 3141 accessisset,
1434 3095 1555 3131 tanta
1585 3091 1722 3130 omnis
1756 3092 1924 3142 generis
1958 3097 2005 3132 et

1120 3151 1284 3192 ordinis
1308 3152 1539 3204 hominum,
1557 3156 1645 3192 tam
1666 3153 2003 3204 Magistratuum

1118 3225 1245 3265 quam
1280 3215 1558 3254 Sacerdotum
1585 3219 1630 3255 et
1658 3214 1791 3266 ipsius
1817 3214 2001 3254 Senatus

1116 3283 1248 3330 atque
1260 3279 1390 3318 etiam
1408 3279 1565 3331 plebis,
1579 3277 1821 3330 frequentia
1832 3277 2001 3318 obviam

1116 3353 1366 3392 processum
1399 3348 1480 3393 est,
1510 3347 1621 3382 teste
1659 3341 1912 3392 Plutarcho,
1949 3346 1999 3382 ut

1117 3404 1189 3443 vix
1230 3405 1335 3458 ripae
1368 3403 1553 3445 fluminis
1595 3414 1750 3454 capere
1788 3407 1992 3454 possent:

1115 3479 1213 3508 nam
1233 3481 1258 3508 a
1287 3469 1501 3520 triumpho
1529 3467 1633 3507 nihil
1664 3465 1800 3506 ferme
1830 3466 1994 3507 distare

1114 3531 1357 3574 videbatur.
1377 3531 1605 3573 Nonnullis
1622 3541 1721 3582 vero
1738 3535 1839 3571 tunc
1853 3543 1997 3583 agres-
