2346 3996
401 274 544 328 1350

401 408 687 460 protrivisset,
709 408 866 449 insidiis
883 421 1053 451 suorum
1079 411 1280 454 interfec-

403 479 471 512 tus
490 478 582 512 est:
614 474 655 512 in
692 473 772 513 hoc
811 475 901 514 solo
931 475 1133 517 Romanis
1162 479 1278 518 circa

401 548 496 574 eum
546 535 716 575 fortiter
754 537 994 589 agentibus,
1031 540 1145 593 quod
1178 553 1276 592 per-

403 611 597 639 cussores
631 600 720 651 ejus
750 600 944 653 indignos
972 603 1148 655 praemio
1161 605 1278 657 judi-

402 663 588 702 carunt!
620 663 746 702 Idem.

459 724 572 765 Ex'r.
619 727 682 777 §1
714 725 869 777 Verum,
905 727 990 778 ssa]
1030 729 1142 769 Satis
1180 742 1276 770 con-

405 792 493 827 stat
530 789 902 840 Carthaginienses
941 792 1076 843 primo
1113 794 1276 834 Punico

402 850 534 899 bello,
568 851 701 891 ductu
738 859 783 892 et
817 854 1005 906 auspicio
1042 855 1107 894 Μ.
1138 856 1278 896 Attilii

401 914 561 965 Reguli
579 915 733 968 saepius
753 922 990 969 superatos,
1020 919 1071 958 ad
1092 931 1184 959 eam
1204 932 1276 960 ne-

400 978 648 1018 cessitatem
685 979 853 1020 demum
895 979 1027 1021 fuisse
1065 983 1279 1034 redactos,

397 1048 488 1083 uta
508 1043 846 1085 Lacedaemoniis
878 1047 1035 1087 auxilia
1061 1054 1277 1100 peterent,

399 1108 499 1160 quia
534 1109 661 1149 aliter
701 1110 813 1150 vires
851 1111 1064 1152 Romanas
1100 1115 1277 1154 ulterius

397 1171 510 1211 ferre
526 1184 610 1211 non
629 1178 817 1224 possent.
875 1174 1187 1215 Lacedaemonii
1204 1177 1277 1226 igi-

398 1238 469 1274 tur
516 1235 779 1288 Xantippum
828 1236 930 1278 belli
971 1239 1273 1289 peritissimum

400 1298 554 1338 ducem
598 1312 693 1339 cum
736 1301 940 1340 trecentis
979 1301 1195 1354 equitibus
1231 1303 1273 1341 in

400 1373 546 1401 eorum
565 1363 768 1402 auxilium
787 1363 1011 1414 miserunt,
1025 1367 1097 1416 qui
1118 1364 1273 1405 Asdru-

397 1423 485 1463 bali
507 1424 921 1476 Carthaginiensium
951 1425 1051 1466 duci
1072 1427 1274 1478 conjunc-

398 1493 482 1539 tuS,
521 1489 756 1528 Romanum
784 1489 954 1538 ducem,
984 1501 1079 1529 cum
1114 1491 1274 1531 virtute

399 1563 486 1591 non
507 1557 672 1603 posset,
710 1556 802 1592 arte
832 1557 878 1592 et
905 1553 1069 1593 insidiis
1101 1566 1274 1605 perver-

399 1620 492 1655 tere
511 1615 731 1667 cogitavit.
801 1615 955 1668 Itaque
975 1630 1070 1658 cum
1090 1618 1143 1658 ad
1166 1631 1276 1670 prae-

395 1678 498 1718 lium
536 1679 749 1733 utrimque
783 1680 898 1720 acies
926 1681 1148 1723 instructae
1181 1694 1277 1722 con-

399 1742 625 1791 stitissent‚
634 1743 813 1795 jamque
826 1755 969 1795 pugna
989 1750 1105 1785 esset
1124 1757 1276 1786 accen-

399 1819 460 1854 sa,
492 1805 631 1856 Poeni,
661 1807 858 1846 simulato
886 1813 1019 1858 metu,
1051 1808 1093 1848 in
1130 1807 1274 1861 fugam

397 1877 741 1912 consternuntur.
811 1872 1052 1913 Locaverat
1088 1874 1274 1928 Xantip-

398 1947 478 1987 pus
497 1935 654 1975 milites
672 1935 716 1974 in
736 1935 894 1976 insidiis
912 1950 924 1986 ς
962 1937 1177 1978 Romanus
1197 1939 1276 1991 igi-

398 2005 470 2039 tur
483 1997 614 2039 effuse
629 1997 865 2050 fugientem
880 2000 1045 2041 hostem
1059 2013 1142 2041 non
1156 2004 1272 2054 prius

393 2064 562 2117 insequi
593 2063 776 2114 destitit,
807 2077 928 2117 quam
961 2077 1015 2105 ex
1046 2066 1273 2117 improviso

396 2127 695 2179 praecipitatur
731 2127 774 2166 in
822 2127 1009 2179 insidias,
1051 2129 1124 2168 ubi
1172 2131 1273 2170 coesi

395 2191 534 2242 multi,
553 2197 598 2230 et
624 2190 799 2230 Attilius
823 2197 975 2241 captus
992 2198 1076 2243 est,
1097 2193 1274 2232 Cartha-

396 2254 620 2307 ginemque
653 2254 823 2294 ductus.
878 2256 988 2296 Post
1010 2261 1168 2296 tantam
1196 2255 1273 2309 igi·

395 2327 466 2362 tur
488 2322 705 2362 victoriam
736 2327 830 2362 arte
860 2322 1074 2374 Xantippi
1103 2336 1274 2375 compa-

395 2391 548 2435 ratam,
567 2385 941 2437 Carthaginienses
966 2386 1061 2426 haee
1082 2387 1142 2426 illi
1163 2399 1272 2438 prae-

393 2449 478 2489 mia
501 2450 758 2502 retulerunt,
787 2450 886 2502 quia
912 2462 1074 2489 summa
1093 2449 1274 2502 perfidia

393 2513 473 2563 usi,
495 2512 744 2553 redeuntem
779 2513 821 2550 in
854 2513 1056 2562 patriam,
1087 2513 1271 2553 simulati

393 2576 568 2616 honoris
602 2576 737 2627 gratia
766 2587 862 2615 cum
891 2576 1033 2615 multis
1064 2575 1271 2616 militibus

394 2640 604 2686 comitati,
625 2640 668 2679 in
691 2640 779 2679 alto
799 2639 1138 2678 submerserunt.
1164 2640 1269 2680 oliv.

450 2702 718 2754 Xantippum]
764 2702 865 2742 Fuit
899 2702 969 2741 hic
1006 2703 1270 2753 Xanfippus,

395 2771 509 2806 teste
530 2767 753 2806 Macrobio
768 2766 984 2806 Saturnal.
1002 2765 1076 2806 lib.
1096 2776 1129 2806 1.
1149 2767 1270 2805 Peri-

396 2829 471 2868 clis
487 2827 615 2868 filius.
637 2830 762 2868 Idem.

447 2891 687 2932 simulantes
702 2904 784 2931 sese
801 2891 973 2942 domum]
1005 2892 1183 2931 Domum
1206 2897 1269 2932 ta-

393 2968 491 2997 men
508 2956 685 2995 rediisse
702 2955 895 2995 scribunt
920 2954 1125 3006 Polybius
1144 2956 1216 2996 lib.
1236 2968 1268 2996 1.

396 3023 573 3064 Orosius
593 3021 700 3061 libro
723 3033 755 3061 1.
786 3027 832 3060 et
863 3031 948 3059 vn.
968 3031 1064 3070 cap.
1085 3023 1124 3060 9.
1173 3020 1269 3060 Cor-

394 3091 481 3128 rad.

447 3152 500 3190 In
534 3150 634 3202 alto]
681 3149 733 3190 In
763 3149 885 3188 mari.
943 3149 993 3187 In
1021 3150 1103 3188 alto
1128 3161 1268 3189 merse-

393 3215 507 3267 runt]
543 3213 844 3255 Atrebatensis
877 3218 922 3251 et
953 3212 1270 3252 Winchelianus

391 3280 567 3330 habent,
583 3279 626 3318 in
645 3278 723 3318 alto
740 3277 842 3316 mari
865 3280 1093 3315 merserunt.
1140 3276 1266 3328 Pigh.

448 3346 470 3397 ς
499 3348 524 3383 2
552 3343 740 3393 Annibal,
769 3340 859 3394 ξω]
905 3341 1012 3381 Cum
1030 3343 1269 3383 Nucerinos

395 3409 612 3449 obsideret
632 3407 835 3458 Annibal,
853 3417 941 3457 eos„
958 3406 1061 3446 data
1079 3405 1178 3457 fide,
1199 3419 1269 3448 vo·

393 3473 507 3512 cavit
523 3471 574 3511 ad
594 3470 869 3523 colloquium,
898 3470 1198 3522 convenitque,
1221 3476 1270 3510 ut

393 3547 488 3575 cum
509 3534 620 3575 binis
643 3533 906 3575 vestimentis
927 3533 1043 3574 abire
1071 3540 1265 3587 possent:

984 292 1162 331 NOTAE
1205 295 1536 337 VARIORUM
1581 300 1646 339 IN

1343 414 1418 454 sed
1453 427 1547 455 cum
1577 423 1700 456 extra
1730 420 1886 461 moenia
1908 422 2123 466 venissent
2141 437 2220 478 op.

1342 478 1506 529 pidani,
1525 491 1596 518 eos
1615 492 1758 521 omnes
1792 483 1907 524 sicco
1936 484 2090 527 balneo
2122 500 2217 540 per.

1341 541 1449 580 fidus
1470 542 1631 582 Poenus
1651 544 1838 596 inclusit,
1863 546 2063 601 fumoque
2079 555 2126 591 et
2145 564 2220 591 va·

1341 616 1444 655 pore
1465 606 1700 648 crudeliter
1718 610 1902 652 necavit.
1943 613 2104 653 Eadem
2121 626 2217 666 per-

1340 666 1441 706 fidia
1469 680 1588 708 usum
1620 670 1662 709 in
1690 670 1935 713 Acerranos
1963 674 2089 725 dicit,
2110 663 2217 728 quos

1341 736 1465 770 extra
1485 733 1639 771 moenia
1653 733 1829 784 accitos,
1858 734 2019 775 violata
2042 735 2145 786 fide,
2172 738 2216 776 in

1341 792 1597 844 profundum
1613 799 1836 846 puteorum
1853 797 2114 850 praeeipitari
2122 799 2217 851 jus-

1342 856 1412 895 sit.
1469 857 1540 896 De
1578 856 1807 897 Acerranis
1845 871 1925 899 non
1954 861 2087 901 sentit
2118 874 2213 902 cum

1340 918 1476 967 Livio,
1516 920 1586 971 qui
1628 931 1702 960 eos
1739 933 1763 960 e
1801 921 1993 962 manibus
2029 922 2214 963 hostium

1341 981 1525 1022 evasisse
1546 983 1650 1023 dicit
1670 997 1680 1022 ι
1709 984 1722 1006 ⁴
1742 984 1934 1035 Poenus,’
1952 984 2106 1037 inquit,
2121 985 2134 1007 ⁸
2158 985 2216 1025 A·

1340 1056 1481 1084 cerras
1504 1047 1684 1097 primum
1716 1048 1769 1087 ad
1798 1048 2075 1089 voluntariam
2094 1048 2214 1088 dedi·

1339 1108 1496 1147 tionem
1545 1117 1720 1150 conatus
1768 1112 1944 1163 pellere,
1987 1117 2213 1164 postquam

1339 1171 1445 1210 vidit
1463 1171 1561 1211 inde
1576 1173 1831 1223 obstinatos,
1850 1173 2045 1214 obsidere
2063 1186 2114 1214 ac
2137 1186 2214 1225 op·

1339 1246 1529 1284 pugnare
1551 1243 1687 1286 parat.
1745 1238 1960 1278 Caeterum
1986 1236 2214 1291 Acerranis

1337 1298 1433 1348 plus
1448 1298 1572 1338 animi
1591 1311 1716 1350 quam
1733 1300 1885 1340 virium
1909 1304 2028 1340 erat:
2065 1299 2212 1352 itaque

1339 1361 1565 1412 desperata
1585 1363 1720 1402 tutela
1739 1363 1870 1414 urbis,
1895 1368 1944 1402 ut
1962 1363 2213 1403 circumval-

1337 1425 1415 1463 lari
1438 1426 1594 1466 moenia
1605 1425 1821 1476 viderunt,
1846 1425 2092 1478 priusquam
2113 1434 2213 1464 con-

1338 1488 1604 1528 tinuarentur
1618 1489 1804 1529 hostium
1825 1499 1968 1540 opera,
1987 1499 2064 1540 per
2082 1488 2212 1528 inter-

1337 1551 1465 1590 missa
1482 1551 1757 1599 munimenta,
1783 1551 2090 1604 neglectasque
2117 1563 2213 1590 cus-

1339 1615 1478 1654 todias
1494 1615 1664 1655 silentio
1677 1616 1814 1655 noctis
1826 1615 2008 1667 delapsi,
2030 1625 2108 1667 per
2123 1614 2212 1654 vias

1338 1679 1556 1731 inviaque,
1568 1690 1650 1731 qua
1666 1690 1876 1732 quemque
1897 1683 1972 1718 aut
1989 1677 2210 1718 consilinm

1339 1750 1412 1784 aut
1440 1750 1579 1785 terror
1606 1745 1719 1796 tulit,
1738 1745 1781 1783 in
1802 1744 1930 1784 urbes
1950 1735 2213 1796 Campaniae,

1339 1820 1443 1860 quas
1474 1808 1577 1848 satis
1607 1813 1771 1847 certum
1800 1812 1895 1847 erat
1920 1818 2005 1846 non
2022 1812 2210 1845 mutasse

1337 1870 1480 1921 fidem,
1498 1869 1791 1922 perfugerant.
1819 1869 2022 1918 Annibal,
2037 1868 2210 1908 Acerris

1337 1934 1517 1986 direptis
1535 1940 1666 1986 atque
1685 1933 1886 1982 incensis,
1904 1931 2138 1972 exercitum
2155 1931 2209 1970 ad

1335 1998 1591 2038 Cassilinum
1610 1996 1758 2037 ducit!
1789 1995 1942 2036 oliver.

1393 2064 1490 2103 Cum
1525 2062 1627 2102 binis
1658 2062 1897 2102 vestimentis
1925 2060 2055 2100 urbem
2081 2073 2209 2111 egres-

1334 2127 1413 2178 sos]
1456 2127 1525 2167 Ita
1546 2128 1686 2177 vulgo.
1741 2124 1854 2164 Atin
1868 2123 1988 2164 Livio
2006 2123 2102 2163 haec
2117 2124 2210 2175 ipsa

1333 2197 1552 2240 narrante,
1570 2190 1747 2241 singulis
1782 2187 2046 2228 vestimentis
2064 2198 2211 2238 egres-

1335 2267 1402 2294 sos
1439 2267 1511 2294 eos
1547 2255 1678 2306 leges.
1735 2251 1804 2292 An
1838 2252 1971 2304 igitur
1997 2251 2092 2291 hic:
2121 2263 2210 2290 cum

1330 2318 1459 2369 privis
1494 2314 1777 2357 vestimentis?
1845 2317 1953 2357 Quae
1989 2314 2209 2365 corruptio

1336 2381 1486 2420 eadem
1508 2387 1553 2420 et
1571 2381 1785 2420 correctio
1816 2379 1915 2419 alibi
1936 2378 1979 2418 in
1999 2378 2119 2418 Livio
2137 2389 2212 2416 no-

1336 2449 1444 2484 tata.
1500 2444 1594 2484 Nisi
1632 2444 1666 2483 si
1699 2443 1843 2483 Livius
1879 2443 2044 2493 singula
2080 2441 2210 2480 vesti-

1334 2515 1481 2550 menta
1506 2510 1640 2561 capit,
1665 2521 1788 2548 unam
1809 2513 1968 2559 togam,
1993 2516 2120 2546 unam
2142 2511 2209 2545 tu-

1335 2573 1488 2613 nicam.
1546 2573 1642 2613 Quo
1667 2575 1868 2623 respectu
1900 2574 2018 2610 recte
2046 2573 2093 2609 et
2112 2567 2211 2608 bina

1336 2640 1381 2676 et
1399 2636 1562 2687 singula
1582 2634 1754 2675 dixeris.
1783 2633 1896 2684 Lips.

1395 2700 1545 2751 Vapore
1563 2703 1600 2738 et
1619 2696 1755 2747 fumo]
1799 2697 1870 2736 Sic
1891 2695 2069 2737 Catulus
2087 2706 2134 2735 se
2149 2695 2209 2746 ig·

1333 2764 1398 2803 nis
1434 2764 1585 2801 haustu
1617 2761 1798 2800 ludibrio
1829 2759 2008 2798 hostium
2034 2758 2208 2798 exemit.

1335 2825 1513 2866 Orosius
1529 2824 1584 2863 de
1599 2823 1717 2863 obitu
1734 2822 1952 2864 Joviniani
1970 2835 1982 2862 ε
2011 2821 2024 2844 ⁴
2043 2821 2149 2861 Cum
2162 2821 2207 2860 in

1333 2889 1576 2929 cubiculum
1599 2887 1811 2940 quoddam
1840 2898 1995 2926 novum
2025 2897 2071 2926 se
2090 2897 2207 2925 rece-

1333 2954 1482 3006 pisset,
1532 2953 1675 2991 calore
1710 2961 1940 3002 prunarum
1979 2953 2025 2990 et
2060 2947 2208 2989 nidore

1332 3017 1544 3069 parietum
1579 3027 1716 3067 nuper
1747 3014 1864 3054 calce
1900 3009 2100 3053 illitoium
2134 3023 2211 3063 ag·

1334 3088 1533 3134 gravatus
1562 3085 1608 3120 et
1640 3075 1900 3118 suffocatus!
1951 3077 2022 3116 De
2054 3074 2206 3114 eodem

1333 3145 1566 3195 Eutropius
1605 3141 1680 3183 lib.
1713 3152 1760 3181 x.
1819 3139 2052 3191 Inscriptio
2082 3143 2208 3177 vetus

1334 3210 1484 3249 Romae
1505 3207 1680 3246 inventa
1698 3217 1709 3244 :

1653 3269 1708 3308 D.
1743 3267 1807 3306 M.
1837 3266 1887 3305 L.

1394 3344 1576 3375 AElurmr.
1604 3339 1825 3371 vlc'roms.
1855 3337 1954 3371 Qvi.
1976 3336 2140 3368 Parme

1389 3406 1621 3440 NATALEM.
1658 3403 1799 3434 SVVM.
1828 3402 1952 3432 xxn.
1980 3400 2137 3430 anna

1334 3475 1399 3505 m.
1431 3471 1621 3502 Pensm.
1658 3466 1834 3498 Posr'rA.
1875 3463 2104 3494 VRGENTE.
2133 3462 2207 3493 FA-

1491 3536 1564 3566 Το.
1593 3533 1705 3564 IPSE.
1739 3528 1952 3560 NEcAvrr.
1981 3527 2046 3559 sis.
