2346 3996
327 318 468 402 1280

328 450 478 500 primo,
497 451 545 490 C.
568 448 744 500 Sulpicii
762 448 877 488 Galli
893 448 1118 500 propinqui
1139 449 1203 487 sui

327 514 456 552 filium
479 514 683 565 pupillum
718 513 759 551 in
781 511 977 550 humeros
998 511 1203 550 extulisse

327 576 489 615 scribit.
524 576 640 625 Pigh.
697 573 825 627 Galli]
867 573 983 613 Galli
1013 573 1202 623 Sulpitii.

328 640 398 678 De
418 652 500 691 quo
519 643 676 689 praeter
692 636 944 677 Ciceronem
976 635 1204 677 Quintilia-

328 715 421 742 nus.
455 704 582 742 Coler.

381 764 601 815 Absolutio]
629 763 784 816 Inique
804 768 945 803 tamen
966 764 1068 803 data
1086 763 1205 803 vide-

255 878 257 880 *
327 833 408 867 tur.
438 827 549 867 Nam
570 827 910 867 misericorditer
927 827 1093 877 agendo
1109 839 1202 866 cum

328 891 486 942 pueriS,
506 891 646 943 impie,
666 899 807 930 actum
836 896 902 930 est
922 902 1016 930 cum
1041 890 1205 929 Lusita-

329 955 393 992 nis
415 960 502 994 tam
534 954 665 1006 impie
693 954 939 1004 trucidatis,
968 955 1203 1005 praesertim

329 1030 424 1057 cum
441 1017 716 1069 liberosve-jus
737 1017 818 1057 alia
835 1017 1068 1068 viajuvare
1086 1022 1206 1068 pote-

328 1085 440 1121 rant.
471 1081 640 1120 Badius.

382 1144 405 1194 ξ)
427 1146 450 1182 3
470 1142 596 1182 Aulus
618 1141 834 1193 Gabinius]
863 1142 917 1182 In
935 1142 1121 1182 maximo
1140 1154 1206 1182 ar·

329 1206 434 1246 dore
453 1206 633 1246 infamiae
653 1206 722 1246 hic
746 1206 843 1256 fuit,
868 1212 1072 1258 corrupto
1092 1207 1207 1246 vide-

329 1271 434 1312 licet
447 1272 659 1321 exercitu,
681 1271 745 1309 vel
764 1271 905 1310 verius
921 1270 1095 1310 vendito
1111 1270 1207 1310 Ari-

329 1334 541 1385 obarzani,
563 1334 633 1386 qui
669 1334 955 1373 Ptolemaeum
979 1334 1208 1373 reduxerat

327 1398 369 1436 in
390 1408 584 1447 regnum,
618 1402 665 1436 ut
685 1409 814 1448 supra
847 1398 1010 1437 dictum
1030 1402 1111 1447 est,
1132 1398 1207 1437 sed

327 1459 470 1509 potius
481 1458 564 1499 fuit
579 1460 852 1512 pecuniarum
872 1460 1208 1512 repetundarum

329 1523 525 1563 reushoc
546 1525 658 1563 loco.
712 1525 784 1564 De
812 1524 1060 1576 majestate,
1089 1523 1209 1574 cnjus

329 1597 425 1625 eum
446 1587 655 1626 Lentulus
675 1587 872 1627 Flaminii
890 1587 1002 1627 filius
1023 1588 1211 1639 postula-

331 1656 469 1702 verat,
508 1652 727 1692 absolutus
766 1657 851 1704 est,
889 1658 936 1692 ut
969 1652 1122 1693 Cicero
1155 1651 1208 1692 ad

331 1715 426 1754 Att.
463 1715 520 1754 Et
537 1716 666 1766 paulo
687 1721 808 1767 post:
832 1716 909 1755 Est
928 1715 1082 1756 omnino
1097 1715 1214 1765 gravi

320 1779 436 1828 fama
454 1780 523 1819 hoc
548 1780 751 1830 judicium,
768 1784 812 1820 ut
839 1779 1019 1820 videatur
1038 1780 1213 1832 reliquis

326 1842 501 1894 judiciis
544 1843 760 1894 periturus.
835 1842 1015 1894 Reliquae
1047 1843 1215 1892 ‚iudiciis

333 1904 459 1953 dixit,
490 1905 618 1945 videl.
651 1905 704 1945 de
742 1905 924 1955 ambitu,
957 1906 1080 1957 cujus
1117 1919 1214 1948 eum

331 1969 511 2010 Publius
531 1971 649 2021 Sylla
670 1981 789 2009 reum
806 1969 914 2010 fecit
941 1970 983 2009 in
1002 1971 1215 2021 petitione

333 2034 598 2084 consulatuS‚
615 2038 660 2073 et
680 2032 1031 2084 repetundarum,
1051 2033 1106 2072 de
1125 2034 1215 2085 qui-

335 2094 413 2134 bus
449 2094 637 2134 nondum
675 2096 918 2146 postulatus
954 2100 1060 2137 erat.
1119 2097 1216 2137 Hoc

333 2162 475 2197 autem
507 2157 550 2196 in
584 2165 772 2210 praetura
803 2159 937 2211 Syriae
970 2158 1132 2200 factum
1155 2160 1218 2199 in·

333 2221 541 2271 telligam.
598 2221 668 2259 De
699 2221 885 2261 Gabinio
921 2221 1034 2261 idem
1065 2223 1219 2262 Cicero

332 2284 395 2322 ita
413 2283 549 2322 sensit
567 2282 610 2322 in
629 2283 811 2334 Senatu,
827 2295 956 2336 quum
976 2284 1029 2324 de
1048 2285 1219 2336 provin-

335 2346 414 2386 ciis
443 2347 740 2387 consularibus
776 2347 969 2387 diceret:
1018 2348 1030 2371 ‘
1054 2348 1219 2400 Syriam

333 2410 428 2461 ipse
469 2410 634 2456 consul,
676 2414 725 2450 ut
763 2411 867 2451 Piso
903 2410 1219 2457 Macedoniam,

335 2479 597 2524 occuparem
633 2472 674 2512 in
707 2486 790 2525 qua
827 2473 889 2513 ita
914 2485 960 2513 se
988 2474 1134 2523 gessit,
1172 2479 1222 2514 ut

337 2536 429 2575 Rex
462 2535 771 2576 Ariobarzanes
806 2537 946 2588 ipsum
976 2536 1030 2576 ad
1057 2537 1221 2577 caedem

337 2599 578 2639 faciendam
607 2601 898 2651 conduceret;
930 2601 1162 2641 adveniens
1179 2601 1222 2640 in

337 2663 505 2715 Syriam
526 2664 765 2716 equitatum
788 2665 1008 2705 amitteret
1027 2678 1037 2704 :
1076 2665 1225 2704 cohor-

341 2728 456 2767 tibus
499 2733 648 2779 postea
711 2729 911 2779 concisis,
966 2728 1224 2769 Publicanos

344 2801 482 2841 prope
513 2790 555 2828 in
586 2791 835 2830 servitutem
855 2790 1020 2832 Judaeis
1041 2796 1087 2830 et
1106 2791 1224 2843 Syris

349 2853 565 2892 traderet:
623 2865 720 2893 nam
749 2854 823 2906 jus
860 2855 1105 2895 Publicanis
1144 2867 1227 2895 non

342 2915 468 2962 dixit,
501 2916 723 2967 pactiones
762 2918 852 2956 sine
891 2918 1046 2969 injuria
1085 2917 1225 2959 factas

340 2979 538 3030 rescidit,
552 2979 768 3019 custodias
783 2982 973 3033 sustulit,
987 2983 1226 3035 vectigales

342 3043 499 3083 multos
514 3056 563 3083 ac
584 3044 886 3096 stipendiarios
906 3046 1124 3100 liberavit,
1146 3061 1228 3100 quo

345 3105 391 3144 in
410 3105 570 3157 oppido
589 3106 682 3157 ipse
700 3111 830 3154 esset,
847 3113 921 3147 aut
942 3120 1025 3160 quo
1047 3110 1231 3170 veniret,

348 3168 650 3220 Publicanum,
686 3175 762 3210 aut
796 3170 1023 3211 Publicani
1060 3184 1230 3213 servum

345 3243 441 3272 esse
467 3231 638 3272 vetuit!
679 3232 827 3272 Oliver.

398 3294 597 3346 Excusso]
625 3295 735 3337 Quia
771 3295 945 3347 indigne
977 3295 1149 3338 ferebat
1184 3299 1232 3338 il·

346 3360 432 3398 lum
455 3365 656 3412 tanquam
676 3371 796 3412 reum
816 3360 1016 3399 annulum
1046 3373 1130 3400 non
1151 3362 1227 3402 de-

349 3422 562 3474 posuisse.
617 3423 795 3463 Excusso
813 3435 834 3462 e
851 3422 1048 3474 manibus]
1078 3425 1160 3464 Rei
1189 3431 1234 3465 et

354 3486 575 3538 supplices
623 3487 802 3526 annulos
849 3487 1084 3539 ponebant,
1116 3501 1233 3529 more

348 3549 584 3601 lugentium
634 3554 709 3590 aut
745 3561 1091 3592 aerumnosorum.
1163 3552 1234 3592 Sic

901 330 1076 368 NO'I'AE
1119 330 1450 370 VAmoRUM
1494 332 1559 370 ΙΝ
1610 358 1613 360 -

1266 447 1319 487 P.
1341 448 1391 487 R.
1416 448 1467 488 ad
1486 449 1687 488 Caudinae
1710 449 1825 501 pacis
1847 449 2043 489 nuncium
2065 459 2140 489 an-

1266 511 1385 550 nulos
1405 513 1565 562 posuit,
1586 518 1696 552 teste
1718 515 1855 554 Livio.
1902 515 1968 552 De
1987 527 2072 565 qua
2090 526 2136 554 re

1266 574 1404 625 plura,
1425 587 1520 614 cum
1541 577 1654 625 Deo,
1688 577 1727 615 in
1759 578 1963 628 peculiari
1992 578 2138 619 libello

1265 637 1318 675 de
1336 638 1364 678 J
1369 649 1442 677 ure
1463 640 1731 690 annulorum,
1750 653 1876 693 quem
1904 654 2038 694 prope
2063 643 2139 688 ,ad-

1266 697 1425 739 fectum
1440 700 1595 740 habeo.
1627 701 1756 741 Coler.

1320 763 1343 812 ᾗ
1357 764 1382 800 4
1405 761 1570 801 Publius
1586 762 1794 814 Claudius]
1812 764 1960 805 Livius
1973 779 1986 806 τ
1997 764 2141 806 .‘Clau·

1266 823 1360 862 dius
1397 824 1586 863 Pulcher
1622 819 1804 876 consul,'
1840 828 1996 880 inquit,
2037 830 2050 851 ‘
2071 829 2142 881 qui

1267 881 1422 926 contra
1440 887 1630 938 auspicia
1649 887 1885 939 profectus,
1907 891 2036 941 jussit
2066 891 2144 930 im·

1267 949 1401 1001 mergi
1421 951 1576 1001 pullos,
1595 951 1667 1003 qui
1685 952 1819 992 cibari
1835 953 2057 1010 nolebant,
2083 953 2143 992 in-

1267 1011 1452 1052 feliciter
1511 1014 1716 1054 adversus
1767 1015 2143 1067 Carthaginienses

1268 1076 1406 1116 classe
1427 1079 1653 1129 pugnavit,
1669 1084 1714 1118 et
1734 1085 1954 1119 revocatus
1974 1091 1997 1118 a
2016 1079 2146 1119 Sena-

1268 1144 1332 1190 tn,
1349 1139 1584 1193 jussusque
1611 1141 1873 1182 dictatorem
1905 1141 2065 1193 dicere,
2096 1142 2146 1182 C.

1270 1202 1495 1242 Glauciam
1515 1203 1641 1254 dixit,
1665 1205 1793 1244 sortis
1824 1205 1986 1246 ultimae
2014 1205 2147 1245 homi—

1267 1278 1382 1316 nem,
1401 1266 1472 1318 qui
1507 1272 1687 1306 coactus
1708 1280 1754 1308 se
1773 1267 1972 1308 abdicare
1990 1268 2147 1320 magis-

1270 1334 1404 1376 tratu,
1419 1335 1573 1381 postea
1591 1328 1713 1369 ludos
1727 1334 2013 1381 praetextatus
2026 1343 2150 1382 spec-

1270 1390 1410 1430 tavit?
1467 1391 1692 1430 Suetonius
1710 1392 1754 1431 in
1771 1393 1878 1432 Vita
1908 1393 2006 1433 Tib.
2022 1394 2151 1441 Clau*

1270 1453 1354 1493 dii:
1404 1453 1416 1474 ‘
1431 1452 1669 1504 Claudius}
1716 1454 1874 1508 inquit,
1913 1457 1926 1478 ‘
1946 1456 2153 1508 Pulcher,

1270 1516 1385 1569 apud
1405 1517 1592 1557 Siciliam
1613 1529 1698 1557 non
1719 1518 1997 1569 pascentibus
2013 1520 2057 1559 in
2080 1532 2151 1560 au-

1272 1580 1482 1632 spicando
1505 1582 1650 1633 pullis,
1682 1595 1733 1622 ac
1752 1595 1831 1635 per
1851 1589 2149 1636 contemptum

1272 1643 1491 1695 religionis
1512 1645 1618 1684 mari
1643 1644 1868 1699 demersis,
1887 1646 2009 1699 quasi
2025 1651 2074 1687 ut
2092 1646 2154 1687 bi-

1274 1708 1623 1761 berent,quando
1642 1722 1735 1749 esse
1753 1712 1935 1763 nollent,
1955 1713 2152 1764 proelium

1274 1772 1426 1812 navale
1446 1772 1559 1823 iniit,
1573 1780 1899 1827 superatusque,
1911 1766 2007 1815 cum
2019 1775 2154 1816 dicta·

1276 1840 1416 1875 torem
1429 1834 1579 1876 dicere
1595 1836 1789 1877 aSenatu
1802 1837 2051 1891 juberetur,
2069 1839 2153 1878 vel·

1277 1905 1325 1939 ut
1352 1899 1508 1939 iterum
1541 1899 1723 1939 illudens
1744 1900 1979 1941 discrimini
2015 1902 2154 1954 publi·

1277 1974 1346 2012 cc,
1366 1963 1588 2003 Glauciam
1618 1964 1827 2004 viatorem
1860 1977 1982 2006 suum
2017 1964 2157 2006 dixit!

1281 2026 1431 2066 Oliver.

1368 2093 1682 2134 Vetustissimum
1725 2092 1889 2145 morem]
1963 2092 2156 2145 Majores

1280 2155 1410 2206 enim,
1427 2162 1475 2195 ut
1495 2168 1623 2208 supra
1643 2157 1808 2197 dictum
1837 2161 1920 2204 est,
1951 2155 2055 2195 nihil
2086 2167 2160 2207 ge·

1283 2219 1453 2270 rebant,
1486 2218 1570 2258 nisi
1608 2219 1728 2270 prius
1765 2218 1907 2270 captis
1944 2218 2159 2270 auspiciis.

1283 2282 1408 2322 Idem.

1338 2349 1404 2400 §5
1436 2348 1588 2388 Tuccioe
1614 2347 1802 2399 virginis]
1851 2348 1980 2400 Nam,
2012 2352 2063 2387 ut
2097 2346 2161 2386 in·-

1283 2412 1378 2464 quit
1399 2412 1500 2451 alibi
1521 2411 1687 2451 Poeta:
1716 2413 1729 2433 ‘
1744 2411 1909 2461 Tuccia
1926 2416 2049 2451 casta
2064 2407 2162 2460 fuit,

1284 2474 1361 2514 sed
1380 2486 1464 2514 non
1483 2480 1552 2515 est
1573 2474 1756 2525 credita,
1776 2476 1874 2515 &c..
1925 2475 2022 2514 Hoc
2039 2471 2163 2513 simul

1286 2550 1336 2578 ac
1358 2538 1506 2588 sensit,
1537 2539 1700 2590 palmas
1733 2538 1786 2578 ad
1817 2537 1973 2590 sydera
1994 2537 2165 2584 tollens,

1288 2602 1417 2642 Dixit
1439 2615 1448 2641 ε
1466 2602 1595 2652 Diva,
1617 2601 1839 2654 audi,jam
1857 2601 1938 2641 tibi
1958 2605 2079 2640 casta
2091 2609 2166 2638 ne*-

1286 2676 1378 2716 gor.
1436 2664 1482 2704 Si
1516 2675 1590 2703 rea
1624 2676 1730 2715 sum,
1766 2665 1923 2716 populo
1953 2674 2019 2703 me
2054 2673 2166 2702 nunc

1285 2732 1511 2779 spectante
1532 2727 1726 2766 ministra
1741 2727 1887 2779 Signa,
1902 2725 2056 2778 quibus
2070 2735 2166 2763 nos·

1287 2803 1377 2842 car,
1407 2790 1443 2830 si
1474 2790 1552 2830 tibi
1573 2795 1691 2830 casta
1709 2787 1785 2829 fui.
1842 2789 1994 2838 Dixit3
2024 2791 2068 2827 et
2100 2798 2167 2826 ar-

1288 2858 1412 2906 repto
1433 2852 1655 2905 Tyberino
1675 2853 1718 2892 in
1740 2852 1886 2892 littore
1906 2852 2065 2902 cribro,
2092 2850 2165 2903 Ip-

1290 2930 1336 2958 sa
1372 2916 1501 2957 manu
1537 2928 1689 2968 puram
1723 2914 1908 2956 fluminis
1944 2914 2085 2954 hausit
2125 2926 2168 2953 a·

1291 2993 1445 3035 quam:
1477 2982 1616 3023 Quam
1649 2981 1772 3020 simul
1811 2979 2044 3030 immotam,
2077 2979 2169 3017 nnl-

1289 3046 1386 3085 love
1420 3043 1630 3083 foramine
1661 3044 1841 3095 lapsam,
1886 3042 2077 3082 Pertulit
2113 3041 2168 3081 ad

1291 3113 1462 3149 sanctos
1483 3108 1730 3159 virginitate
1750 3104 1897 3158 focos,’
1916 3108 1996 3163 &c-

1346 3172 1393 3212 Si
1429 3171 1552 3211 sacris
1587 3171 1685 3222 tuis]
1733 3168 2070 3221 Deprecationis
2091 3167 2168 3212 ,in-

1293 3235 1405 3275 cesti
1437 3235 1568 3275 verba
1603 3234 1808 3274 solemnia
1832 3231 2007 3272 Tucciae
2037 3231 2170 3271 exsti-

1294 3299 1399 3338 tisse
1419 3298 1550 3338 etiam
1572 3309 1648 3337 sua
1667 3301 1796 3337 aetate
1818 3294 1972 3336 scribit
1985 3294 2168 3335 Plinius.

1298 3361 1428 3401 Coler.

1348 3424 1450 3465 Item
1469 3423 1614 3463 Lucius
1648 3422 1760 3474 Piso]
1806 3422 1962 3463 Lucius
1980 3421 2082 3462 Piso
2102 3433 2175 3462 ac·

1295 3492 1468 3527 cusatus
1516 3486 1762 3539 injuriarum
1826 3491 1979 3526 contra
2021 3484 2173 3524 socios.

1296 3550 1594 3592 Macedoniarn
1621 3550 1725 3591 Piso
1754 3550 1904 3591 consul
1936 3558 2172 3601 occupave-
