2288 3990
316 354 318 356 ,
355 302 463 357 984

355 437 442 477 illis
463 435 673 476 omissum.
705 434 810 486 Lips.
869 430 871 432 ’

416 501 439 551 §
459 503 483 538 5
519 499 673 538 Valerio
691 503 819 537 autem
838 494 1059 546 Publicola]
1086 495 1233 536 Conti-

357 563 423 612 git
442 561 497 603 A.
517 563 571 604 U.
589 573 775 601 ccxmv.
811 561 897 600 Hic
916 561 1054 612 plebis
1071 566 1234 601 amator

358 625 580 665 Publicola
601 626 755 674 dictus,
784 630 881 675 post
902 624 1040 676 Reges
1059 630 1232 665 exactos

359 690 518 729 Consul
539 701 633 729 cum
653 689 790 727 Bruto
821 694 1006 738 creatus,
1036 688 1078 727 in
1099 689 1234 741 suspi-

358 752 525 792 cionem
555 764 651 791 cum
672 752 860 791 venisset
886 749 1079 791 affectati
1099 752 1236 803 regni,

357 816 470 867 quod
492 815 695 855 videlicet
729 814 845 855 aedes
880 827 975 854 suas
1006 815 1046 854 in
1074 827 1235 855 summo

359 879 495 918 Velioe
528 877 778 928 aedificaret,
804 878 931 929 jussit
950 891 1113 918 omnem
1136 878 1236 917 aedi-

358 940 512 980 ficandi
544 941 767 995 materiam
796 941 839 980 in
869 943 1040 990 planum
1061 940 1238 992 deferri,

358 1004 643 1056 tollendaeque
666 1003 914 1055 suspicionis
936 1004 1089 1056 gratia,
1110 1004 1150 1042 in
1174 1015 1237 1042 ra-

358 1068 524 1107 dicibus
545 1068 698 1108 montis
733 1073 860 1119 atque
894 1067 978 1106 ima
1007 1067 1116 1106 valle
1137 1078 1236 1107 con-

359 1132 518 1171 struxit
540 1130 781 1171 aedificium.

939 314 1113 354 NO‘PAE

417 1196 641 1245 Hetruscis]
687 1194 839 1233 Primis
876 1195 994 1234 Coss.
1032 1195 1078 1233 L.
1108 1194 1135 1234 J
1141 1193 1238 1233 unio

362 1259 497 1298 Bruto
514 1265 559 1297 et
578 1258 754 1296 Valerio
774 1257 967 1306 Volusio,
986 1262 1135 1308 postea
1153 1257 1236 1296 Po-

358 1322 516 1372 plicola
535 1321 667 1371 dicto,
700 1321 799 1360 dum
833 1321 1000 1360 exsules
1019 1320 1239 1372 Tarquinii

358 1397 427 1424 res
442 1398 538 1424 suas
557 1397 631 1436 per
650 1385 735 1424 vim
755 1389 973 1435 repetunt,
989 1384 1124 1435 prima
1143 1384 1237 1424 haec

361 1462 479 1489 arma
499 1456 670 1502 sumpta
690 1455 787 1490 sunt
808 1463 832 1490 a
864 1450 1021 1502 populo
1043 1450 1236 1489 Romano

359 1525 436 1564 pro
455 1513 657 1554 libertate
678 1519 830 1554 contra
846 1514 1053 1554 Veientes
1074 1518 1119 1552 et
1138 1513 1238 1552 Tar-

359 1577 632 1629 quinienses3
663 1578 735 1630 qui
765 1577 864 1617 dum
899 1577 1103 1617 reducere
1123 1575 1238 1617 cives

360 1651 454 1679 suos
482 1640 738 1693 Tarquinios
758 1641 801 1680 in
831 1653 1006 1692 regnum
1027 1640 1239 1681 conaban-

361 1710 447 1755 tur,
467 1716 491 1743 a
504 1703 708 1743 Romanis
724 1704 777 1743 ad
793 1704 958 1744 Arsiam
971 1704 1118 1743 silvam
1135 1704 1239 1744 victi

360 1772 472 1807 sunt.
529 1765 711 1818 Arunte,
757 1767 869 1819 regis
916 1768 1096 1819 Superbi
1137 1766 1241 1819 filio,

360 1830 582 1881 Brutoque
610 1836 759 1869 mutua
791 1831 833 1870 vi
853 1836 896 1870 et
915 1830 975 1871 ira
993 1831 1132 1882 pridie
1153 1831 1240 1871 Ka·

359 1894 478 1933 lend.
500 1894 682 1934 Martias
712 1894 754 1934 in
789 1895 937 1946 praelio
970 1895 1138 1947 occisis,
1158 1896 1241 1935 Po·

359 1958 513 2008 plicola
550 1959 676 1998 Bruti
718 1959 884 2011 collega
919 1960 973 1999 de
1013 1959 1240 2000 Hetruscis

362 2020 566 2072 postridie
586 2021 746 2072 primus
766 2022 985 2074 quadrigis
1015 2022 1056 2062 in
1077 2022 1240 2063 Urbem

364 2089 514 2123 vectus
547 2084 839 2136 triumphavit.
906 2085 1240 2138 Tarquinienses

361 2153 505 2187 autern
524 2147 592 2188 hic
612 2149 806 2201 appellat
836 2149 980 2189 Livius
1012 2154 1139 2202 atque
1160 2148 1240 2190 Di·

364 2211 549 2262 onysius.

415 2274 557 2326 Arsia]
587 2273 728 2315 Aliter
746 2274 928 2327 Dionys.
946 2275 1021 2316 lib.
1041 2288 1085 2316 v.
1124 2277 1137 2299 ‘
1159 2277 1239 2316 Ro·

360 2337 506 2387 mani,'
557 2338 709 2391 inquit,
745 2339 758 2361 ‘
779 2339 943 2390 audito,
990 2340 1137 2380 exules
1185 2351 1240 2379 ex

362 2401 555 2441 omnibus
576 2401 762 2442 Etruriae
795 2401 970 2442 urbibus
999 2403 1240 2443 exercitum

363 2469 513 2505 contra
532 2477 580 2505 se
599 2465 823 2518 colligere3
851 2466 1042 2520 duosque
1062 2468 1243 2520 populos

363 2528 585 2568 Veienteis
605 2534 650 2569 et
674 2530 1039 2582 Tarqffinienseis,
1065 2544 1120 2572 ex
1146 2544 1242 2584 pro-

361 2591 475 2632 fesso
493 2593 588 2633 illos
608 2593 652 2632 in
685 2593 920 2634 obtinendo
942 2595 1101 2648 reditu,
1123 2595 1244 2647 adju-

366 2662 457 2695 tare
474 2669 486 2705 ;
515 2656 587 2696 ubi
600 2655 692 2707 jam
711 2657 870 2698 hosteis
891 2658 1125 2700 adventare
1142 2672 1244 2712 cog-

362 2724 591 2770 noverunt,
617 2721 927 2761 occurrendum
959 2724 1062 2774 rati,
1080 2725 1244 2776 priores

362 2781 538 2821 fluvium
585 2782 789 2834 trajicere
827 2792 1067 2838 occupant:
1116 2793 1246 2840 atque

363 2844 464 2885 inde
479 2845 708 2898 progressi,
722 2858 805 2886 non
822 2850 968 2898 procul
982 2850 1035 2890 ab
1050 2851 1246 2891 Etruscis

366 2910 508 2948 castra
529 2915 692 2960 ponunt
711 2909 754 2949 in
772 2917 898 2962 prato
927 2914 1070 2965 Vinio,
1088 2915 1140 2954 ad
1162 2916 1246 2967 syl-

365 2984 463 3012 vam
479 2972 594 3012 heroi
616 2972 755 3013 Orato
775 2976 968 3017 sacram?
991 2977 1248 3018 Plutarchus

366 3036 408 3075 in
457 3036 633 3076 Valerio
669 3037 921 3088 Poplicola:
970 3040 982 3062 ‘
1005 3040 1248 3082 Adversum

366 3111 437 3138 eos
456 3100 654 3140 consules
675 3099 889 3140 Romanas
907 3102 1099 3154 legiones
1115 3105 1248 3144 edux-

366 3167 519 3203 erunt:
562 3162 785 3216 aciemque
810 3163 1111 3208 instruxerunt
1129 3168 1170 3208 in
1190 3170 1250 3208 lo-

368 3227 430 3266 cis
453 3227 600 3278 sacris,
614 3238 792 3279 quorum
813 3228 993 3268 alterum
1007 3230 1156 3271 Visum
1177 3245 1249 3273 ne-

367 3303 479 3340 mus,
513 3291 698 3331 alterum
728 3291 946 3333 AEsuvium
979 3299 1146 3346 pratum
1177 3308 1249 3337 vo-

369 3353 497 3394 cant?
554 3355 716 3395 Mirum
735 3367 837 3396 sane
857 3356 994 3410 dictu,
1011 3370 1136 3410 quarn
1156 3360 1249 3401 haec

369 3420 481 3459 inter
515 3432 561 3460 se
590 3422 782 3462 varient:
825 3435 908 3464 nec
944 3424 1119 3465 dubium
1156 3437 1250 3466 esse

370 3489 530 3533 potest,
550 3484 650 3536 quin
671 3485 724 3524 ab
745 3486 1082 3539 exscriptoribus
1101 3488 1252 3528 vitiata

372 3546 479 3588 sint:
532 3559 615 3600 quo
648 3553 787 3589 autem
811 3555 939 3602 pacto
960 3551 1001 3591 in
1021 3552 1251 3603 genuinam

1158 314 1485 355 VARIORUM
1530 316 1593 355 IN

1293 439 1514 474 auctorum
1527 432 1803 485 scriptionem
1819 433 1986 474 restitui
1999 440 2169 487 queant,

1292 495 1477 536 nondum
1516 497 1615 536 satis
1651 496 1854 548 dispicio;
1896 497 2053 536 etenim
2093 511 2169 550 pro

1295 559 1500 599 vocabulo
1519 560 1638 599 Arsia
1665 558 1773 599 facit
1799 571 2029 599 consensus
2059 561 2172 601 inter

1297 623 1404 660 Livii
1424 623 1671 674 Valet-iique
1691 624 1976 675 exemplaria;
2009 629 2054 664 et
2071 624 2170 665 hinc

1295 687 1480 738 suspicio
1518 687 1795 728 Plutarchum
1831 701 1999 740 qnoque
2039 690 2171 742 scrip-

1295 749 1416 801 sisse,
1435 748 1486 790 ὧν
1504 750 1551 790 τὸ
1576 751 1648 801 μὲν
1668 751 1829 804 ’Άρσιον
1857 751 1995 800 ἄλσος,
2016 751 2060 792 id
2086 759 2168 804 est,

1296 825 1456 862 quorum
1498 817 1664 854 alterum
1704 815 1865 855 Arsiam
1895 827 2029 855 nemus
2039 828 2056 863 ;
2092 816 2171 854 nisi

1296 875 1406 915 istud
1428 875 1578 929 Οὖρσον
1606 879 1658 918 ad
1686 879 1882 930 Dionysii
1907 878 2078 930 ’Όρατον
2105 890 2173 919 ac-

1297 939 1453 980 cedere
1491 942 1736 982 videretur:
1783 942 1847 981 illi
1879 943 1953 994 qui
1983 941 2078 982 heic
2105 941 2176 981 τὸν

1295 1003 1451 1044 Ἰούνιον
1466 1007 1647 1056 λειμῶνα,
1668 1005 1835 1045 Junium
1858 1009 2034 1056 pratum,
2052 1005 2178 1044 resti·

1300 1075 1422 1110 tuere
1449 1076 1675 1119 conantur,
1697 1069 1756 1108 nil
1776 1068 1858 1108 nisi
1877 1068 2175 1108 claritudinem

1299 1133 1441 1173 Juniae
1460 1132 1602 1184 gentis
1628 1137 1862 1172 sectantur.
1915 1130 2013 1170 Nec
2033 1135 2176 1171 tamen

1300 1195 1483 1235 fortasse
1510 1208 1606 1235 mea
1625 1194 1888 1246 conjectatio
1909 1193 2070 1233 certior
2085 1192 2177 1234 fue-

1301 1261 1373 1310 rit,
1389 1260 1422 1299 si
1442 1261 1588 1310 legero
1609 1273 1620 1299 ς
1652 1257 1704 1298 ὧν
1720 1257 1767 1298 τὸ
1779 1256 1852 1308 μὲν
1862 1257 2021 1311 Ἄρσιον
2035 1256 2174 1308 ἄλσος,

1297 1323 1369 1364 τὸν
1386 1323 1427 1364 δὲ
1454 1323 1653 1375 Οὗρσίνιον
1679 1325 1848 1372 λειμῶνα
1871 1320 2177 1374 προσαγορεύου-

1300 1401 1375 1428 σιν.
1429 1388 1481 1427 Id
1510 1393 1592 1438 est,
1621 1398 1784 1438 quorum
1813 1387 1981 1425 atterum
2011 1383 2178 1425 Arsiam

1298 1463 1444 1498 nemus,
1461 1451 1628 1490 alterum
1651 1449 1839 1489 Ursinum
1854 1451 2011 1500 pratum
2028 1451 2179 1487 vocant.

1302 1514 1371 1553 De
1384 1518 1543 1553 caetero
1563 1524 1630 1553 res
1646 1511 1768 1551 nimis
1781 1522 1918 1563 prope
1934 1504 2081 1550 urbem
2097 1521 2179 1550 nec

1301 1577 1450 1629 procul
1486 1576 1587 1616 inde
1622 1574 1811 1616 abfuisse
1844 1575 1937 1615 haec
1973 1574 2084 1625 loca,
2123 1585 2179 1613 ex

1302 1642 1412 1681 Livii
1444 1641 1730 1693 Dionysiique
1761 1640 2007 1680 narratione
2040 1643 2181 1691 patet.

1303 1706 1430 1745 Circa
1442 1705 1686 1747 Janiculum
1706 1703 1855 1755 fuisse,
1871 1703 1982 1743 haud
2002 1702 2181 1743 dubium

1303 1775 1395 1819 est;
1424 1769 1594 1821 quando
1612 1769 1693 1808 hac
1711 1773 1831 1808 recte
1851 1766 2186 1816 conveniebant,

1302 1833 1355 1873 ab
1388 1833 1526 1873 altera
1556 1837 1680 1884 parte
1706 1831 1929 1881 Veientes,
1959 1829 2014 1870 ab
2045 1829 2185 1869 altera

1302 1896 1649 1949 Tarquinienses.
1702 1895 1851 1935 Fuerit
1865 1895 1997 1946 igitur
2014 1893 2051 1933 is
2071 1905 2184 1933 cam-

1304 1971 1401 2012 pus,
1416 1959 1487 2012 qui
1509 1958 1704 2011 proxime
1724 1963 1842 1998 trans
1859 1957 2103 1999 ,Ianiculum
2123 1957 2186 1995 in·

1304 2031 1372 2064 ter
1391 2023 1610 2064 Aureliam
1631 2022 1939 2074 Claudiamque
1969 2021 2055 2061 vias
2069 2020 2184 2073 posi-

1303 2093 1389 2139 tus,
1407 2086 1572 2128 medius
1602 2086 1695 2127 fere
1722 2086 1834 2127 inter
1862 2084 2107 2127 Janiculum
2138 2088 2186 2124 et

1304 2152 1443 2193 vicum
1471 2151 1550 2192 viae
1569 2150 1758 2191 Claudite
1785 2149 2037 2201 Borghetto,
2055 2148 2189 2200 plani-

1302 2217 1363 2257 tie
1383 2222 1429 2256 et
1446 2215 1637 2256 fontibus
1649 2214 1905 2267 conspicuus
1916 2219 1998 2254 est.
2029 2214 2186 2252 Cluoer.

1356 2279 1540 2334 Sylvam']
1582 2278 1667 2322 Qui
1686 2279 1900 2330 sylvarum
1930 2276 2186 2329 pecorisque

1302 2346 1438 2397 Deus,
1465 2357 1519 2384 ex
1557 2344 1652 2395 ipsa
1680 2343 1811 2394 Sylva
1843 2352 1993 2381 vocem
2031 2339 2192 2379 emisit.

1304 2409 1385 2450 Cui
1421 2414 1468 2448 et
1507 2409 1654 2448 Romae
1691 2404 1899 2456 templum
1938 2402 2186 2443 dedicatum

1304 2471 1399 2512 fuit.
1474 2471 1541 2510 De
1582 2470 1663 2510 hoc
1705 2469 1924 2520 antiquum
1963 2466 2187 2518 Epigram-

1304 2547 1388 2586 ma,
1419 2533 1532 2587 quod
1564 2533 1714 2573 Romae
1734 2532 1924 2583 legitur:
1967 2530 2186 2570 SanAno

1303 2599 1500 2641 SANc'ro.
1518 2598 1567 2638 L.
1589 2597 1754 2638 VALus
1769 2596 1920 2635 Sonos
1940 2593 2188 2635 Pon‘rrcvm

1306 2675 1367 2704 Ex
1386 2674 1504 2703 voTo
1523 2672 1670 2712 FECtT,
1693 2669 1948 2701 nnnchvrr
1967 2659 2024 2698 K.
2044 2656 2186 2698 AP-nx-

1308 2738 1440 2769 vas
1461 2728 1635 2767 PrsoNE
1655 2735 1711 2765 ΕΤ
1727 2723 1920 2762 Bon-ino
1937 2721 2063 2761 Coss.
2115 2720 2188 2760 De

1309 2792 1472 2844 templo
1492 2794 1633 2830 antem
1666 2786 1839 2840 Sylvani
1869 2785 1948 2824 sub
1969 2781 2191 2833 Viminali,

1309 2869 1364 2896 an
1384 2856 1439 2896 de
1466 2854 1567 2906 alio,
1585 2851 1655 2893 cui
1682 2850 1874 2903 porticus
1894 2848 2100 2900 adjuncta
2118 2846 2190 2897 sit,

1310 2919 1592 2970 intelligatur,
1612 2915 1822 2955 incertum
1838 2917 1920 2954 est.

1362 2984 1433 3037 §6
1463 2981 1571 3027 Quid
1599 2977 1750 3018 Martis
1777 2974 1988 3026 auxilium]
2035 2974 2190 3024 Miror,

1312 3047 1574 3088 Glareanum
1594 3042 1647 3082 de
1665 3041 1745 3081 hac
1765 3039 1960 3080 Historia
1979 3038 2195 3089 dubitare,

1316 3122 1366 3150 ac
1399 3109 1517 3148 velut
1553 3105 1789 3146 fabulosam
1840 3102 2041 3155 rejicere,
2074 3102 2190 3155 quod

1314 3174 1406 3225 ejus
1427 3171 1673 3212 memoriam
1707 3169 1751 3208 in
1783 3167 1971 3208 Livianis
2005 3166 2194 3219 reliquiis

1312 3248 1397 3276 non
1418 3234 1622 3286 reperiat,
1653 3243 1748 3272 cum
1768 3235 1911 3270 tamen
1930 3228 2085 3269 habeat
2104 3227 2193 3268 suf-

1309 3298 1570 3350 fragatorem
1601 3293 1802 3334 Valerius
1832 3296 1976 3331 noster
2003 3290 2193 3331 Ammia-

1312 3373 1413 3400 num
1450 3357 1759 3399 Marcellinum.
1831 3353 1916 3394 Sed
1958 3352 2058 3393 vide
2095 3365 2191 3406 quae

1313 3435 1389 3463 nos
1404 3423 1456 3462 de
1470 3422 1534 3461 his
1549 3420 1592 3460 in
1604 3418 1934 3469 Magistratunm
1943 3415 2195 3457 Annalibus.

1311 3486 1488 3528 Thurios
1504 3489 1644 3525 autem
1663 3481 1820 3522 Martis
1840 3482 1884 3521 in
1897 3481 2033 3521 tutela
2047 3479 2194 3530 fuisse,

1314 3549 1473 3591 nummi
1491 3545 1776 3601 antiquissimi
1791 3556 1938 3586 eorum
1956 3543 2194 3594 declarant,
