2332 3970
544 294 805 335 VAnssRu
849 290 1091 329 Maxim
1135 287 1258 326 Lm.
1299 288 1364 326 11.
1405 287 1540 326 cAP.
1565 274 1619 324 5.

174 417 334 469 pellare
372 415 543 456 videtur
576 413 775 454 Valerius
811 412 1049 453 Ludionnm

170 481 359 522 infimam
387 492 438 519 ac
466 479 686 531 vulgarem
719 478 837 518 illam
863 475 1050 522 turbam,

172 556 269 597 quae
311 542 466 593 saepius
506 553 585 593 per
616 553 790 582 scenam
824 537 1052 579 hincinde

174 604 541 647 transferebantur
575 615 654 656 pro
685 603 900 644 Ludorum
929 612 1053 641 occa-

172 668 308 709 sione.
366 667 477 708 Hinc
489 666 767 719 translatitia,
786 666 856 706 vel
873 665 1054 705 transla-

173 730 264 771 tiva
297 730 498 770 dicuntur
535 742 813 783 quaecumque
847 729 1057 780 vulgaria,

175 796 361 849 plebeia,
382 809 432 836 ac
453 796 577 836 vilia:
608 794 798 846 ἐγκύκλια
812 793 876 836 καὶ
893 793 1055 845 ἆγόραια

174 858 358 911 Graecis,
376 872 530 912 nempe
544 859 864 911 circumforaneo,
896 858 978 906 vel,
1005 862 1053 895 ut

172 926 237 966 ita
255 926 410 978 dicam,
430 926 696 966 circulatoria.
751 926 804 966 In
819 937 904 978 qna
922 922 1053 975 signi-

172 991 376 1032 ficatione
405 992 656 1032 translativa
688 987 831 1030 officia
862 987 1056 1040 vulgaria

176 1056 371 1108 appellat
390 1055 555 1096 Plinius
569 1055 611 1094 in
623 1053 849 1105 Epistolis,
865 1058 912 1093 et
931 1052 1054 1092 Cice-

176 1130 226 1159 ro
245 1119 427 1159 Vei-rina
449 1129 501 1158 ιι.
514 1117 818 1157 translatitium
835 1116 1024 1156 edictum
1041 1127 1053 1164 ;

174 1182 337 1235 quippe
357 1194 438 1222 non
457 1193 628 1232 novum,
647 1181 723 1221 sed
736 1181 906 1221 aliunde
920 1186 1056 1220 trans-

174 1245 326 1296 latum,
343 1250 391 1286 ut
411 1251 563 1286 auctor
581 1245 825 1286 Paedianus.
856 1245 1039 1295 Pighius.

233 1308 501 1360 stan-smum]
541 1308 721 1361 Pighius
757 1308 933 1360 exponit
972 1308 1056 1347 Lu-

178 1373 353 1414 dionum
384 1372 573 1413 infimam
610 1379 655 1412 et
690 1373 910 1424 vulgarem
940 1372 1057 1412 illam

179 1437 361 1478 turbam.
416 1436 587 1488 Lipsius
599 1436 720 1487 legit,
742 1434 1058 1487 Translaticium,

177 1501 224 1541 id
236 1506 318 1552 est,
330 1506 552 1553 receptum
565 1505 610 1540 et
621 1499 836 1550 crebrum,
850 1499 919 1539 cui
935 1511 1060 1551 paene

178 1567 415 1608 adsentior.
471 1565 587 1606 Hinc
607 1564 808 1614 Phaedro,
821 1563 1059 1603 fabularum

179 1629 475 1682 AEsopicarum
492 1627 734 1679 interpreti,
763 1627 902 1666 lucem
930 1625 1060 1677 facio,

175 1693 254 1734 lib.
277 1705 322 1733 v.
358 1693 461 1734 Fab.
481 1695 522 1733 7.
550 1692 563 1715 ‘
584 1690 737 1732 Anlaeo
754 1690 902 1742 misso,
931 1690 1060 1730 devo-

177 1757 280 1798 lutis
312 1756 557 1807 tonitribus,
590 1757 646 1796 Di
675 1762 772 1795 sunt
790 1754 921 1794 locuti
941 1766 1061 1794 more

177 1819 470 1861 translatitio!
539 1820 668 1859 More
705 1819 978 1869 translatitio,
1016 1818 1060 1858 id

180 1888 263 1935 est,
279 1895 398 1924 more
428 1883 473 1923 in
506 1883 681 1923 Fabulis
720 1895 797 1923 seu
831 1882 1061 1923 Comoediis

179 1953 379 2001 recepto.
408 1938 540 1988 Color.

235 2012 299 2052 M.
312 2011 500 2062 Scaurus]
520 2011 755 2051 Plurimum
767 2011 838 2052 hic
851 2011 903 2050 ad
919 2024 1062 2051 sceuae

182 2080 381 2115 ornatum
401 2074 599 2114 contulit.
653 2074 769 2114 Hinc
789 2075 938 2114 titulus
952 2075 1062 2114 Var-

181 2139 395 2188 ronianus,
406 2139 473 2178 De
485 2139 676 2179 Scenicis
690 2139 955 2190 Originibus,
974 2140 1064 2180 sive

181 2203 385 2254 Scaurus,
415 2215 540 2255 quem
569 2203 722 2243 librum
755 2204 863 2243 citat
891 2203 1064 2244 Servius

183 2265 240 2306 ad
266 2266 433 2306 AEneid.
454 2278 487 2305 1.
520 2267 646 2306 Coler.

237 2329 261 2380 ἦ
281 2332 306 2368 7
337 2329 631 2368 Gladiatorium
643 2329 803 2380 munus]
817 2329 949 2378 Origo
961 2329 1068 2370 Gla-

184 2390 398 2430 diatorum
414 2403 440 2430 a
459 2404 506 2431 re
530 2390 702 2431 funebri
719 2405 730 2431 z
753 2393 996 2443 exemplum
1013 2393 1068 2432 ab

187 2454 438 2494 Hetruscis.
476 2455 537 2495 At
552 2455 738 2495 fortasse
758 2455 965 2495 Hetrusci
985 2457 1066 2509 ipsi

185 2529 211 2557 a
248 2517 430 2558 Graecis.
484 2518 793 2570 Undecumque
812 2520 1070 2572 exemplum,

186 2592 318 2620 causa
349 2585 494 2620 tamen
518 2585 564 2621 et
596 2581 719 2633 origo
739 2581 898 2622 Funus.
955 2583 1067 2623 Nam

185 2645 387 2697 quoniam
433 2646 535 2697 olim
567 2646 729 2686 animas
766 2645 1067 2688 defunctorum

183 2708 367 2748 humano
387 2709 592 2761 sanguine
614 2711 835 2762 propitiari
853 2711 1068 2751 creditum

184 2777 301 2821 crat,
319 2772 513 2824 captivos
530 2772 598 2812 vel
617 2773 706 2813 alto
727 2774 900 2826 ingenio
919 2787 1066 2814 servos

185 2836 367 2875 mercati
414 2835 457 2875 in
504 2837 721 2889 exsequiis
773 2837 1066 2878 immolabant.

183 2896 346 2937 Postea
376 2898 538 2948 placuit
559 2899 824 2951 impietatem
844 2901 1067 2952 voluptate

185 2959 471 3001 adumbrare:
501 2962 647 3015 itaque
675 2975 780 3015 quos
797 2970 1070 3015 paraverant,

186 3023 312 3063 armis
329 3023 484 3076 quibus
519 3030 622 3066 tunc
653 3032 700 3066 et
729 3027 916 3078 qualiter
949 3033 1068 3079 pote-

185 3090 286 3126 rant
315 3086 527 3137 eruditos,
555 3101 654 3127 mox
686 3089 828 3129 edicto
856 3089 926 3130 die
943 3090 1070 3130 feria-

186 3159 296 3200 rum,
315 3149 430 3200 apud
451 3150 638 3190 tumulos
655 3151 904 3204 erogabant.
958 3153 1069 3193 Haec

186 3211 372 3251 muneris
405 3211 541 3263 origo.
610 3213 756 3267 Atque
792 3215 1068 3256 Gladiatores

186 3274 250 3315 illi
269 3287 295 3315 a
316 3275 428 3315 busti
447 3276 665 3317 cineribus
700 3278 914 3319 Buseuariz·
944 3279 1067 3321 dicti.

187 3337 359 3388 Lepsia

237 3403 527 3444 Gladiatorium
536 3407 696 3458 munus]
711 3407 868 3460 Vulgo,
874 3408 1069 3458 gladiato-

189 3476 296 3515 rum,
314 3465 427 3517 quod
443 3468 726 3516 gladiatorium
747 3471 868 3511 Livio
888 3472 1067 3524 aliisque

1849 274 1992 327 1025

1113 421 1191 449 nus
1205 409 1310 449 illud
1327 414 1438 461 erat,
1453 407 1529 448 sed
1544 407 1636 460 ejus
1652 407 1724 460 qni
1741 406 1995 458 gladiatores

1114 479 1355 525 pugnantes
1376 473 1536 525 populo
1554 471 1803 512 exhibebat.
1835 472 1958 522 Pigh.

1167 537 1219 576 Ιη
1240 536 1335 585 foro
1353 537 1523 589 Boario]
1550 536 1662 577 Vide
1695 549 1827 589 supra
1858 536 1933 577 lib.
1962 549 1994 577 1.

1114 613 1213 655 cap.
1227 605 1268 642 6.
1297 602 1380 653 §5.

1168 666 1231 707 M.
1250 669 1290 705 et
1309 666 1364 706 D.
1382 665 1520 716 Bruti]
1535 666 1684 705 Florus
1701 671 1869 706 tantum
1881 665 1894 688 ‘
1907 667 1997 705 De·

1116 728 1255 770 cium'
1285 729 1492 780 nominat,
1522 730 1566 769 in
1602 731 1834 782 Epitome:
1878 730 1995 770 ‘De-

1118 794 1211 834 cius
1242 793 1397 834 Junius
1431 794 1594 834 Brutus
1629 795 1672 833 in
1701 795 1902 834 honorem
1925 794 1997 834 de-

1115 856 1254 897 functi
1271 856 1407 908 patris
1422 869 1572 897 munus
1590 858 1891 909 gladiatorium
1909 857 1999 898 edi-

1116 920 1182 961 dit
1208 911 1399 973 primuS.'
1430 922 1606 962 Celer-us.

1171 986 1236 1026 M.
1256 991 1296 1027 et
1315 986 1465 1027 Decius
1468 986 1556 1039 filii
1576 986 1719 1039 Bruti]
1738 987 1856 1026 Malo
1873 998 1927 1026 ex
1942 987 1998 1026 V.

1118 1050 1166 1092 C.
1195 1051 1260 1090 M.
1291 1054 1332 1090 et
1364 1051 1424 1090 D.
1455 1051 1572 1091 Junii
1608 1051 1765 1100 Bruti;
1799 1056 1929 1104 atque
1966 1051 2002 1090 is

1117 1114 1266 1154 modus
1284 1114 1502 1155 scribendi
1522 1115 1738 1168 antiquus.
1793 1116 1892 1157 Quo
1908 1115 2003 1156 loco

1118 1186 1162 1218 et
1175 1191 1420 1230 praenomen
1434 1179 1619 1219 consulis
1639 1179 1778 1220 Fulvii
1792 1185 1857 1220 est
1868 1181 2003 1219 corri-

1118 1242 1320 1293 gendum,
1365 1242 1477 1283 sicut
1513 1243 1557 1283 in
1595 1242 1834 1283 Annalibus
1862 1244 2004 1284 docui.

1118 1308 1310 1359 Pighius.-

1174 1371 1446 1423 Athletarum]
1475 1371 1664 1412 Athletae
1696 1378 1811 1422 sunt,
1841 1372 1912 1424 qni
1944 1374 2004 1411 la-

1122 1437 1256 1478 cer-tis
1289 1441 1335 1476 et
1362 1436 1548 1477 brachiis
1568 1436 1684 1475 inter
1703 1448 1750 1476 se.
1770 1437 2003 1476 luctantur.

1121 1499 1233 1539 Vide
1265 1499 1572 1540 Mercurialem
1593 1498 1648 1538 de
1667 1497 1783 1539 Arte
1796 1498 2006 1549 Gymnas·

1123 1563 1226 1604 tica.

1180 1626 1349 1667 CARV.
1376 1626 1437 1678 §1
1471 1624 1657 1667 Statuam
1673 1626 1872 1678 auratam]
1892 1626 2006 1666 Nam

1124 1691 1187 1731 M.
1209 1690 1373 1733 Acilius
1394 1691 1436 1730 in
1452 1690 1654 1730 honorem
1668 1691 1806 1742 patris
1819 1691 1885 1730 sui
1905 1691 2009 1730 Gla-

1125 1754 1288 1795 brionis
1299 1760 1487 1794 statuam
1500 1755 1657 1805 erexit,
1667 1754 1739 1806 qui
1751 1753 2010 1794 Antiochum

1125 1830 1271 1870 regem
1304 1818 1508 1870 Philippo
1533 1820 1719 1872 juvante
1739 1830 1792 1857 ex
1814 1817 1916 1857 Asia
1935 1829 2015 1869 pe·-

1127 1883 1267 1935 pulit3
1286 1883 1398 1924 idem
1416 1884 1544 1924 etiam
1566 1883 1733 1925 AEtolos
1752 1883 1875 1935 vicit,
1890 1887 1937 1922 et
1953 1881 2009 1921 ad

1125 1948 1329 1988 honorem
1357 1949 1646 1999 victoriarum,
1676 1960 1781 2001 quas
1811 1958 2014 1999 prosecu-

1126 2017 1193 2052 tus
1210 2018 1323 2062 erat,
1350 2024 1464 2052 nunc
1485 2011 1687 2064 pellendo
1717 2023 1771 2051 ex
1799 2009 1905 2051 Asia
1921 2009 2010 2050 An-

1127 2076 1332 2127 tiochum,
1393 2088 1506 2116 nunc
1550 2076 1713 2116 AEtolos
1758 2075 2014 2128 subigendo,

1125 2145 1313 2180 statuam
1352 2141 1535 2189 erexit:
1581 2152 1664 2180 nec
1710 2140 1823 2180 enim
1871 2150 2014 2179 aureae

1129 2216 1317 2256 unquam
1337 2209 1494 2244 statuae
1527 2210 1689 2244 erectae
1724 2202 1899 2243 fuerant
1930 2202 2010 2251 his,

1130 2268 1203 2320 qui
1223 2280 1310 2309 rein
1333 2269 1443 2307 bene
1463 2268 1710 2318 gessissent.
1743 2266 1891 2306 Oliver.

1187 2332 1291 2370 AEde
1321 2331 1510 2381 Pietatis]
1551 2331 1677 2370 Nunc
1709 2330 1754 2369 S.
1780 2329 2015 2368 Salvatoris

1131 2394 1186 2434 de
1203 2394 1394 2434 Pietate.
1448 2394 1588 2436 Julius
1608 2394 1865 2446 Obsequens
1891 2392 2014 2444 ponit

1130 2456 1174 2496 in
1194 2457 1320 2497 Circo
1341 2457 1562 2509 Flaminio,
1577 2458 1732 2497 Victor
1756 2457 1799 2495 in
1827 2454 2015 2496 forobo-

1130 2521 1291 2573 litorio,
1320 2522 1486 2561 Plinius
1520 2533 1571 2560 eo
1607 2521 1719 2572 loco,
1753 2519 1826 2559 ubi
1862 2524 2014 2571 postea

1131 2586 1350 2625 theatrum
1376 2584 1576 2624 Marcelli
1607 2582 1704 2624 fuit.
1760 2583 1898 2622 Unius
1929 2580 2014 2620 loci

1130 2648 1250 2687 varia
1283 2647 1543 2699 designatio,
1571 2647 1625 2686 ab
1645 2645 1934 2698 adjacentium
1952 2645 2014 2683 lo-

1130 2723 1277 2750 corum
1298 2711 1522 2750 vicinitate
1539 2716 1727 2762 sumpta.
1772 2709 2016 2761 Aliquando

1130 2775 1280 2815 eodem
1303 2775 1344 2814 in
1379 2775 1474 2814 loco
1507 2786 1655 2814 carcer
1682 2773 1820 2826 plebis
1844 2771 1942 2823 fuit,
1971 2773 2014 2811 in

1129 2851 1214 2891 quo
1249 2850 1344 2878 cum
1378 2837 1468 2876 filia
1498 2844 1676 2877 matrem
1710 2837 1898 2876 vinctam
1931 2835 2016 2875 suis

1128 2902 1329 2942 uberibus
1349 2902 1541 2953 aluisset,
1557 2900 1791 2953 impunitas
1820 2900 1882 2939 illi
1915 2911 2013 2939 con-

1129 2977 1265 3016 cessa,
1278 2969 1324 3004 et
1342 2965 1460 3003 locus
1473 2964 1658 3004 Pietatis
1670 2963 1832 3003 numini
1847 2962 2016 3002 dicatus

1130 3033 1214 3068 est.
1243 3029 1299 3068 G.
1319 3028 1539 3067 Fabritius.

1184 3093 1249 3132 M.
1277 3092 1430 3143 Baeln'o]
1460 3091 1654 3143 Contigit
1674 3090 1729 3130 A.
1751 3090 1806 3130 U.
1827 3099 1975 3129 unxit.

1185 3156 1274 3206 Ipse
1285 3156 1496 3205 dedicavit,
1515 3154 1607 3206 quia
1617 3160 1733 3206 pater
1749 3163 1901 3203 compos
1912 3149 2013 3199 voti]

1132 3217 1220 3257 Hic
1267 3217 1410 3257 denuo
1441 3218 1613 3269 plagam
1647 3215 1802 3255 inflixit
1837 3212 2014 3253 Valerio

1131 3281 1401 3322 librariorum
1420 3281 1679 3333 ignorantia,
1708 3290 1835 3330 quam
1858 3288 1910 3314 ex
1940 3275 2015 3314 Li-

1132 3343 1218 3395 vio,
1274 3349 1404 3397 atque
1456 3342 1709 3395 Campensis
1753 3337 2013 3389 exemplaris

1132 3410 1346 3449 scholiolis
1393 3410 1457 3449 ita
1502 3407 1737 3448 sanandam
1792 3405 2010 3445 arbitror:

1130 3472 1214 3522 ipse
1245 3473 1454 3522 dedicavit,
1486 3472 1578 3522 quia
1608 3474 1722 3521 pater
1752 3481 1905 3520 compos
1929 3467 2013 3507 voti

190 3527 377 3577 dieitur3
406 3539 489 3568 non
519 3531 633 3571 enim
665 3533 950 3583 gladiatorum
977 3547 1067 3574 mu-
1120 3536 1271 3581 sactus.
1329 3537 1402 3576 Sic
1421 3536 1530 3575 euim
1558 3533 1732 3573 Livius:
1763 3532 1903 3573 ‘Quae
1925 3531 2010 3583 pri-

299 3593 445 3646 Delph.
457 3601 498 3635 et
515 3597 610 3638 Vor.
630 3599 737 3639 Clas.

990 3602 1078 3643 VaI.
1102 3603 1219 3643 Max.

1815 3599 1903 3637 3T
