2288 3990
400 276 508 330 958

401 406 520 446 lebat
554 405 607 446 de
642 406 909 457 revocandis,
945 417 1049 458 quos
1092 406 1272 446 Senatus

400 470 542 509 hostes
566 469 852 520 judicaverat,
883 475 928 509 et
957 471 1036 508 hoc
1067 469 1191 509 modo
1209 476 1275 522 ty-

400 531 617 571 rannidem
638 530 881 571 affectabat.
938 532 1146 572 Octavius
1173 544 1274 572 vero

399 594 498 634 huic
516 593 836 644 adversabatur,
858 599 901 633 et
932 595 1025 646 ejus
1052 594 1274 634 conatibus

399 668 561 696 summa
598 668 678 707 ope
718 656 966 695 resistebat:
1014 656 1146 707 igitur
1179 668 1273 696 cum

400 719 515 759 inter
553 731 599 758 se
631 725 857 770 tantopere
894 719 1186 769 dissentirent,
1228 722 1275 758 et

400 780 627 820 Octavium
644 793 741 831 pars
757 781 905 822 melior
924 781 1110 821 civitatis
1125 793 1274 833 seque-

399 847 536 891 retur,
567 853 621 881 ex
653 842 759 882 urbe
791 842 968 893 pellitur
999 842 1165 892 Cinna;
1192 854 1275 895 quo

399 905 556 955 ejecto,
576 905 671 945 Cor.
690 906 903 945 Merulam
937 906 982 945 in
1014 906 1106 958 ejus
1133 907 1274 946 locum

400 965 658 1006 substituere
691 973 852 1018 patres.
909 967 1072 1008 Eadem
1091 974 1276 1020 tempes-

398 1033 492 1068 tate
512 1028 677 1067 Marius
693 1041 717 1068 e
736 1030 909 1069 civitate
937 1031 1082 1081 pulsus
1102 1043 1126 1069 a
1142 1030 1274 1081 Sylla,

399 1091 444 1130 in
467 1090 677 1142 Hispania
696 1092 894 1144 ingentes
925 1094 1071 1145 copias
1103 1105 1274 1144 compa-

398 1159 584 1204 raverat,
603 1155 690 1206 qui,
712 1160 758 1194 ut
778 1155 955 1195 Cinnam
982 1155 1147 1196 audivit
1164 1157 1275 1207 ejec-

399 1220 490 1255 tum
509 1227 562 1255 ex
581 1216 702 1267 urbe,
721 1216 775 1255 ad
808 1229 903 1257 eum
932 1218 1077 1257 statim
1110 1219 1273 1269 legatos

399 1277 455 1316 de
500 1277 802 1330 conjungendis
847 1279 1110 1319 exercitibus
1146 1279 1278 1330 misit,

400 1340 537 1380 Cinna
554 1352 600 1379 se
614 1341 656 1379 id
675 1339 887 1380 facturum
903 1342 1088 1381 libenter
1101 1353 1276 1392 respon-

400 1402 480 1453 dit,
499 1403 552 1442 ad
568 1402 660 1443 haec
682 1403 792 1443 velle
824 1404 1012 1443 Marium
1036 1403 1275 1455 legionibus

399 1476 599 1516 praeesse,
615 1469 763 1516 utpote
784 1466 856 1518 qui
876 1466 976 1506 belli
994 1466 1082 1505 dux
1106 1465 1274 1517 peritis-

398 1527 526 1565 simus
547 1531 676 1566 esset.
729 1528 894 1567 Marius
923 1533 1052 1578 negat
1071 1539 1118 1567 se
1138 1528 1276 1579 priva-

400 1593 491 1628 tum
508 1587 682 1628 Consuli
716 1588 913 1640 praeferri
945 1595 1162 1641 oportere,
1194 1603 1275 1631 cae-

401 1655 539 1690 terum
559 1651 661 1690 nihil
682 1652 795 1703 quod
816 1652 868 1691 ad
890 1653 1110 1703 pristinam
1138 1653 1274 1705 digni·

401 1717 538 1754 tatem
565 1714 898 1764 recuperandam
917 1715 1134 1766 pertineat
1167 1727 1275 1766 prae·

399 1775 708 1816 termissurum.
761 1775 906 1826 Igitur
934 1775 975 1815 in
997 1777 1166 1816 Italiam
1190 1782 1276 1816 tra-

399 1837 542 1876 ductis
570 1837 723 1888 copiis,
750 1850 854 1889 quas
881 1838 923 1878 in
953 1839 1162 1889 Hispania
1179 1851 1276 1878 con-

399 1904 608 1949 traxerat,
634 1899 800 1938 Marius
820 1899 966 1939 Cinnae
985 1900 1080 1951 conj
1089 1900 1277 1951 ungitur,

400 1961 638 2001 exercitum
658 1960 712 1999 ad
737 1961 885 2000 urbem
905 1961 1082 2012 ducunt,
1099 1962 1172 2001 sed
1193 1962 1277 2013 pri-

399 2035 469 2063 mo
487 2022 669 2074 Ostiam,
679 2035 774 2074 quae
790 2028 889 2062 octo
904 2023 1071 2063 milibus
1082 2035 1278 2076 passuum

399 2086 534 2126 distat
552 2085 606 2125 ab
636 2085 760 2136 urbe,
793 2090 891 2136 post
920 2084 1180 2125 Aventinum
1207 2099 1277 2126 ca-

401 2149 544 2200 piunt,
560 2153 781 2201 postremo
801 2148 1034 2188 exercitum
1054 2148 1108 2188 ad
1127 2149 1278 2189 urbem

401 2211 580 2252 ducunt.
636 2209 770 2252 Cinna
801 2211 1030 2251 Octavium
1049 2222 1127 2262 pro
1146 2211 1278 2252 tribu-

402 2273 490 2312 nali
514 2273 736 2314 sedentem
767 2273 1013 2324 obtruncat,
1031 2278 1164 2325 caput
1183 2274 1277 2325 ejus

401 2335 568 2375 Rostris
580 2335 729 2387 affigit,
745 2336 866 2375 multi
883 2340 928 2375 et
943 2336 1015 2375 alii
1029 2334 1280 2375 nobilissimi

401 2400 517 2439 cives
537 2399 775 2451 caeduntur,
793 2400 907 2439 inter
925 2411 1030 2451 quos
1050 2405 1096 2440 et
1109 2401 1173 2440 Μ.
1189 2399 1278 2439 An-

403 2462 544 2501 tonius
564 2461 738 2510 Orator,
757 2462 881 2512 cujus
911 2467 1040 2512 caput
1058 2461 1130 2500 diu
1147 2461 1278 2500 mani-

401 2522 482 2562 bus
501 2527 813 2573 pertractatum
841 2523 1003 2562 Marius
1030 2535 1184 2562 mensae
1204 2534 1278 2573 ap-

403 2586 564 2636 posuit,
593 2591 638 2624 et
673 2597 769 2625 cum
806 2585 900 2625 aliis
931 2590 1083 2636 postea
1116 2584 1279 2624 Rostris

403 2645 558 2687 affixit.
592 2648 744 2688 Oliver.

458 2710 551 2760 §11
583 2709 676 2749 Non
691 2710 790 2749 sinit
809 2709 896 2761 nos]
935 2710 1042 2750 Cum
1074 2713 1162 2750 tres
1194 2709 1278 2749 Ro-

404 2772 517 2811 mani
536 2771 762 2824 Principes
782 2773 965 2825 quadam
982 2774 1097 2813 inter
1116 2785 1160 2813 se
1180 2784 1279 2813 con-

405 2834 639 2886 spiratione
668 2835 986 2885 convenissent,
1015 2842 1064 2875 ut
1086 2833 1279 2875 conflatis

404 2895 557 2948 opibus
577 2897 885 2948 rempublicam
920 2909 998 2949 pro
1027 2909 1101 2936 sua
1131 2897 1278 2937 voluu-

405 2963 498 2999 tate
533 2963 771 3006 versarent,
808 2960 1048 3011 provincias
1084 2960 1198 2999 inter
1233 2971 1280 2999 se

406 3020 558 3072 partiti
588 3026 701 3067 sunt,
731 3021 794 3061 ita
821 3027 870 3061 ut
901 3021 1085 3062 Galliam
1119 3021 1279 3071 Caesar,

404 3083 579 3123 Italiam
595 3083 844 3136 Pompeius,
862 3083 1079 3124 Parthiam
1101 3085 1279 3124 Crassus

407 3145 643 3186 obtineret:
672 3146 746 3186 sed
765 3146 941 3186 Parthia
958 3146 1176 3198 provincia
1192 3144 1280 3185 fac-

407 3212 454 3247 ta
472 3212 553 3260 est,
571 3208 688 3248 nulla
700 3209 996 3248 intercedente
1009 3208 1107 3248 belli
1126 3221 1279 3249 causa:

406 3282 546 3322 neque
577 3271 690 3311 enim
720 3271 872 3311 Parthi
905 3271 1104 3322 populum
1133 3271 1281 3310 Roma-

408 3343 510 3373 num
523 3334 609 3373 ulla
621 3334 775 3385 injuria
789 3334 1092 3373 lacessiverant
1105 3346 1117 3383 3
1137 3344 1279 3372 verum

411 3395 509 3446 quia
544 3396 720 3436 Crassus
752 3395 987 3446 audiverat,
1019 3394 1282 3445 Arsacidem,

411 3458 496 3507 vel,
514 3463 560 3498 ut
589 3459 660 3498 alii
686 3458 844 3509 dicunt,
878 3456 1066 3498 Orodem
1099 3456 1280 3499 Partim-

974 290 1148 330 NOTAE
1190 290 1521 331 VARIORUM
1565 291 1630 330 [N

1337 419 1428 447 rum
1458 420 1600 459 regem
1632 406 1723 446 auri
1752 411 1797 447 et
1832 405 2001 459 argenti
2020 407 2211 460 locuple-

1335 470 1538 510 tissimum
1572 483 1680 517 esse,
1713 471 1878 510 inhians
1914 471 2006 523 ejus
2045 471 2214 523 opibus,

1336 545 1419 573 non
1437 533 1554 584 prius
1573 545 1701 585 agere
1729 534 1897 573 destitit
1922 546 2019 574 cum
2041 535 2213 574 Caesare

1336 602 1463 649 atque
1495 597 1717 648 Pompeio,
1738 609 1862 649 quam
1880 597 2068 638 obtinuit
2093 603 2142 637 nt
2161 609 2214 638 ea

1336 659 1417 698 sibi
1450 659 1669 710 provincia
1697 658 2020 709 decerneretur,
2035 670 2215 710 sperans

1334 720 1433 759 inde
1453 732 1497 760 se
1517 720 1774 771 locupletem
1807 721 2044 760 rediturum
2065 721 2214 772 magis,

1335 795 1461 835 quam
1481 783 1723 834 gloriosum.
1765 783 1947 823 Constat
1965 782 2077 822 enim
2090 783 2214 823 cras-

1336 858 1425 885 sum
1455 846 1594 886 civem
1620 843 1754 884 fuisse
1782 842 2088 883 avarissimum.
2143 843 2214 884 Ci-

1337 920 1438 948 cero
1470 908 1526 948 de
1557 908 1649 948 Fin.
1686 908 1795 947 Bon.
1830 911 1876 946 et
1907 905 2014 946 Mal.
2048 905 2126 945 lib.
2141 915 2215 946 ιιι.

1336 971 1349 993 ‘
1370 970 1579 1022 Rectius,'
1598 970 1750 1023 inquit,
1769 971 1781 992 ‘
1797 969 1930 1020 dives,
1947 979 2072 1020 quam
2092 967 2216 1008 Cras·

1336 1046 1421 1084 suS,
1449 1033 1521 1085 qui
1551 1033 1633 1072 nisi
1661 1032 1862 1084 eguisset,
1887 1042 2103 1083 nunquam
2133 1029 2218 1069 Eu·

1336 1096 1532 1147 phratem
1567 1095 1684 1134 nulla
1717 1094 1818 1134 belli
1850 1105 2003 1133 caussa
2033 1092 2215 1132 transire

1337 1158 1552 1198 voluisset.
1606 1157 1691 1196 Sed
1713 1168 1781 1196 res
1811 1155 1893 1207 ipsi
1913 1159 2075 1207 praeter
2094 1164 2214 1204 spem

1338 1225 1384 1260 et
1412 1220 1656 1270 opinionem
1690 1218 1863 1258 evenit:
1910 1228 2008 1257 cum
2038 1215 2215 1256 enimin

1336 1281 1561 1322 Parthiam
1587 1281 1778 1321 duxisset
1807 1279 2060 1329 exercitum,
2078 1275 2214 1317 infeli-

1338 1343 1447 1383 citer
1462 1355 1652 1395 pugnans
1664 1343 1964 1391 obtruncatur,
1979 1345 2026 1380 et
2042 1339 2215 1379 obtrun-

1338 1405 1422 1445 cati
1450 1410 1581 1456 caput
1614 1406 1706 1456 regi
1727 1403 1920 1452 offertur,
1935 1401 2049 1454 quod
2067 1401 2217 1441 habuit

1337 1467 1408 1507 ille
1441 1467 1651 1508 ludibrio:
1690 1478 1787 1506 narn
1821 1465 1968 1506 serunt
1995 1475 2142 1504 aurum
2169 1463 2218 1502 li·

1336 1529 1509 1581 quidnm
1539 1542 1636 1569 cum
1655 1530 1736 1569 hac
1755 1527 2089 1579 exprobratione
2108 1524 2216 1565 infu-

1338 1593 1448 1633 disse
1465 1605 1477 1632 :
1512 1593 1525 1615 ‘
1547 1592 1711 1633 Aurum
1739 1591 1884 1641 sitisti,
1903 1601 2051 1630 aurum
2071 1588 2172 1628 bibe
2188 1586 2216 1626 ι’

1338 1659 1489 1706 utpote
1508 1655 1580 1706 qui
1602 1665 1773 1706 semper
1804 1652 2054 1693 divitiarum
2082 1649 2215 1690 studi-

1337 1717 1551 1757 osissimus
1569 1716 1737 1768 fuisset,
1754 1717 1816 1756 ita
1830 1721 1878 1754 ut
1898 1714 2042 1754 divitis
2060 1725 2219 1764 cogno·-

1336 1791 1433 1820 men
1455 1778 1700 1831 acciperet!
1754 1777 1881 1817 Unde
1903 1777 2079 1817 Florus:
2107 1776 2120 1798 ‘
2135 1775 2216 1815 Ca-

1337 1840 1448 1892 put,'
1482 1840 1635 1893 inquit,
1670 1841 1682 1863 ‘
1703 1839 1842 1880 Crassi
1889 1838 2073 1878 recisum
2117 1848 2216 1878 cum

1338 1905 1516 1943 dextera
1540 1914 1667 1942 manu
1686 1901 1739 1941 ad
1760 1910 1902 1953 regem
1923 1900 2216 1952 deportatum,

1338 1964 1522 2004 ludibrio
1539 1963 1647 2014 fuit;
1676 1975 1812 2015 neque
1838 1963 2039 2014 indigner
2067 1973 2215 2002 aurum

1339 2027 1450 2067 enim
1470 2027 1675 2079 liquidum
1694 2027 1736 2066 in
1754 2027 1910 2066 rictum
1929 2026 2015 2066 oris
2029 2023 2215 2066 infusum

1339 2095 1423 2139 est,
1458 2094 1506 2129 ut
1540 2089 1661 2140 cujus
1696 2089 1860 2128 animus
1909 2092 2076 2128 arserat
2123 2087 2217 2126 anri

1339 2151 1596 2203 cupiditate,
1637 2151 1728 2202 ejus
1765 2151 1897 2190 etiarn
1932 2155 2142 2190 mortuum
2170 2157 2217 2190 et

1340 2225 1536 2266 exangue
1561 2225 1718 2265 corpus
1736 2224 1840 2252 auro
1857 2206 2088 2253 ureretur?
2129 2212 2217 2252 Alii

1340 2280 1483 2315 tamen
1523 2274 1688 2325 dicunt,
1724 2273 1837 2325 quod
1876 2273 2048 2314 veritati
2082 2274 2216 2326 magis

1341 2337 1524 2388 accedit,
1551 2336 1810 2376 Parthorum
1842 2348 1989 2387 regem
2015 2335 2217 2386 edixisse,

1341 2399 1582 2451 quicunque
1602 2403 1735 2449 caput
1754 2398 1806 2438 ad
1843 2410 1889 2438 se
1919 2399 2062 2438 Crassi
2093 2398 2215 2439 detu-

1340 2462 1475 2512 lisset,
1496 2461 1536 2501 ei
1556 2473 1601 2500 se
1623 2461 1875 2501 tantundem
1904 2460 1998 2500 auri
2016 2471 2215 2512 repensa-

1340 2529 1498 2575 turum,
1513 2529 1558 2562 et
1575 2534 1690 2562 exeo
1707 2522 1946 2562 calliditate
1959 2522 2121 2573 ingenii
2139 2523 2216 2563 mi-

1338 2585 1460 2624 litem
1473 2596 1606 2635 usum,
1617 2587 1823 2623 evacuato
1836 2582 1983 2623 cranio
1997 2584 2216 2634 plumbum

1338 2646 1544 2699 liquidum
1564 2646 1811 2694 instillasse,
1839 2649 1884 2684 et
1918 2645 2027 2684 hanc
2051 2645 2213 2686 callidi-

1339 2715 1472 2750 tatem
1491 2721 1635 2761 regem
1649 2708 1866 2760 probasse.
1897 2707 2049 2748 Oliver.

1395 2772 1577 2823 Carrhis]
1618 2773 1698 2812 Est
1740 2771 2070 2823 Mesopotamiae
2113 2770 2215 2812 urbs

1337 2835 1858 2885 Ptolemaeo‚Zozomeno‚
1890 2834 1999 2875 aliis.
2052 2833 2215 2875 Diodo-

1339 2909 1410 2936 rus
1447 2897 1501 2936 ad
1540 2897 1776 2937 Chaboram
1813 2895 2009 2936 Fluvium
2045 2895 2214 2936 statuit.

1339 2959 1481 2999 Crassi
1512 2964 1610 2999 sunt
1637 2959 1878 2999 nobilitatae
1912 2958 2046 2999 caede.
2100 2957 2214 2998 Urbs

1339 3033 1493 3062 nomen
1530 3021 1702 3073 accepit
1731 3033 1756 3060 a
1777 3021 1938 3061 Carrha
1970 3019 2104 3072 Syriae
2136 3017 2214 3059 flu-

1339 3085 1467 3135 mine,
1483 3089 1658 3124 anctore
1671 3083 1901 3135 Stephano.
1935 3082 2088 3122 Heron
2103 3092 2215 3121 nunc

1340 3147 1598 3198 appellatur,
1625 3146 1660 3185 si
1679 3146 1733 3186 D.
1754 3146 1892 3196 Nigro
1907 3143 2029 3184 fides.

1393 3210 1586 3260 Parthos]
1613 3207 1764 3248 Parthi
1792 3206 1920 3246 iidem
1950 3217 2043 3245 cum
2068 3203 2214 3245 Persis

1341 3284 1419 3324 pro
1438 3272 1650 3311 varietate
1668 3269 1961 3320 dialectorum,
1979 3268 2106 3320 juxta
2118 3267 2215 3306 Tei-

1340 3346 1501 3374 xeram.

1395 3395 1573 3447 Pullum]
1603 3394 1655 3434 Id
1675 3396 1756 3445 est,
1780 3393 1947 3444 nigrum
1978 3396 2024 3431 et
2058 3395 2212 3431 atrum.

1341 3457 1574 3509 Virgilius:
1606 3455 1801 3507 ‘Rejice‚
1841 3466 1895 3495 ne
1929 3453 2105 3496 maculis
2152 3453 2214 3491 in·
