<?xml version="1.0" encoding="UTF-8"?>
<!DOCTYPE html PUBLIC "-//W3C//DTD XHTML 1.0 Transitional//EN"
    "http://www.w3.org/TR/xhtml1/DTD/xhtml1-transitional.dtd">
<html xmlns="http://www.w3.org/1999/xhtml" xml:lang="en" lang="en">
 <head>
  <title>
</title>
<meta http-equiv="Content-Type" content="text/html;charset=utf-8" />
  <meta name='ocr-system' content='tesseract 3.04.00' />
  <meta name='ocr-capabilities' content='ocr_page ocr_carea ocr_par ocr_line ocrx_word'/>
</head>
<body>
  <div class='ocr_page' id='page_1' title='image "./factorumdictorum03valeuoft_0399.png"; bbox 0 0 2346 3996; ppageno 0'>
   <div class='ocr_carea' id='block_1_1' title="bbox 604 301 1146 343">
    <p class='ocr_par' dir='ltr' id='par_1_1' title="bbox 604 301 1146 343">
     <span class='ocr_line' id='line_1_1' title="bbox 604 301 1146 343; baseline -0.007 0"><span class='ocrx_word' id='word_1_1' title='bbox 604 302 862 343; x_wconf 81' lang='lat' dir='ltr'><strong>VALERII</strong></span> <span class='ocrx_word' id='word_1_2' title='bbox 906 301 1146 340; x_wconf 86' lang='lat' dir='ltr'><strong>MAXIMI</strong></span> 
     </span>
    </p>
   </div>
   <div class='ocr_carea' id='block_1_2' title="bbox 198 421 1131 3599">
    <p class='ocr_par' dir='ltr' id='par_1_2' title="bbox 198 421 1131 1428">
     <span class='ocr_line' id='line_1_2' title="bbox 251 421 1131 474; baseline -0.008 -7"><span class='ocrx_word' id='word_1_3' title='bbox 251 425 484 467; x_wconf 78' lang='lat' dir='ltr'>haberetur</span> <span class='ocrx_word' id='word_1_4' title='bbox 518 423 762 474; x_wconf 88' lang='lat' dir='ltr'><strong>continens,</strong></span> <span class='ocrx_word' id='word_1_5' title='bbox 807 427 951 462; x_wconf 83' lang='lat' dir='ltr'><strong>tamen</strong></span> <span class='ocrx_word' id='word_1_6' title='bbox 991 421 1131 461; x_wconf 84' lang='lat' dir='ltr'><strong>indul-</strong></span> 
     </span>
     <span class='ocr_line' id='line_1_3' title="bbox 254 484 1131 538; baseline -0.006 -8"><span class='ocrx_word' id='word_1_7' title='bbox 254 490 357 530; x_wconf 87' lang='lat' dir='ltr'><strong>sisse</strong></span> <span class='ocrx_word' id='word_1_8' title='bbox 377 488 579 529; x_wconf 80' lang='lat' dir='ltr'><strong>scribitur</strong></span> <span class='ocrx_word' id='word_1_9' title='bbox 606 486 734 526; x_wconf 82' lang='lat' dir='ltr'><strong>vino:</strong></span> <span class='ocrx_word' id='word_1_10' title='bbox 771 486 893 538; x_wconf 84' lang='lat' dir='ltr'><strong>cujus</strong></span> <span class='ocrx_word' id='word_1_11' title='bbox 921 484 1131 525; x_wconf 86' lang='lat' dir='ltr'><strong>industria</strong></span> 
     </span>
     <span class='ocr_line' id='line_1_4' title="bbox 252 549 1130 605; baseline -0.007 -12"><span class='ocrx_word' id='word_1_12' title='bbox 252 558 412 605; x_wconf 86' lang='lat' dir='ltr'><strong>quanta</strong></span> <span class='ocrx_word' id='word_1_13' title='bbox 428 550 573 600; x_wconf 86' lang='lat' dir='ltr'><strong>fuerit,</strong></span> <span class='ocrx_word' id='word_1_14' title='bbox 593 562 646 590; x_wconf 89' lang='lat' dir='ltr'><strong>ex</strong></span> <span class='ocrx_word' id='word_1_15' title='bbox 666 549 756 601; x_wconf 86' lang='lat' dir='ltr'><strong>ejus</strong></span> <span class='ocrx_word' id='word_1_16' title='bbox 774 549 917 589; x_wconf 88' lang='lat' dir='ltr'><strong>verbis</strong></span> <span class='ocrx_word' id='word_1_17' title='bbox 936 559 1130 600; x_wconf 82' lang='lat' dir='ltr'><strong>compre·</strong></span> 
     </span>
     <span class='ocr_line' id='line_1_5' title="bbox 249 611 1130 666; baseline -0.005 -12"><span class='ocrx_word' id='word_1_18' title='bbox 249 615 380 656; x_wconf 86' lang='lat' dir='ltr'><strong>bendi</strong></span> <span class='ocrx_word' id='word_1_19' title='bbox 417 619 574 666; x_wconf 85' lang='lat' dir='ltr'><strong>potest.</strong></span> <span class='ocrx_word' id='word_1_20' title='bbox 629 614 744 653; x_wconf 89' lang='lat' dir='ltr'><strong>Nam</strong></span> <span class='ocrx_word' id='word_1_21' title='bbox 778 612 983 652; x_wconf 84' lang='lat' dir='ltr'><strong>dictitare</strong></span> <span class='ocrx_word' id='word_1_22' title='bbox 1020 611 1130 651; x_wconf 91' lang='lat' dir='ltr'><strong>sole-</strong></span> 
     </span>
     <span class='ocr_line' id='line_1_6' title="bbox 249 674 1129 730; baseline -0.006 -11"><span class='ocrx_word' id='word_1_23' title='bbox 249 679 349 719; x_wconf 83' lang='lat' dir='ltr'><strong>bat:</strong></span> <span class='ocrx_word' id='word_1_24' title='bbox 379 676 562 730; x_wconf 80' lang='grc' dir='ltr'>Γηράσκω</span> <span class='ocrx_word' id='word_1_25' title='bbox 580 678 611 716; x_wconf 86' lang='grc' dir='ltr'><strong>δ’</strong></span> <span class='ocrx_word' id='word_1_26' title='bbox 625 675 686 716; x_wconf 79' lang='grc' dir='ltr'><strong>ἀεὶ</strong></span> <span class='ocrx_word' id='word_1_27' title='bbox 700 675 832 716; x_wconf 80' lang='grc' dir='ltr'>πολλὰ</span> <span class='ocrx_word' id='word_1_28' title='bbox 844 674 1129 726; x_wconf 80' lang='grc' dir='ltr'>διδασκόμενος,</span> 
     </span>
     <span class='ocr_line' id='line_1_7' title="bbox 247 740 1128 794; baseline -0.005 -11"><span class='ocrx_word' id='word_1_29' title='bbox 247 742 411 783; x_wconf 76' lang='lat' dir='ltr'><strong>Senesco</strong></span> <span class='ocrx_word' id='word_1_30' title='bbox 429 754 578 794; x_wconf 80' lang='lat' dir='ltr'><strong>semper</strong></span> <span class='ocrx_word' id='word_1_31' title='bbox 596 743 719 781; x_wconf 82' lang='lat' dir='ltr'><strong>multa</strong></span> <span class='ocrx_word' id='word_1_32' title='bbox 737 741 952 781; x_wconf 78' lang='lat' dir='ltr'><strong><em>addiscens.</em></strong></span> <span class='ocrx_word' id='word_1_33' title='bbox 1010 740 1128 779; x_wconf 80' lang='lat' dir='ltr'><strong>Prae-</strong></span> 
     </span>
     <span class='ocr_line' id='line_1_8' title="bbox 250 802 1127 846; baseline -0.003 0"><span class='ocrx_word' id='word_1_34' title='bbox 250 811 372 846; x_wconf 88' lang='lat' dir='ltr'><strong>terea</strong></span> <span class='ocrx_word' id='word_1_35' title='bbox 396 817 492 846; x_wconf 86' lang='lat' dir='ltr'><strong>cum</strong></span> <span class='ocrx_word' id='word_1_36' title='bbox 511 809 748 845; x_wconf 81' lang='lat' dir='ltr'><strong>extremum</strong></span> <span class='ocrx_word' id='word_1_37' title='bbox 767 803 850 844; x_wconf 86' lang='lat' dir='ltr'><strong>fati</strong></span> <span class='ocrx_word' id='word_1_38' title='bbox 869 804 987 843; x_wconf 83' lang='lat' dir='ltr'><strong>diem·</strong></span> <span class='ocrx_word' id='word_1_39' title='bbox 1001 802 1127 843; x_wconf 90' lang='lat' dir='ltr'><strong>susti-</strong></span> 
     </span>
     <span class='ocr_line' id='line_1_9' title="bbox 249 866 1127 920; baseline -0.002 -13"><span class='ocrx_word' id='word_1_40' title='bbox 249 873 392 919; x_wconf 83' lang='lat' dir='ltr'>neret,</span> <span class='ocrx_word' id='word_1_41' title='bbox 429 874 474 907; x_wconf 90' lang='lat' dir='ltr'><strong>et</strong></span> <span class='ocrx_word' id='word_1_42' title='bbox 508 867 581 920; x_wconf 90' lang='lat' dir='ltr'><strong>qui</strong></span> <span class='ocrx_word' id='word_1_43' title='bbox 621 867 869 908; x_wconf 84' lang='lat' dir='ltr'>assidebant</span> <span class='ocrx_word' id='word_1_44' title='bbox 914 866 1040 906; x_wconf 86' lang='lat' dir='ltr'><strong>amici</strong></span> <span class='ocrx_word' id='word_1_45' title='bbox 1077 878 1127 905; x_wconf 90' lang='lat' dir='ltr'><strong>ac</strong></span> 
     </span>
     <span class='ocr_line' id='line_1_10' title="bbox 226 930 1126 984; baseline -0.003 -13"><span class='ocrx_word' id='word_1_46' title='bbox 226 942 229 944; x_wconf 87' lang='grc'><em>·</em></span> <span class='ocrx_word' id='word_1_47' title='bbox 246 930 474 972; x_wconf 79' lang='lat' dir='ltr'>familiares</span> <span class='ocrx_word' id='word_1_48' title='bbox 493 931 548 972; x_wconf 91' lang='lat' dir='ltr'><strong>de</strong></span> <span class='ocrx_word' id='word_1_49' title='bbox 567 943 613 971; x_wconf 85' lang='lat' dir='ltr'><strong>re</strong></span> <span class='ocrx_word' id='word_1_50' title='bbox 633 931 814 984; x_wconf 89' lang='lat' dir='ltr'><strong>quadam</strong></span> <span class='ocrx_word' id='word_1_51' title='bbox 837 930 1126 982; x_wconf 83' lang='lat' dir='ltr'><strong>disputarent,</strong></span> 
     </span>
     <span class='ocr_line' id='line_1_11' title="bbox 250 992 1128 1046; baseline -0.003 -12"><span class='ocrx_word' id='word_1_52' title='bbox 250 993 384 1046; x_wconf 80' lang='lat' dir='ltr'><strong>caput</strong></span> <span class='ocrx_word' id='word_1_53' title='bbox 402 995 556 1046; x_wconf 82' lang='lat' dir='ltr'><strong>erexit,</strong></span> <span class='ocrx_word' id='word_1_54' title='bbox 581 994 803 1034; x_wconf 86' lang='lat' dir='ltr'><strong>auditurus</strong></span> <span class='ocrx_word' id='word_1_55' title='bbox 820 992 1128 1046; x_wconf 70' lang='lat' dir='ltr'><strong>quid-illitum</strong></span> 
     </span>
     <span class='ocr_line' id='line_1_12' title="bbox 248 1056 1130 1108; baseline -0.002 -11"><span class='ocrx_word' id='word_1_56' title='bbox 248 1057 364 1098; x_wconf 85' lang='lat' dir='ltr'><strong>inter</strong></span> <span class='ocrx_word' id='word_1_57' title='bbox 390 1069 435 1098; x_wconf 89' lang='lat' dir='ltr'><strong>se</strong></span> <span class='ocrx_word' id='word_1_58' title='bbox 465 1057 749 1106; x_wconf 84' lang='lat' dir='ltr'><strong>dissererent3</strong></span> <span class='ocrx_word' id='word_1_59' title='bbox 782 1057 1063 1108; x_wconf 86' lang='lat' dir='ltr'><strong>interrogatus</strong></span> <span class='ocrx_word' id='word_1_60' title='bbox 1094 1056 1130 1095; x_wconf 93' lang='lat' dir='ltr'><strong>si</strong></span> 
     </span>
     <span class='ocr_line' id='line_1_13' title="bbox 249 1120 1130 1174; baseline -0.002 -13"><span class='ocrx_word' id='word_1_61' title='bbox 249 1120 352 1174; x_wconf 88' lang='lat' dir='ltr'><strong>qnid</strong></span> <span class='ocrx_word' id='word_1_62' title='bbox 370 1126 486 1162; x_wconf 89' lang='lat' dir='ltr'><strong>esset</strong></span> <span class='ocrx_word' id='word_1_63' title='bbox 515 1121 631 1174; x_wconf 87' lang='lat' dir='ltr'><strong>quod</strong></span> <span class='ocrx_word' id='word_1_64' title='bbox 658 1122 807 1172; x_wconf 88' lang='lat' dir='ltr'><strong>vellet,</strong></span> <span class='ocrx_word' id='word_1_65' title='bbox 834 1125 885 1161; x_wconf 91' lang='lat' dir='ltr'><strong>ut</strong></span> <span class='ocrx_word' id='word_1_66' title='bbox 903 1125 1130 1172; x_wconf 88' lang='lat' dir='ltr'><strong>percepto,</strong></span> 
     </span>
     <span class='ocr_line' id='line_1_14' title="bbox 247 1183 1128 1238; baseline -0.002 -14"><span class='ocrx_word' id='word_1_67' title='bbox 247 1185 403 1238; x_wconf 88' lang='lat' dir='ltr'><strong>inquit,</strong></span> <span class='ocrx_word' id='word_1_68' title='bbox 437 1183 639 1238; x_wconf 78' lang='lat' dir='ltr'><strong>quicquid</strong></span> <span class='ocrx_word' id='word_1_69' title='bbox 660 1189 728 1225; x_wconf 87' lang='lat' dir='ltr'><strong>est</strong></span> <span class='ocrx_word' id='word_1_70' title='bbox 755 1184 811 1224; x_wconf 91' lang='lat' dir='ltr'><strong>de</strong></span> <span class='ocrx_word' id='word_1_71' title='bbox 833 1195 919 1238; x_wconf 91' lang='lat' dir='ltr'><strong>quo</strong></span> <span class='ocrx_word' id='word_1_72' title='bbox 937 1183 1128 1235; x_wconf 88' lang='lat' dir='ltr'><strong>disputa-</strong></span> 
     </span>
     <span class='ocr_line' id='line_1_15' title="bbox 247 1247 1128 1299; baseline -0.002 -11"><span class='ocrx_word' id='word_1_73' title='bbox 247 1248 318 1299; x_wconf 86' lang='lat' dir='ltr'><strong>tis,</strong></span> <span class='ocrx_word' id='word_1_74' title='bbox 337 1247 547 1289; x_wconf 86' lang='lat' dir='ltr'><strong>eruditior</strong></span> <span class='ocrx_word' id='word_1_75' title='bbox 573 1249 671 1288; x_wconf 85' lang='lat' dir='ltr'><strong>hinc</strong></span> <span class='ocrx_word' id='word_1_76' title='bbox 698 1247 868 1299; x_wconf 88' lang='lat' dir='ltr'><strong>abeam,</strong></span> <span class='ocrx_word' id='word_1_77' title='bbox 885 1247 1128 1299; x_wconf 89' lang='lat' dir='ltr'><strong>moriarque</strong></span> 
     </span>
     <span class='ocr_line' id='line_1_16' title="bbox 198 1310 1128 1364; baseline -0.001 -13"><span class='ocrx_word' id='word_1_78' title='bbox 198 1314 200 1316; x_wconf 79' lang='grc'>’</span> <span class='ocrx_word' id='word_1_79' title='bbox 246 1311 498 1364; x_wconf 83' lang='lat' dir='ltr'><strong>sapientior.</strong></span> <span class='ocrx_word' id='word_1_80' title='bbox 566 1312 665 1352; x_wconf 86' lang='lat' dir='ltr'><strong>Vox</strong></span> <span class='ocrx_word' id='word_1_81' title='bbox 699 1311 897 1363; x_wconf 89' lang='lat' dir='ltr'><strong>profecto</strong></span> <span class='ocrx_word' id='word_1_82' title='bbox 931 1310 1128 1350; x_wconf 88' lang='lat' dir='ltr'><strong>Philoso-</strong></span> 
     </span>
     <span class='ocr_line' id='line_1_17' title="bbox 246 1374 912 1428; baseline -0.002 -12"><span class='ocrx_word' id='word_1_83' title='bbox 246 1375 332 1428; x_wconf 85' lang='lat' dir='ltr'><strong>pho</strong></span> <span class='ocrx_word' id='word_1_84' title='bbox 349 1379 472 1416; x_wconf 88' lang='lat' dir='ltr'><strong>tanto</strong></span> <span class='ocrx_word' id='word_1_85' title='bbox 489 1374 751 1428; x_wconf 86' lang='lat' dir='ltr'><strong>dignissima.</strong></span> <span class='ocrx_word' id='word_1_86' title='bbox 786 1375 912 1416; x_wconf 84' lang='lat' dir='ltr'><strong>Idem.</strong></span> 
     </span>
    </p>

    <p class='ocr_par' dir='ltr' id='par_1_3' title="bbox 248 1441 1130 1559">
     <span class='ocr_line' id='line_1_18' title="bbox 301 1441 1130 1497; baseline 0 -15"><span class='ocrx_word' id='word_1_87' title='bbox 301 1441 420 1482; x_wconf 79' lang='lat' dir='ltr'><strong>Fatis</strong></span> <span class='ocrx_word' id='word_1_88' title='bbox 435 1459 437 1463; x_wconf 57' lang='grc'>’</span> <span class='ocrx_word' id='word_1_89' title='bbox 445 1443 640 1494; x_wconf 81' lang='lat' dir='ltr'><strong>pressum]</strong></span> <span class='ocrx_word' id='word_1_90' title='bbox 685 1441 873 1483; x_wconf 83' lang='lat' dir='ltr'><strong>Instanti</strong></span> <span class='ocrx_word' id='word_1_91' title='bbox 892 1446 938 1482; x_wconf 90' lang='lat' dir='ltr'><strong>et</strong></span> <span class='ocrx_word' id='word_1_92' title='bbox 957 1442 1130 1497; x_wconf 89' lang='lat' dir='ltr'><strong>propin-</strong></span> 
     </span>
     <span class='ocr_line' id='line_1_19' title="bbox 248 1513 744 1559; baseline 0.004 -15"><span class='ocrx_word' id='word_1_93' title='bbox 248 1518 330 1558; x_wconf 87' lang='lat' dir='ltr'><strong>qua</strong></span> <span class='ocrx_word' id='word_1_94' title='bbox 343 1513 484 1547; x_wconf 89' lang='lat' dir='ltr'><strong>morte</strong></span> <span class='ocrx_word' id='word_1_95' title='bbox 505 1513 744 1559; x_wconf 88' lang='lat' dir='ltr'><strong>gravatum.</strong></span> 
     </span>
    </p>

    <p class='ocr_par' dir='ltr' id='par_1_4' title="bbox 248 1569 1126 1685">
     <span class='ocr_line' id='line_1_20' title="bbox 300 1569 1126 1621; baseline 0.002 -12"><span class='ocrx_word' id='word_1_96' title='bbox 300 1569 478 1621; x_wconf 81' lang='lat' dir='ltr'><strong>Moriar]</strong></span> <span class='ocrx_word' id='word_1_97' title='bbox 525 1569 667 1610; x_wconf 83' lang='lat' dir='ltr'><strong>Aliter</strong></span> <span class='ocrx_word' id='word_1_98' title='bbox 691 1573 838 1611; x_wconf 86' lang='lat' dir='ltr'><strong>narrat</strong></span> <span class='ocrx_word' id='word_1_99' title='bbox 856 1569 948 1610; x_wconf 86' lang='lat' dir='ltr'><strong>haec</strong></span> <span class='ocrx_word' id='word_1_100' title='bbox 971 1570 1126 1611; x_wconf 86' lang='lat' dir='ltr'><strong>AElian.</strong></span> 
     </span>
     <span class='ocr_line' id='line_1_21' title="bbox 248 1633 987 1685; baseline 0 -13"><span class='ocrx_word' id='word_1_101' title='bbox 248 1633 502 1685; x_wconf 83' lang='lat' dir='ltr'><strong>apudStob.</strong></span> <span class='ocrx_word' id='word_1_102' title='bbox 536 1633 665 1674; x_wconf 87' lang='lat' dir='ltr'><strong>Coler.</strong></span> <span class='ocrx_word' id='word_1_103' title='bbox 982 1666 987 1672; x_wconf 94' lang='lat'><strong>.</strong></span> 
     </span>
    </p>

    <p class='ocr_par' dir='ltr' id='par_1_5' title="bbox 241 1697 1128 2436">
     <span class='ocr_line' id='line_1_22' title="bbox 299 1697 1128 1749; baseline 0.005 -14"><span class='ocrx_word' id='word_1_104' title='bbox 299 1697 324 1748; x_wconf 60' lang='grc' dir='ltr'><strong>ς</strong></span> <span class='ocrx_word' id='word_1_105' title='bbox 353 1701 402 1736; x_wconf 89' lang='grc'><strong>15</strong></span> <span class='ocrx_word' id='word_1_106' title='bbox 452 1697 533 1736; x_wconf 86' lang='lat' dir='ltr'><strong>Per</strong></span> <span class='ocrx_word' id='word_1_107' title='bbox 574 1709 778 1749; x_wconf 80' lang='lat' dir='ltr'><strong>summum,</strong></span> <span class='ocrx_word' id='word_1_108' title='bbox 819 1698 909 1749; x_wconf 51' lang='lat'><strong>⁸5⁶0]</strong></span> <span class='ocrx_word' id='word_1_109' title='bbox 956 1698 1128 1739; x_wconf 88' lang='lat' dir='ltr'><strong>Invidia</strong></span> 
     </span>
     <span class='ocr_line' id='line_1_23' title="bbox 246 1759 1126 1813; baseline 0.002 -14"><span class='ocrx_word' id='word_1_110' title='bbox 246 1759 419 1812; x_wconf 84' lang='lat' dir='ltr'><strong>civium,</strong></span> <span class='ocrx_word' id='word_1_111' title='bbox 440 1760 508 1799; x_wconf 89' lang='lat' dir='ltr'><strong>vel</strong></span> <span class='ocrx_word' id='word_1_112' title='bbox 524 1759 764 1811; x_wconf 86' lang='lat' dir='ltr'><strong>tyrannidis</strong></span> <span class='ocrx_word' id='word_1_113' title='bbox 783 1761 1045 1813; x_wconf 86' lang='lat' dir='ltr'><strong>suspicione,</strong></span> <span class='ocrx_word' id='word_1_114' title='bbox 1056 1762 1126 1803; x_wconf 88' lang='lat' dir='ltr'><strong>vel</strong></span> 
     </span>
     <span class='ocr_line' id='line_1_24' title="bbox 246 1819 1126 1876; baseline 0.003 -14"><span class='ocrx_word' id='word_1_115' title='bbox 246 1823 362 1876; x_wconf 87' lang='lat' dir='ltr'><strong>quia,</strong></span> <span class='ocrx_word' id='word_1_116' title='bbox 393 1828 443 1863; x_wconf 91' lang='lat' dir='ltr'><strong>ut</strong></span> <span class='ocrx_word' id='word_1_117' title='bbox 473 1819 674 1874; x_wconf 54' lang='lat' dir='ltr'><strong>diximus,</strong></span> <span class='ocrx_word' id='word_1_118' title='bbox 692 1836 782 1864; x_wconf 89' lang='lat' dir='ltr'><strong>mos</strong></span> <span class='ocrx_word' id='word_1_119' title='bbox 811 1829 903 1865; x_wconf 90' lang='lat' dir='ltr'><strong>erat</strong></span> <span class='ocrx_word' id='word_1_120' title='bbox 928 1825 1126 1875; x_wconf 80' lang='lat' dir='ltr'><strong>Athenis,</strong></span> 
     </span>
     <span class='ocr_line' id='line_1_25' title="bbox 245 1887 1127 1942; baseline 0.003 -15"><span class='ocrx_word' id='word_1_121' title='bbox 245 1893 295 1929; x_wconf 92' lang='lat' dir='ltr'><strong>ut</strong></span> <span class='ocrx_word' id='word_1_122' title='bbox 314 1887 388 1941; x_wconf 92' lang='lat' dir='ltr'><strong>qui</strong></span> <span class='ocrx_word' id='word_1_123' title='bbox 406 1888 565 1928; x_wconf 85' lang='lat' dir='ltr'><strong>virtute</strong></span> <span class='ocrx_word' id='word_1_124' title='bbox 590 1888 792 1928; x_wconf 87' lang='lat' dir='ltr'><strong>maximas</strong></span> <span class='ocrx_word' id='word_1_125' title='bbox 821 1901 925 1941; x_wconf 89' lang='lat' dir='ltr'><strong>opes</strong></span> <span class='ocrx_word' id='word_1_126' title='bbox 955 1902 1127 1942; x_wconf 87' lang='lat' dir='ltr'><strong>compa-</strong></span> 
     </span>
     <span class='ocr_line' id='line_1_26' title="bbox 243 1950 1124 2005; baseline 0.005 -15"><span class='ocrx_word' id='word_1_127' title='bbox 243 1956 398 2002; x_wconf 83' lang='lat' dir='ltr'><strong>rasset,</strong></span> <span class='ocrx_word' id='word_1_128' title='bbox 424 1963 480 1991; x_wconf 84' lang='lat' dir='ltr'><strong>ne</strong></span> <span class='ocrx_word' id='word_1_129' title='bbox 498 1951 691 1993; x_wconf 84' lang='lat' dir='ltr'><strong>libertati</strong></span> <span class='ocrx_word' id='word_1_130' title='bbox 710 1952 975 2003; x_wconf 86' lang='lat' dir='ltr'><strong>periculosus</strong></span> <span class='ocrx_word' id='word_1_131' title='bbox 990 1950 1124 2005; x_wconf 80' lang='lat' dir='ltr'><strong>esset,</strong></span> 
     </span>
     <span class='ocr_line' id='line_1_27' title="bbox 242 2014 1126 2070; baseline 0.005 -16"><span class='ocrx_word' id='word_1_132' title='bbox 242 2025 323 2066; x_wconf 86' lang='lat' dir='ltr'><strong>per</strong></span> <span class='ocrx_word' id='word_1_133' title='bbox 338 2014 488 2055; x_wconf 87' lang='lat' dir='ltr'><strong>decem</strong></span> <span class='ocrx_word' id='word_1_134' title='bbox 505 2027 637 2057; x_wconf 86' lang='lat' dir='ltr'><strong>annos</strong></span> <span class='ocrx_word' id='word_1_135' title='bbox 652 2017 860 2057; x_wconf 87' lang='lat' dir='ltr'><strong>exularet.</strong></span> <span class='ocrx_word' id='word_1_136' title='bbox 915 2018 1031 2069; x_wconf 87' lang='lat' dir='ltr'><strong>Ergo</strong></span> <span class='ocrx_word' id='word_1_137' title='bbox 1048 2030 1126 2070; x_wconf 90' lang='lat' dir='ltr'><strong>per</strong></span> 
     </span>
     <span class='ocr_line' id='line_1_28' title="bbox 244 2078 1127 2134; baseline 0.003 -16"><span class='ocrx_word' id='word_1_138' title='bbox 244 2090 452 2119; x_wconf 87' lang='lat' dir='ltr'><strong>summam</strong></span> <span class='ocrx_word' id='word_1_139' title='bbox 481 2078 752 2132; x_wconf 87' lang='lat' dir='ltr'><strong>iniquitatem</strong></span> <span class='ocrx_word' id='word_1_140' title='bbox 782 2081 1004 2132; x_wconf 83' lang='lat' dir='ltr'><strong>expulsus,</strong></span> <span class='ocrx_word' id='word_1_141' title='bbox 1024 2081 1127 2134; x_wconf 91' lang='lat' dir='ltr'><strong>quia</strong></span> 
     </span>
     <span class='ocr_line' id='line_1_29' title="bbox 241 2141 1126 2195; baseline 0.007 -15"><span class='ocrx_word' id='word_1_142' title='bbox 241 2141 552 2195; x_wconf 89' lang='lat' dir='ltr'><strong>iniquissimum</strong></span> <span class='ocrx_word' id='word_1_143' title='bbox 590 2147 700 2194; x_wconf 90' lang='lat' dir='ltr'><strong>erat,</strong></span> <span class='ocrx_word' id='word_1_144' title='bbox 738 2143 896 2195; x_wconf 65' lang='lat' dir='ltr'><strong>patrias</strong></span> <span class='ocrx_word' id='word_1_145' title='bbox 928 2145 1126 2186; x_wconf 86' lang='lat' dir='ltr'><strong>liberato-</strong></span> 
     </span>
     <span class='ocr_line' id='line_1_30' title="bbox 245 2204 1122 2257; baseline 0.006 -14"><span class='ocrx_word' id='word_1_146' title='bbox 245 2215 352 2255; x_wconf 86' lang='lat' dir='ltr'><strong>rem,</strong></span> <span class='ocrx_word' id='word_1_147' title='bbox 369 2204 538 2257; x_wconf 86' lang='lat' dir='ltr'><strong>imperii</strong></span> <span class='ocrx_word' id='word_1_148' title='bbox 558 2204 910 2257; x_wconf 88' lang='lat' dir='ltr'><strong>amplificatorem</strong></span> <span class='ocrx_word' id='word_1_149' title='bbox 944 2213 991 2247; x_wconf 90' lang='lat' dir='ltr'><strong>et</strong></span> <span class='ocrx_word' id='word_1_150' title='bbox 1022 2220 1122 2248; x_wconf 90' lang='lat' dir='ltr'><strong>con-</strong></span> 
     </span>
     <span class='ocr_line' id='line_1_31' title="bbox 244 2270 1123 2325; baseline 0.007 -18"><span class='ocrx_word' id='word_1_151' title='bbox 244 2273 523 2320; x_wconf 87' lang='lat' dir='ltr'><strong>servatorem,</strong></span> <span class='ocrx_word' id='word_1_152' title='bbox 556 2270 686 2309; x_wconf 84' lang='lat' dir='ltr'><strong>exilio</strong></span> <span class='ocrx_word' id='word_1_153' title='bbox 727 2271 952 2323; x_wconf 89' lang='lat' dir='ltr'><strong>mulctare,-</strong></span> <span class='ocrx_word' id='word_1_154' title='bbox 997 2286 1123 2325; x_wconf 85' lang='lat' dir='ltr'><strong>quem</strong></span> 
     </span>
     <span class='ocr_line' id='line_1_32' title="bbox 243 2330 1123 2385; baseline 0.008 -14"><span class='ocrx_word' id='word_1_155' title='bbox 243 2330 490 2384; x_wconf 84' lang='lat' dir='ltr'><strong>ingentibus</strong></span> <span class='ocrx_word' id='word_1_156' title='bbox 507 2332 678 2385; x_wconf 80' lang='lat' dir='ltr'><strong>praemis</strong></span> <span class='ocrx_word' id='word_1_157' title='bbox 689 2331 862 2375; x_wconf 81' lang='lat' dir='ltr'><strong>afficere</strong></span> <span class='ocrx_word' id='word_1_158' title='bbox 870 2333 1123 2379; x_wconf 71' lang='lat' dir='ltr'><strong>debuerant.</strong></span> 
     </span>
     <span class='ocr_line' id='line_1_33' title="bbox 249 2395 398 2436; baseline 0 -2"><span class='ocrx_word' id='word_1_159' title='bbox 249 2395 398 2436; x_wconf 86' lang='lat' dir='ltr'><strong>Oliver.</strong></span> 
     </span>
    </p>

    <p class='ocr_par' dir='ltr' id='par_1_6' title="bbox 241 2459 1124 2758">
     <span class='ocr_line' id='line_1_34' title="bbox 299 2459 1122 2517; baseline 0.006 -17"><span class='ocrx_word' id='word_1_160' title='bbox 299 2459 460 2501; x_wconf 83' lang='lat' dir='ltr'><strong>Persico</strong></span> <span class='ocrx_word' id='word_1_161' title='bbox 476 2462 663 2515; x_wconf 83' lang='lat' dir='ltr'><strong>sermoni]</strong></span> <span class='ocrx_word' id='word_1_162' title='bbox 706 2463 871 2517; x_wconf 88' lang='lat' dir='ltr'><strong>Cuique</strong></span> <span class='ocrx_word' id='word_1_163' title='bbox 899 2465 1014 2517; x_wconf 86' lang='lat' dir='ltr'><strong>genti</strong></span> <span class='ocrx_word' id='word_1_164' title='bbox 1045 2477 1122 2505; x_wconf 85' lang='lat' dir='ltr'><strong>sua</strong></span> 
     </span>
     <span class='ocr_line' id='line_1_35' title="bbox 243 2522 1122 2579; baseline 0.007 -17"><span class='ocrx_word' id='word_1_165' title='bbox 243 2522 445 2575; x_wconf 85' lang='lat' dir='ltr'><strong>linguain</strong></span> <span class='ocrx_word' id='word_1_166' title='bbox 464 2525 627 2576; x_wconf 89' lang='lat' dir='ltr'><strong>precio.</strong></span> <span class='ocrx_word' id='word_1_167' title='bbox 682 2525 798 2567; x_wconf 91' lang='lat' dir='ltr'><strong>Hinc</strong></span> <span class='ocrx_word' id='word_1_168' title='bbox 816 2533 935 2579; x_wconf 87' lang='lat' dir='ltr'><strong>nota,</strong></span> <span class='ocrx_word' id='word_1_169' title='bbox 962 2528 1122 2568; x_wconf 82' lang='lat' dir='ltr'><strong>animos</strong></span> 
     </span>
     <span class='ocr_line' id='line_1_36' title="bbox 244 2588 1123 2644; baseline 0.008 -19"><span class='ocrx_word' id='word_1_170' title='bbox 244 2591 492 2628; x_wconf 85' lang='lat' dir='ltr'><strong>exterorum</strong></span> <span class='ocrx_word' id='word_1_171' title='bbox 509 2589 624 2629; x_wconf 89' lang='lat' dir='ltr'><strong>haud</strong></span> <span class='ocrx_word' id='word_1_172' title='bbox 642 2588 772 2631; x_wconf 85' lang='lat' dir='ltr'><strong>facile</strong></span> <span class='ocrx_word' id='word_1_173' title='bbox 797 2590 1021 2644; x_wconf 85' lang='lat' dir='ltr'><strong>devinciri,</strong></span> <span class='ocrx_word' id='word_1_174' title='bbox 1041 2593 1123 2632; x_wconf 89' lang='lat' dir='ltr'><strong>nisi</strong></span> 
     </span>
     <span class='ocr_line' id='line_1_37' title="bbox 242 2650 1124 2708; baseline 0.007 -18"><span class='ocrx_word' id='word_1_175' title='bbox 242 2650 415 2691; x_wconf 85' lang='lat' dir='ltr'><strong>vinculo</strong></span> <span class='ocrx_word' id='word_1_176' title='bbox 426 2651 501 2692; x_wconf 90' lang='lat' dir='ltr'><strong>illo</strong></span> <span class='ocrx_word' id='word_1_177' title='bbox 514 2652 707 2693; x_wconf 85' lang='lat' dir='ltr'><strong>humanae</strong></span> <span class='ocrx_word' id='word_1_178' title='bbox 724 2654 962 2707; x_wconf 86' lang='lat' dir='ltr'><strong>societatis,</strong></span> <span class='ocrx_word' id='word_1_179' title='bbox 977 2654 1124 2708; x_wconf 85' lang='lat' dir='ltr'><strong>lingua</strong></span> 
     </span>
     <span class='ocr_line' id='line_1_38' title="bbox 241 2712 826 2758; baseline 0.007 -4"><span class='ocrx_word' id='word_1_180' title='bbox 241 2712 342 2755; x_wconf 86' lang='lat' dir='ltr'><strong>dico</strong></span> <span class='ocrx_word' id='word_1_181' title='bbox 360 2715 666 2757; x_wconf 88' lang='lat' dir='ltr'><strong>conciliatrice.</strong></span> <span class='ocrx_word' id='word_1_182' title='bbox 700 2718 826 2758; x_wconf 76' lang='lat' dir='ltr'><strong>Coler-</strong></span> 
     </span>
    </p>

    <p class='ocr_par' dir='ltr' id='par_1_7' title="bbox 239 2777 1123 3274">
     <span class='ocr_line' id='line_1_39' title="bbox 298 2777 1122 2835; baseline 0.007 -17"><span class='ocrx_word' id='word_1_183' title='bbox 298 2777 397 2819; x_wconf 65' lang='grc' dir='ltr'><strong>δίκε</strong></span> <span class='ocrx_word' id='word_1_184' title='bbox 414 2779 619 2832; x_wconf 78' lang='lat' dir='ltr'><strong>monitore,</strong></span> <span class='ocrx_word' id='word_1_185' title='bbox 635 2780 721 2833; x_wconf 52' lang='lat' dir='ltr'><strong>bc]</strong></span> <span class='ocrx_word' id='word_1_186' title='bbox 736 2781 1026 2835; x_wconf 85' lang='lat' dir='ltr'><strong>Imperatores</strong></span> <span class='ocrx_word' id='word_1_187' title='bbox 1047 2796 1122 2824; x_wconf 93' lang='lat' dir='ltr'><strong>no-</strong></span> 
     </span>
     <span class='ocr_line' id='line_1_40' title="bbox 242 2843 1122 2897; baseline 0.007 -13"><span class='ocrx_word' id='word_1_188' title='bbox 242 2843 404 2884; x_wconf 89' lang='lat' dir='ltr'><strong>minum</strong></span> <span class='ocrx_word' id='word_1_189' title='bbox 443 2850 717 2897; x_wconf 84' lang='lat' dir='ltr'><strong>suggestores</strong></span> <span class='ocrx_word' id='word_1_190' title='bbox 754 2846 914 2889; x_wconf 89' lang='lat' dir='ltr'><strong>habere</strong></span> <span class='ocrx_word' id='word_1_191' title='bbox 945 2860 1122 2890; x_wconf 86' lang='lat' dir='ltr'><strong>consue-</strong></span> 
     </span>
     <span class='ocr_line' id='line_1_41' title="bbox 242 2908 1123 2961; baseline 0.008 -14"><span class='ocrx_word' id='word_1_192' title='bbox 242 2913 358 2960; x_wconf 85' lang='lat' dir='ltr'><strong>rant,</strong></span> <span class='ocrx_word' id='word_1_193' title='bbox 374 2908 448 2961; x_wconf 88' lang='lat' dir='ltr'><strong>qui</strong></span> <span class='ocrx_word' id='word_1_194' title='bbox 462 2908 632 2949; x_wconf 89' lang='lat' dir='ltr'><strong>nomina</strong></span> <span class='ocrx_word' id='word_1_195' title='bbox 649 2910 832 2951; x_wconf 87' lang='lat' dir='ltr'><strong>militum</strong></span> <span class='ocrx_word' id='word_1_196' title='bbox 845 2924 989 2953; x_wconf 90' lang='lat' dir='ltr'><strong>eorum</strong></span> <span class='ocrx_word' id='word_1_197' title='bbox 1010 2914 1123 2954; x_wconf 89' lang='lat' dir='ltr'><strong>auri-</strong></span> 
     </span>
     <span class='ocr_line' id='line_1_42' title="bbox 244 2969 1123 3025; baseline 0.007 -15"><span class='ocrx_word' id='word_1_198' title='bbox 244 2969 324 3010; x_wconf 87' lang='lat' dir='ltr'><strong>bus</strong></span> <span class='ocrx_word' id='word_1_199' title='bbox 355 2971 611 3023; x_wconf 87' lang='lat' dir='ltr'><strong>insererent,</strong></span> <span class='ocrx_word' id='word_1_200' title='bbox 640 2985 724 3025; x_wconf 89' lang='lat' dir='ltr'><strong>quo</strong></span> <span class='ocrx_word' id='word_1_201' title='bbox 755 2974 912 3015; x_wconf 87' lang='lat' dir='ltr'><strong>blande</strong></span> <span class='ocrx_word' id='word_1_202' title='bbox 934 2976 1123 3017; x_wconf 88' lang='lat' dir='ltr'><strong>nomina-</strong></span> 
     </span>
     <span class='ocr_line' id='line_1_43' title="bbox 241 3032 1121 3088; baseline 0.007 -15"><span class='ocrx_word' id='word_1_203' title='bbox 241 3032 321 3074; x_wconf 88' lang='lat' dir='ltr'><strong>tim</strong></span> <span class='ocrx_word' id='word_1_204' title='bbox 339 3033 498 3075; x_wconf 83' lang='lat' dir='ltr'><strong>milites</strong></span> <span class='ocrx_word' id='word_1_205' title='bbox 511 3036 785 3088; x_wconf 84' lang='lat' dir='ltr'><strong>appellando,</strong></span> <span class='ocrx_word' id='word_1_206' title='bbox 802 3049 947 3078; x_wconf 89' lang='lat' dir='ltr'><strong>eorum</strong></span> <span class='ocrx_word' id='word_1_207' title='bbox 962 3038 1121 3080; x_wconf 89' lang='lat' dir='ltr'><strong>animos</strong></span> 
     </span>
     <span class='ocr_line' id='line_1_44' title="bbox 242 3096 1120 3144; baseline 0.008 -7"><span class='ocrx_word' id='word_1_208' title='bbox 242 3096 324 3137; x_wconf 85' lang='lat' dir='ltr'><strong>sibi</strong></span> <span class='ocrx_word' id='word_1_209' title='bbox 352 3098 537 3139; x_wconf 85' lang='lat' dir='ltr'><strong>maxime</strong></span> <span class='ocrx_word' id='word_1_210' title='bbox 568 3099 864 3141; x_wconf 85' lang='lat' dir='ltr'><strong>conciliarent.</strong></span> <span class='ocrx_word' id='word_1_211' title='bbox 920 3101 1012 3142; x_wconf 88' lang='lat' dir='ltr'><strong>Hos</strong></span> <span class='ocrx_word' id='word_1_212' title='bbox 1031 3115 1120 3144; x_wconf 90' lang='lat' dir='ltr'><strong>mo-</strong></span> 
     </span>
     <span class='ocr_line' id='line_1_45' title="bbox 239 3159 1121 3218; baseline 0.007 -19"><span class='ocrx_word' id='word_1_213' title='bbox 239 3159 402 3201; x_wconf 86' lang='lat' dir='ltr'><strong>nitores</strong></span> <span class='ocrx_word' id='word_1_214' title='bbox 445 3161 628 3201; x_wconf 87' lang='lat' dir='ltr'><strong>Romani</strong></span> <span class='ocrx_word' id='word_1_215' title='bbox 671 3164 1014 3205; x_wconf 86' lang='lat' dir='ltr'><strong>nomenclatores</strong></span> <span class='ocrx_word' id='word_1_216' title='bbox 1050 3177 1121 3218; x_wconf 85' lang='lat' dir='ltr'><strong>ap·</strong></span> 
     </span>
     <span class='ocr_line' id='line_1_46' title="bbox 241 3222 664 3274; baseline 0.007 -12"><span class='ocrx_word' id='word_1_217' title='bbox 241 3222 479 3274; x_wconf 82' lang='lat' dir='ltr'><strong>pellabant.</strong></span> <span class='ocrx_word' id='word_1_218' title='bbox 511 3225 664 3266; x_wconf 82' lang='lat' dir='ltr'><strong>Oliver.</strong></span> 
     </span>
    </p>

    <p class='ocr_par' dir='ltr' id='par_1_8' title="bbox 241 3287 1120 3599">
     <span class='ocr_line' id='line_1_47' title="bbox 299 3287 1119 3342; baseline 0.009 -15"><span class='ocrx_word' id='word_1_219' title='bbox 299 3287 409 3329; x_wconf 65' lang='lat' dir='ltr'><strong>Cu.</strong></span> <span class='ocrx_word' id='word_1_220' title='bbox 431 3301 538 3331; x_wconf 76' lang='lat' dir='ltr'><strong>vm.</strong></span> <span class='ocrx_word' id='word_1_221' title='bbox 567 3291 591 3342; x_wconf 58' lang='grc' dir='ltr'><strong>ς</strong></span> <span class='ocrx_word' id='word_1_222' title='bbox 611 3294 633 3330; x_wconf 93' lang='grc'>1</span> <span class='ocrx_word' id='word_1_223' title='bbox 665 3291 797 3342; x_wconf 85' lang='lat' dir='ltr'><strong>Vogos</strong></span> <span class='ocrx_word' id='word_1_224' title='bbox 815 3292 1014 3333; x_wconf 77' lang='lat' dir='ltr'><strong>littoribus</strong></span> <span class='ocrx_word' id='word_1_225' title='bbox 1032 3306 1119 3334; x_wconf 61' lang='lat' dir='ltr'><strong>con·</strong></span> 
     </span>
     <span class='ocr_line' id='line_1_48' title="bbox 241 3346 1119 3408; baseline 0.011 -22"><span class='ocrx_word' id='word_1_226' title='bbox 241 3346 376 3388; x_wconf 68' lang='lat' dir='ltr'><strong>chuzan</strong></span> <span class='ocrx_word' id='word_1_227' title='bbox 391 3353 429 3389; x_wconf 82' lang='lat' dir='ltr'><strong>et</strong></span> <span class='ocrx_word' id='word_1_228' title='bbox 443 3351 607 3391; x_wconf 80' lang='lat' dir='ltr'><strong>calculos</strong></span> <span class='ocrx_word' id='word_1_229' title='bbox 622 3353 837 3405; x_wconf 80' lang='lat' dir='ltr'><strong>lectitasse]</strong></span> <span class='ocrx_word' id='word_1_230' title='bbox 889 3355 958 3395; x_wconf 89' lang='lat' dir='ltr'><strong>Ita</strong></span> <span class='ocrx_word' id='word_1_231' title='bbox 975 3357 1119 3408; x_wconf 86' lang='lat' dir='ltr'><strong>vulgo.</strong></span> 
     </span>
     <span class='ocr_line' id='line_1_49' title="bbox 242 3410 1119 3462; baseline 0.014 -12"><span class='ocrx_word' id='word_1_232' title='bbox 242 3410 297 3450; x_wconf 87' lang='lat' dir='ltr'><strong>In</strong></span> <span class='ocrx_word' id='word_1_233' title='bbox 310 3411 479 3455; x_wconf 87' lang='lat' dir='ltr'><strong>Winch.</strong></span> <span class='ocrx_word' id='word_1_234' title='bbox 496 3417 699 3458; x_wconf 74' lang='lat' dir='ltr'><strong>conchulas</strong></span> <span class='ocrx_word' id='word_1_235' title='bbox 711 3423 750 3459; x_wconf 81' lang='lat' dir='ltr'><strong>et</strong></span> <span class='ocrx_word' id='word_1_236' title='bbox 768 3419 981 3462; x_wconf 79' lang='lat' dir='ltr'><strong>umbilicos.</strong></span> <span class='ocrx_word' id='word_1_237' title='bbox 1022 3422 1119 3462; x_wconf 87' lang='lat' dir='ltr'><strong>Nec</strong></span> 
     </span>
     <span class='ocr_line' id='line_1_50' title="bbox 243 3473 1120 3529; baseline 0.017 -18"><span class='ocrx_word' id='word_1_238' title='bbox 243 3473 354 3513; x_wconf 86' lang='lat' dir='ltr'><strong>male</strong></span> <span class='ocrx_word' id='word_1_239' title='bbox 386 3486 481 3516; x_wconf 91' lang='lat' dir='ltr'><strong>meo</strong></span> <span class='ocrx_word' id='word_1_240' title='bbox 511 3478 691 3529; x_wconf 83' lang='lat' dir='ltr'><strong>judicio,</strong></span> <span class='ocrx_word' id='word_1_241' title='bbox 731 3494 829 3523; x_wconf 90' lang='lat' dir='ltr'><strong>nam</strong></span> <span class='ocrx_word' id='word_1_242' title='bbox 866 3484 1001 3525; x_wconf 87' lang='lat' dir='ltr'><strong>altera</strong></span> <span class='ocrx_word' id='word_1_243' title='bbox 1036 3496 1120 3524; x_wconf 84' lang='lat' dir='ltr'><strong>vox</strong></span> 
     </span>
     <span class='ocr_line' id='line_1_51' title="bbox 242 3535 1119 3599; baseline 0.017 -25"><span class='ocrx_word' id='word_1_244' title='bbox 242 3535 369 3588; x_wconf 88' lang='lat' dir='ltr'><strong>hujus</strong></span> <span class='ocrx_word' id='word_1_245' title='bbox 394 3542 461 3579; x_wconf 89' lang='lat' dir='ltr'><strong>est</strong></span> <span class='ocrx_word' id='word_1_246' title='bbox 489 3539 696 3592; x_wconf 82' lang='lat' dir='ltr'><strong>glossema</strong></span> <span class='ocrx_word' id='word_1_247' title='bbox 726 3557 954 3599; x_wconf 82' lang='lat' dir='ltr'><strong>perperam</strong></span> <span class='ocrx_word' id='word_1_248' title='bbox 985 3547 1119 3590; x_wconf 83' lang='lat' dir='ltr'><strong>inser-</strong></span> 
     </span>
    </p>
   </div>
   <div class='ocr_carea' id='block_1_3' title="bbox 1937 292 2078 346">
    <p class='ocr_par' dir='ltr' id='par_1_9' title="bbox 1937 292 2078 346">
     <span class='ocr_line' id='line_1_52' title="bbox 1937 292 2078 346; baseline 0.021 -2"><span class='ocrx_word' id='word_1_249' title='bbox 1937 292 2078 346; x_wconf 75' lang='lat'>1299</span> 
     </span>
    </p>
   </div>
   <div class='ocr_carea' id='block_1_4' title="bbox 1185 421 2104 2251">
    <p class='ocr_par' dir='ltr' id='par_1_10' title="bbox 1187 421 2104 1876">
     <span class='ocr_line' id='line_1_53' title="bbox 1192 421 2075 464; baseline 0.003 -4"><span class='ocrx_word' id='word_1_250' title='bbox 1192 425 1280 460; x_wconf 90' lang='lat' dir='ltr'><strong>tum</strong></span> <span class='ocrx_word' id='word_1_251' title='bbox 1320 423 1542 463; x_wconf 87' lang='lat' dir='ltr'><strong>contextui</strong></span> <span class='ocrx_word' id='word_1_252' title='bbox 1580 421 1821 463; x_wconf 86' lang='lat' dir='ltr'><strong>Valeriano.</strong></span> <span class='ocrx_word' id='word_1_253' title='bbox 1889 421 2075 464; x_wconf 89' lang='lat' dir='ltr'><strong>Librarii</strong></span> 
     </span>
     <span class='ocr_line' id='line_1_54' title="bbox 1192 486 2075 539; baseline 0.006 -16"><span class='ocrx_word' id='word_1_254' title='bbox 1192 496 1277 524; x_wconf 89' lang='lat' dir='ltr'><strong>non</strong></span> <span class='ocrx_word' id='word_1_255' title='bbox 1327 486 1618 538; x_wconf 87' lang='lat' dir='ltr'><strong>intelligentes</strong></span> <span class='ocrx_word' id='word_1_256' title='bbox 1682 486 1936 527; x_wconf 79' lang='lat' dir='ltr'><strong>vocabulum</strong></span> <span class='ocrx_word' id='word_1_257' title='bbox 1981 487 2075 539; x_wconf 89' lang='lat' dir='ltr'><strong>ejus</strong></span> 
     </span>
     <span class='ocr_line' id='line_1_55' title="bbox 1192 549 2074 602; baseline 0.003 -14"><span class='ocrx_word' id='word_1_258' title='bbox 1192 550 1287 589; x_wconf 92' lang='lat' dir='ltr'><strong>loco</strong></span> <span class='ocrx_word' id='word_1_259' title='bbox 1324 550 1726 602; x_wconf 88' lang='lat' dir='ltr'><strong>interpretationem</strong></span> <span class='ocrx_word' id='word_1_260' title='bbox 1758 549 1951 592; x_wconf 84' lang='lat' dir='ltr'><strong>scribere</strong></span> <span class='ocrx_word' id='word_1_261' title='bbox 1986 563 2074 591; x_wconf 90' lang='lat' dir='ltr'><strong>ma·</strong></span> 
     </span>
     <span class='ocr_line' id='line_1_56' title="bbox 1190 612 2074 667; baseline 0.002 -15"><span class='ocrx_word' id='word_1_262' title='bbox 1190 612 1374 653; x_wconf 89' lang='lat' dir='ltr'><strong>luerunt.</strong></span> <span class='ocrx_word' id='word_1_263' title='bbox 1433 616 1717 667; x_wconf 88' lang='lat' dir='ltr'><strong>Dcsumptum</strong></span> <span class='ocrx_word' id='word_1_264' title='bbox 1738 614 1851 655; x_wconf 90' lang='lat' dir='ltr'><strong>enim</strong></span> <span class='ocrx_word' id='word_1_265' title='bbox 1872 626 1927 654; x_wconf 86' lang='lat' dir='ltr'><strong>ex</strong></span> <span class='ocrx_word' id='word_1_266' title='bbox 1948 614 2074 655; x_wconf 88' lang='lat' dir='ltr'><strong>Cice-</strong></span> 
     </span>
     <span class='ocr_line' id='line_1_57' title="bbox 1191 676 2073 731; baseline 0.006 -18"><span class='ocrx_word' id='word_1_267' title='bbox 1191 685 1296 715; x_wconf 85' lang='lat' dir='ltr'><strong>rone</strong></span> <span class='ocrx_word' id='word_1_268' title='bbox 1331 676 1412 716; x_wconf 88' lang='lat' dir='ltr'><strong>hoc</strong></span> <span class='ocrx_word' id='word_1_269' title='bbox 1450 679 1709 731; x_wconf 86' lang='lat' dir='ltr'><strong>exemplum,</strong></span> <span class='ocrx_word' id='word_1_270' title='bbox 1743 677 1815 731; x_wconf 90' lang='lat' dir='ltr'><strong>qui</strong></span> <span class='ocrx_word' id='word_1_271' title='bbox 1850 678 1904 718; x_wconf 88' lang='lat' dir='ltr'><strong>de</strong></span> <span class='ocrx_word' id='word_1_272' title='bbox 1943 677 2073 719; x_wconf 87' lang='lat' dir='ltr'><strong>Orat.</strong></span> 
     </span>
     <span class='ocr_line' id='line_1_58' title="bbox 1190 738 2104 790; baseline 0.004 -12"><span class='ocrx_word' id='word_1_273' title='bbox 1190 738 1261 778; x_wconf 94' lang='lat' dir='ltr'><strong>lib.</strong></span> <span class='ocrx_word' id='word_1_274' title='bbox 1282 750 1335 780; x_wconf 86' lang='lat'><strong>1-1.</strong></span> <span class='ocrx_word' id='word_1_275' title='bbox 1355 739 1432 790; x_wconf 90' lang='lat' dir='ltr'><strong>ait,</strong></span> <span class='ocrx_word' id='word_1_276' title='bbox 1456 740 1467 761; x_wconf 92' lang='lat'>‘</span> <span class='ocrx_word' id='word_1_277' title='bbox 1485 741 1557 781; x_wconf 89' lang='lat' dir='ltr'><strong>Ita</strong></span> <span class='ocrx_word' id='word_1_278' title='bbox 1576 742 1689 782; x_wconf 90' lang='lat' dir='ltr'><strong>solet</strong></span> <span class='ocrx_word' id='word_1_279' title='bbox 1709 753 1883 782; x_wconf 88' lang='lat' dir='ltr'><strong>narrare</strong></span> <span class='ocrx_word' id='word_1_280' title='bbox 1903 741 2076 782; x_wconf 85' lang='lat' dir='ltr'><strong>Scaevu-</strong></span> <span class='ocrx_word' id='word_1_281' title='bbox 2099 762 2104 767; x_wconf 88' lang='lat'><strong>.</strong></span> 
     </span>
     <span class='ocr_line' id='line_1_59' title="bbox 1189 800 2085 866; baseline 0.002 -23"><span class='ocrx_word' id='word_1_282' title='bbox 1189 803 1231 843; x_wconf 88' lang='lat' dir='ltr'><strong>la</strong></span> <span class='ocrx_word' id='word_1_283' title='bbox 1251 804 1432 844; x_wconf 87' lang='lat' dir='ltr'><strong>conchas</strong></span> <span class='ocrx_word' id='word_1_284' title='bbox 1464 817 1537 844; x_wconf 86' lang='lat' dir='ltr'><strong>eos</strong></span> <span class='ocrx_word' id='word_1_285' title='bbox 1558 811 1603 846; x_wconf 89' lang='lat' dir='ltr'><strong>et</strong></span> <span class='ocrx_word' id='word_1_286' title='bbox 1622 805 1841 846; x_wconf 87' lang='lat' dir='ltr'><strong>umbilicos</strong></span> <span class='ocrx_word' id='word_1_287' title='bbox 1869 805 1923 845; x_wconf 87' lang='lat' dir='ltr'><strong>ad</strong></span> <span class='ocrx_word' id='word_1_288' title='bbox 1951 800 2085 866; x_wconf 64' lang='lat' dir='ltr'><strong>Caje2³</strong></span> 
     </span>
     <span class='ocr_line' id='line_1_60' title="bbox 1189 867 2074 921; baseline 0.005 -15"><span class='ocrx_word' id='word_1_289' title='bbox 1189 872 1276 907; x_wconf 89' lang='lat' dir='ltr'><strong>tam</strong></span> <span class='ocrx_word' id='word_1_290' title='bbox 1296 872 1342 907; x_wconf 92' lang='lat' dir='ltr'><strong>et</strong></span> <span class='ocrx_word' id='word_1_291' title='bbox 1362 868 1590 908; x_wconf 90' lang='lat' dir='ltr'><strong>Lucrinum</strong></span> <span class='ocrx_word' id='word_1_292' title='bbox 1608 869 1753 921; x_wconf 85' lang='lat' dir='ltr'><strong>legere</strong></span> <span class='ocrx_word' id='word_1_293' title='bbox 1774 867 2074 910; x_wconf 68' lang='lat' dir='ltr'><strong>consuevisse?</strong></span> 
     </span>
     <span class='ocr_line' id='line_1_61' title="bbox 1189 930 2076 985; baseline 0.003 -15"><span class='ocrx_word' id='word_1_294' title='bbox 1189 931 1470 972; x_wconf 89' lang='lat' dir='ltr'><strong>Umbilicosa</strong></span> <span class='ocrx_word' id='word_1_295' title='bbox 1496 930 1634 972; x_wconf 86' lang='lat' dir='ltr'><strong>forma</strong></span> <span class='ocrx_word' id='word_1_296' title='bbox 1667 939 1794 972; x_wconf 87' lang='lat' dir='ltr'><strong>vocat</strong></span> <span class='ocrx_word' id='word_1_297' title='bbox 1827 945 1984 985; x_wconf 88' lang='lat' dir='ltr'><strong>parvos</strong></span> <span class='ocrx_word' id='word_1_298' title='bbox 2019 944 2076 973; x_wconf 62' lang='lat' dir='ltr'><strong>ac&gt;</strong></span> 
     </span>
     <span class='ocr_line' id='line_1_62' title="bbox 1190 993 2075 1048; baseline 0.002 -15"><span class='ocrx_word' id='word_1_299' title='bbox 1190 993 1395 1034; x_wconf 89' lang='lat' dir='ltr'><strong>rotundos</strong></span> <span class='ocrx_word' id='word_1_300' title='bbox 1426 995 1613 1035; x_wconf 88' lang='lat' dir='ltr'><strong>calculos</strong></span> <span class='ocrx_word' id='word_1_301' title='bbox 1643 996 1686 1034; x_wconf 92' lang='lat' dir='ltr'><strong>in</strong></span> <span class='ocrx_word' id='word_1_302' title='bbox 1713 995 1859 1035; x_wconf 90' lang='lat' dir='ltr'><strong>littore</strong></span> <span class='ocrx_word' id='word_1_303' title='bbox 1885 1007 2075 1048; x_wconf 87' lang='lat' dir='ltr'><strong>sparsos.</strong></span> 
     </span>
     <span class='ocr_line' id='line_1_63' title="bbox 1190 1057 2081 1111; baseline 0.002 -14"><span class='ocrx_word' id='word_1_304' title='bbox 1190 1057 1237 1097; x_wconf 89' lang='lat' dir='ltr'><strong>Si</strong></span> <span class='ocrx_word' id='word_1_305' title='bbox 1269 1058 1534 1099; x_wconf 89' lang='lat' dir='ltr'><strong>credendum</strong></span> <span class='ocrx_word' id='word_1_306' title='bbox 1568 1059 1739 1111; x_wconf 84' lang='lat' dir='ltr'><strong>collegii</strong></span> <span class='ocrx_word' id='word_1_307' title='bbox 1768 1059 2081 1100; x_wconf 85' lang='lat' dir='ltr'><strong>Atrebatensis</strong></span> 
     </span>
     <span class='ocr_line' id='line_1_64' title="bbox 1190 1121 2074 1175; baseline 0.003 -15"><span class='ocrx_word' id='word_1_308' title='bbox 1190 1121 1446 1174; x_wconf 87' lang='lat' dir='ltr'><strong>exemplari,</strong></span> <span class='ocrx_word' id='word_1_309' title='bbox 1491 1122 1689 1162; x_wconf 88' lang='lat' dir='ltr'><strong>Valerius</strong></span> <span class='ocrx_word' id='word_1_310' title='bbox 1735 1134 1820 1163; x_wconf 88' lang='lat' dir='ltr'><strong>non</strong></span> <span class='ocrx_word' id='word_1_311' title='bbox 1855 1123 2074 1175; x_wconf 81' lang='lat' dir='ltr'><strong>umbilicos,</strong></span> 
     </span>
     <span class='ocr_line' id='line_1_65' title="bbox 1190 1184 2073 1240; baseline 0.005 -16"><span class='ocrx_word' id='word_1_312' title='bbox 1190 1184 1267 1225; x_wconf 87' lang='lat' dir='ltr'><strong>sed</strong></span> <span class='ocrx_word' id='word_1_313' title='bbox 1286 1185 1466 1226; x_wconf 83' lang='lat' dir='ltr'><strong>obeliscos</strong></span> <span class='ocrx_word' id='word_1_314' title='bbox 1481 1185 1591 1227; x_wconf 84' lang='lat' dir='ltr'><strong>dixit</strong></span> <span class='ocrx_word' id='word_1_315' title='bbox 1608 1200 1620 1237; x_wconf 91' lang='lat'>;</span> <span class='ocrx_word' id='word_1_316' title='bbox 1642 1192 1769 1240; x_wconf 90' lang='lat' dir='ltr'><strong>atque</strong></span> <span class='ocrx_word' id='word_1_317' title='bbox 1783 1187 1836 1228; x_wconf 93' lang='lat' dir='ltr'><strong>ab</strong></span> <span class='ocrx_word' id='word_1_318' title='bbox 1852 1187 2073 1228; x_wconf 90' lang='lat' dir='ltr'><strong>obelorum</strong></span> 
     </span>
     <span class='ocr_line' id='line_1_66' title="bbox 1189 1249 2078 1304; baseline 0.003 -15"><span class='ocrx_word' id='word_1_319' title='bbox 1189 1249 1468 1290; x_wconf 84' lang='lat' dir='ltr'><strong>similitudine</strong></span> <span class='ocrx_word' id='word_1_320' title='bbox 1507 1251 1568 1291; x_wconf 91' lang='lat' dir='ltr'><strong>sic</strong></span> <span class='ocrx_word' id='word_1_321' title='bbox 1611 1252 1853 1304; x_wconf 81' lang='lat' dir='ltr'><strong>appellasse</strong></span> <span class='ocrx_word' id='word_1_322' title='bbox 1901 1251 2078 1292; x_wconf 86' lang='lat' dir='ltr'><strong>videtur</strong></span> 
     </span>
     <span class='ocr_line' id='line_1_67' title="bbox 1190 1315 2076 1368; baseline 0.001 -14"><span class='ocrx_word' id='word_1_323' title='bbox 1190 1318 1352 1355; x_wconf 87' lang='lat' dir='ltr'><strong>teretes</strong></span> <span class='ocrx_word' id='word_1_324' title='bbox 1385 1321 1431 1355; x_wconf 84' lang='lat' dir='ltr'><strong>et</strong></span> <span class='ocrx_word' id='word_1_325' title='bbox 1458 1315 1663 1367; x_wconf 80' lang='lat' dir='ltr'><strong>oblongos</strong></span> <span class='ocrx_word' id='word_1_326' title='bbox 1692 1315 1875 1368; x_wconf 89' lang='lat' dir='ltr'><strong>lapillos,</strong></span> <span class='ocrx_word' id='word_1_327' title='bbox 1902 1327 1987 1356; x_wconf 91' lang='lat' dir='ltr'><strong>non</strong></span> <span class='ocrx_word' id='word_1_328' title='bbox 2006 1327 2076 1355; x_wconf 87' lang='lat' dir='ltr'><strong>se-</strong></span> 
     </span>
     <span class='ocr_line' id='line_1_68' title="bbox 1189 1380 2074 1422; baseline 0.003 -5"><span class='ocrx_word' id='word_1_329' title='bbox 1189 1390 1264 1418; x_wconf 91' lang='lat' dir='ltr'><strong>cus</strong></span> <span class='ocrx_word' id='word_1_330' title='bbox 1284 1390 1335 1419; x_wconf 88' lang='lat' dir='ltr'><strong>ac</strong></span> <span class='ocrx_word' id='word_1_331' title='bbox 1355 1381 1539 1420; x_wconf 74' lang='lat' dir='ltr'><strong>rotundos</strong></span> <span class='ocrx_word' id='word_1_332' title='bbox 1559 1380 1712 1420; x_wconf 82' lang='lat' dir='ltr'><strong>Cicero</strong></span> <span class='ocrx_word' id='word_1_333' title='bbox 1727 1380 1940 1420; x_wconf 79' lang='lat' dir='ltr'><strong>umbilicos.</strong></span> <span class='ocrx_word' id='word_1_334' title='bbox 1961 1381 2074 1422; x_wconf 81' lang='lat' dir='ltr'><strong>Quae</strong></span> 
     </span>
     <span class='ocr_line' id='line_1_69' title="bbox 1188 1442 2074 1497; baseline 0.003 -16"><span class='ocrx_word' id='word_1_335' title='bbox 1188 1442 1432 1483; x_wconf 89' lang='lat' dir='ltr'><strong>lectio-non</strong></span> <span class='ocrx_word' id='word_1_336' title='bbox 1453 1444 1591 1484; x_wconf 91' lang='lat' dir='ltr'><strong>minus</strong></span> <span class='ocrx_word' id='word_1_337' title='bbox 1609 1444 1788 1495; x_wconf 88' lang='lat' dir='ltr'><strong>arridet,</strong></span> <span class='ocrx_word' id='word_1_338' title='bbox 1807 1456 1935 1497; x_wconf 81' lang='lat' dir='ltr'><strong>quam</strong></span> <span class='ocrx_word' id='word_1_339' title='bbox 1956 1444 2074 1485; x_wconf 89' lang='lat' dir='ltr'><strong>Win-</strong></span> 
     </span>
     <span class='ocr_line' id='line_1_70' title="bbox 1190 1507 2073 1561; baseline 0.003 -15"><span class='ocrx_word' id='word_1_340' title='bbox 1190 1507 1399 1549; x_wconf 84' lang='lat' dir='ltr'><strong>chcliana.</strong></span> <span class='ocrx_word' id='word_1_341' title='bbox 1455 1508 1714 1561; x_wconf 86' lang='lat' dir='ltr'><strong>Discrepant</strong></span> <span class='ocrx_word' id='word_1_342' title='bbox 1734 1508 1777 1548; x_wconf 93' lang='lat' dir='ltr'><strong>in</strong></span> <span class='ocrx_word' id='word_1_343' title='bbox 1805 1508 2073 1549; x_wconf 85' lang='lat' dir='ltr'><strong>nominandis</strong></span> 
     </span>
     <span class='ocr_line' id='line_1_71' title="bbox 1187 1571 2073 1624; baseline 0.005 -14"><span class='ocrx_word' id='word_1_344' title='bbox 1187 1571 1292 1611; x_wconf 89' lang='lat' dir='ltr'><strong>locis</strong></span> <span class='ocrx_word' id='word_1_345' title='bbox 1311 1571 1353 1611; x_wconf 89' lang='lat' dir='ltr'><strong>hi</strong></span> <span class='ocrx_word' id='word_1_346' title='bbox 1373 1577 1590 1624; x_wconf 83' lang='lat' dir='ltr'><strong>auctores,</strong></span> <span class='ocrx_word' id='word_1_347' title='bbox 1620 1573 1703 1613; x_wconf 91' lang='lat' dir='ltr'><strong>nisi</strong></span> <span class='ocrx_word' id='word_1_348' title='bbox 1726 1574 1772 1613; x_wconf 91' lang='lat' dir='ltr'><strong>in</strong></span> <span class='ocrx_word' id='word_1_349' title='bbox 1791 1574 2000 1614; x_wconf 87' lang='lat' dir='ltr'><strong>alterutro</strong></span> <span class='ocrx_word' id='word_1_350' title='bbox 2016 1574 2073 1615; x_wconf 85' lang='lat' dir='ltr'><strong>sit</strong></span> 
     </span>
     <span class='ocr_line' id='line_1_72' title="bbox 1187 1636 2073 1690; baseline 0.006 -16"><span class='ocrx_word' id='word_1_351' title='bbox 1187 1646 1323 1675; x_wconf 89' lang='lat' dir='ltr'><strong>error.</strong></span> <span class='ocrx_word' id='word_1_352' title='bbox 1360 1636 1554 1688; x_wconf 87' lang='lat' dir='ltr'><strong>Cajetam</strong></span> <span class='ocrx_word' id='word_1_353' title='bbox 1576 1641 1622 1676; x_wconf 91' lang='lat' dir='ltr'><strong>et</strong></span> <span class='ocrx_word' id='word_1_354' title='bbox 1643 1637 1907 1678; x_wconf 86' lang='lat' dir='ltr'><strong>Laurentum</strong></span> <span class='ocrx_word' id='word_1_355' title='bbox 1927 1638 2073 1690; x_wconf 78' lang='lat' dir='ltr'><strong>prodit</strong></span> 
     </span>
     <span class='ocr_line' id='line_1_73' title="bbox 1188 1698 2071 1752; baseline 0.006 -15"><span class='ocrx_word' id='word_1_356' title='bbox 1188 1698 1386 1741; x_wconf 86' lang='lat' dir='ltr'><strong>Valerius</strong></span> <span class='ocrx_word' id='word_1_357' title='bbox 1413 1713 1425 1749; x_wconf 84' lang='lat'>3</span> <span class='ocrx_word' id='word_1_358' title='bbox 1474 1712 1551 1752; x_wconf 89' lang='lat' dir='ltr'><strong>pro</strong></span> <span class='ocrx_word' id='word_1_359' title='bbox 1599 1701 1816 1740; x_wconf 89' lang='lat' dir='ltr'><strong>Laurento</strong></span> <span class='ocrx_word' id='word_1_360' title='bbox 1860 1701 2071 1742; x_wconf 88' lang='lat' dir='ltr'><strong>Lucinum</strong></span> 
     </span>
     <span class='ocr_line' id='line_1_74' title="bbox 1188 1762 2073 1816; baseline 0.001 -13"><span class='ocrx_word' id='word_1_361' title='bbox 1188 1762 1355 1805; x_wconf 83' lang='lat' dir='ltr'><strong>cicero.</strong></span> <span class='ocrx_word' id='word_1_362' title='bbox 1412 1763 1498 1805; x_wconf 82' lang='lat' dir='ltr'><strong>Qui</strong></span> <span class='ocrx_word' id='word_1_363' title='bbox 1534 1764 1653 1804; x_wconf 92' lang='lat' dir='ltr'><strong>locus</strong></span> <span class='ocrx_word' id='word_1_364' title='bbox 1692 1764 1857 1816; x_wconf 84' lang='lat' dir='ltr'><strong>Cajetae</strong></span> <span class='ocrx_word' id='word_1_365' title='bbox 1891 1764 2073 1806; x_wconf 86' lang='lat' dir='ltr'><strong>vicinior</strong></span> 
     </span>
     <span class='ocr_line' id='line_1_75' title="bbox 1187 1825 1423 1876; baseline 0.004 -11"><span class='ocrx_word' id='word_1_366' title='bbox 1187 1833 1268 1865; x_wconf 90' lang='lat' dir='ltr'><strong>est.</strong></span> <span class='ocrx_word' id='word_1_367' title='bbox 1296 1825 1423 1876; x_wconf 81' lang='lat' dir='ltr'><strong>Pigh.</strong></span> 
     </span>
    </p>

    <p class='ocr_par' dir='ltr' id='par_1_11' title="bbox 1185 1890 2070 2251">
     <span class='ocr_line' id='line_1_76' title="bbox 1245 1890 2069 1944; baseline 0.004 -15"><span class='ocrx_word' id='word_1_368' title='bbox 1245 1890 1444 1942; x_wconf 83' lang='lat' dir='ltr'><strong>Calculos]</strong></span> <span class='ocrx_word' id='word_1_369' title='bbox 1500 1891 1635 1944; x_wconf 86' lang='lat' dir='ltr'><strong>Lege,</strong></span> <span class='ocrx_word' id='word_1_370' title='bbox 1673 1891 1887 1932; x_wconf 84' lang='lat' dir='ltr'><strong>umbilicos.</strong></span> <span class='ocrx_word' id='word_1_371' title='bbox 1936 1891 2069 1933; x_wconf 86' lang='lat' dir='ltr'><strong>Liber</strong></span> 
     </span>
     <span class='ocr_line' id='line_1_77' title="bbox 1189 1953 2070 2009; baseline 0.005 -16"><span class='ocrx_word' id='word_1_372' title='bbox 1189 1953 1402 2006; x_wconf 84' lang='lat' dir='ltr'><strong>Danielis,</strong></span> <span class='ocrx_word' id='word_1_373' title='bbox 1448 1955 1619 1998; x_wconf 87' lang='lat' dir='ltr'><strong>obilicos.</strong></span> <span class='ocrx_word' id='word_1_374' title='bbox 1695 1955 1839 1996; x_wconf 91' lang='lat' dir='ltr'><strong>Editio</strong></span> <span class='ocrx_word' id='word_1_375' title='bbox 1883 1956 2070 2009; x_wconf 85' lang='lat' dir='ltr'><strong>Veneta,</strong></span> 
     </span>
     <span class='ocr_line' id='line_1_78' title="bbox 1185 2019 2070 2062; baseline 0.001 -3"><span class='ocrx_word' id='word_1_376' title='bbox 1185 2019 1360 2060; x_wconf 83' lang='lat' dir='ltr'><strong>calculos.</strong></span> <span class='ocrx_word' id='word_1_377' title='bbox 1413 2020 1498 2060; x_wconf 86' lang='lat' dir='ltr'><strong>Sed</strong></span> <span class='ocrx_word' id='word_1_378' title='bbox 1522 2033 1622 2060; x_wconf 85' lang='lat' dir='ltr'><strong>vera</strong></span> <span class='ocrx_word' id='word_1_379' title='bbox 1641 2020 1813 2061; x_wconf 89' lang='lat' dir='ltr'><strong>omnino</strong></span> <span class='ocrx_word' id='word_1_380' title='bbox 1827 2020 1957 2062; x_wconf 89' lang='lat' dir='ltr'><strong>lectio</strong></span> <span class='ocrx_word' id='word_1_381' title='bbox 1980 2021 2070 2061; x_wconf 86' lang='lat' dir='ltr'><strong>vul·</strong></span> 
     </span>
     <span class='ocr_line' id='line_1_79' title="bbox 1186 2082 2069 2136; baseline 0.002 -14"><span class='ocrx_word' id='word_1_382' title='bbox 1186 2088 1301 2134; x_wconf 83' lang='lat' dir='ltr'><strong>gata.</strong></span> <span class='ocrx_word' id='word_1_383' title='bbox 1361 2082 1546 2123; x_wconf 86' lang='lat' dir='ltr'><strong>Umbilici</strong></span> <span class='ocrx_word' id='word_1_384' title='bbox 1575 2089 1675 2124; x_wconf 90' lang='lat' dir='ltr'><strong>sunt</strong></span> <span class='ocrx_word' id='word_1_385' title='bbox 1704 2083 1857 2124; x_wconf 86' lang='lat' dir='ltr'><strong>calculi</strong></span> <span class='ocrx_word' id='word_1_386' title='bbox 1893 2084 2069 2136; x_wconf 80' lang='lat' dir='ltr'><strong>quidam</strong></span> 
     </span>
     <span class='ocr_line' id='line_1_80' title="bbox 1186 2145 2067 2188; baseline 0.002 -3"><span class='ocrx_word' id='word_1_387' title='bbox 1186 2145 1428 2188; x_wconf 79' lang='lat' dir='ltr'><strong>nitidiores,</strong></span> <span class='ocrx_word' id='word_1_388' title='bbox 1498 2147 1626 2187; x_wconf 90' lang='lat' dir='ltr'><strong>Unde</strong></span> <span class='ocrx_word' id='word_1_389' title='bbox 1661 2153 1706 2188; x_wconf 88' lang='lat' dir='ltr'><strong>et</strong></span> <span class='ocrx_word' id='word_1_390' title='bbox 1745 2147 1847 2187; x_wconf 89' lang='lat' dir='ltr'><strong>libri</strong></span> <span class='ocrx_word' id='word_1_391' title='bbox 1882 2148 1982 2187; x_wconf 90' lang='lat' dir='ltr'><strong>olim</strong></span> <span class='ocrx_word' id='word_1_392' title='bbox 2014 2149 2067 2188; x_wconf 89' lang='lat' dir='ltr'><strong>iis</strong></span> 
     </span>
     <span class='ocr_line' id='line_1_81' title="bbox 1186 2208 2068 2251; baseline 0.003 -3"><span class='ocrx_word' id='word_1_393' title='bbox 1186 2208 1515 2251; x_wconf 86' lang='lat' dir='ltr'><strong>decorabantur.</strong></span> <span class='ocrx_word' id='word_1_394' title='bbox 1545 2210 1761 2251; x_wconf 87' lang='lat' dir='ltr'><strong>Martialis</strong></span> <span class='ocrx_word' id='word_1_395' title='bbox 1778 2210 1852 2251; x_wconf 92' lang='lat' dir='ltr'><strong>lib.</strong></span> <span class='ocrx_word' id='word_1_396' title='bbox 1875 2223 1908 2251; x_wconf 93' lang='lat'><strong>1.</strong></span> <span class='ocrx_word' id='word_1_397' title='bbox 1937 2212 1950 2233; x_wconf 93' lang='lat'>‘</span> <span class='ocrx_word' id='word_1_398' title='bbox 1973 2211 2068 2251; x_wconf 88' lang='lat' dir='ltr'><strong>Nec</strong></span> 
     </span>
    </p>
   </div>
   <div class='ocr_carea' id='block_1_5' title="bbox 1190 290 1737 343">
    <p class='ocr_par' dir='ltr' id='par_1_12' title="bbox 1190 290 1737 343">
     <span class='ocr_line' id='line_1_82' title="bbox 1190 290 1737 343; baseline -0.002 -3"><span class='ocrx_word' id='word_1_399' title='bbox 1190 301 1309 341; x_wconf 76' lang='lat' dir='ltr'><strong>nie.</strong></span> <span class='ocrx_word' id='word_1_400' title='bbox 1353 303 1488 341; x_wconf 79' lang='lat' dir='ltr'><strong>vni.</strong></span> <span class='ocrx_word' id='word_1_401' title='bbox 1529 303 1661 342; x_wconf 86' lang='lat' dir='ltr'><strong>cAP.</strong></span> <span class='ocrx_word' id='word_1_402' title='bbox 1685 290 1737 343; x_wconf 81' lang='lat'><strong>8.</strong></span> 
     </span>
    </p>
   </div>
   <div class='ocr_carea' id='block_1_6' title="bbox 1184 2271 2069 3597">
    <p class='ocr_par' dir='ltr' id='par_1_13' title="bbox 1186 2271 2069 2642">
     <span class='ocr_line' id='line_1_83' title="bbox 1187 2271 2068 2326; baseline 0.003 -15"><span class='ocrx_word' id='word_1_403' title='bbox 1187 2271 1397 2313; x_wconf 88' lang='lat' dir='ltr'><strong>umbilicis</strong></span> <span class='ocrx_word' id='word_1_404' title='bbox 1431 2274 1572 2314; x_wconf 88' lang='lat' dir='ltr'><strong>cultus</strong></span> <span class='ocrx_word' id='word_1_405' title='bbox 1619 2278 1747 2326; x_wconf 88' lang='lat' dir='ltr'><strong>atque</strong></span> <span class='ocrx_word' id='word_1_406' title='bbox 1780 2274 2068 2326; x_wconf 78' lang='lat' dir='ltr'><strong>membrana3’</strong></span> 
     </span>
     <span class='ocr_line' id='line_1_84' title="bbox 1187 2335 2068 2389; baseline 0.003 -15"><span class='ocrx_word' id='word_1_407' title='bbox 1187 2340 1232 2375; x_wconf 86' lang='lat' dir='ltr'><strong>et</strong></span> <span class='ocrx_word' id='word_1_408' title='bbox 1252 2335 1353 2375; x_wconf 90' lang='lat' dir='ltr'><strong>alibi</strong></span> <span class='ocrx_word' id='word_1_409' title='bbox 1374 2336 1546 2389; x_wconf 89' lang='lat' dir='ltr'><strong>passim.</strong></span> <span class='ocrx_word' id='word_1_410' title='bbox 1602 2336 1771 2377; x_wconf 89' lang='lat' dir='ltr'><strong>Plinius</strong></span> <span class='ocrx_word' id='word_1_411' title='bbox 1789 2337 1863 2377; x_wconf 92' lang='lat' dir='ltr'><strong>ubi</strong></span> <span class='ocrx_word' id='word_1_412' title='bbox 1882 2337 1936 2377; x_wconf 88' lang='lat' dir='ltr'><strong>de</strong></span> <span class='ocrx_word' id='word_1_413' title='bbox 1955 2350 2068 2378; x_wconf 87' lang='lat' dir='ltr'><strong>mar-</strong></span> 
     </span>
     <span class='ocr_line' id='line_1_85' title="bbox 1187 2399 2069 2454; baseline 0.006 -16"><span class='ocrx_word' id='word_1_414' title='bbox 1187 2399 1337 2451; x_wconf 85' lang='lat' dir='ltr'><strong>garitis</strong></span> <span class='ocrx_word' id='word_1_415' title='bbox 1354 2410 1378 2439; x_wconf 66' lang='lat'><strong>:⁴</strong></span> <span class='ocrx_word' id='word_1_416' title='bbox 1395 2402 1408 2423; x_wconf 79' lang='lat'><strong><em>⁴</em></strong></span> <span class='ocrx_word' id='word_1_417' title='bbox 1425 2401 1484 2441; x_wconf 90' lang='lat' dir='ltr'><strong>Et</strong></span> <span class='ocrx_word' id='word_1_418' title='bbox 1500 2400 1592 2442; x_wconf 87' lang='lat' dir='ltr'><strong>aliis</strong></span> <span class='ocrx_word' id='word_1_419' title='bbox 1608 2401 1811 2442; x_wconf 87' lang='lat' dir='ltr'><strong>convenit</strong></span> <span class='ocrx_word' id='word_1_420' title='bbox 1829 2413 1912 2442; x_wconf 91' lang='lat' dir='ltr'><strong>non</strong></span> <span class='ocrx_word' id='word_1_421' title='bbox 1942 2414 2069 2454; x_wconf 87' lang='lat' dir='ltr'><strong>opor-</strong></span> 
     </span>
     <span class='ocr_line' id='line_1_86' title="bbox 1186 2461 2069 2517; baseline 0.007 -17"><span class='ocrx_word' id='word_1_422' title='bbox 1186 2465 1283 2500; x_wconf 80' lang='lat' dir='ltr'><strong>tere</strong></span> <span class='ocrx_word' id='word_1_423' title='bbox 1308 2461 1541 2515; x_wconf 86' lang='lat' dir='ltr'><strong>perforare,</strong></span> <span class='ocrx_word' id='word_1_424' title='bbox 1573 2476 1753 2517; x_wconf 88' lang='lat' dir='ltr'><strong>quorum</strong></span> <span class='ocrx_word' id='word_1_425' title='bbox 1788 2464 1845 2504; x_wconf 90' lang='lat' dir='ltr'><strong>sit</strong></span> <span class='ocrx_word' id='word_1_426' title='bbox 1871 2465 2069 2506; x_wconf 85' lang='lat' dir='ltr'><strong>absoluta</strong></span> 
     </span>
     <span class='ocr_line' id='line_1_87' title="bbox 1187 2524 2067 2575; baseline 0.007 -10"><span class='ocrx_word' id='word_1_427' title='bbox 1187 2524 1369 2575; x_wconf 74' lang='lat' dir='ltr'><strong>bonitas,</strong></span> <span class='ocrx_word' id='word_1_428' title='bbox 1385 2527 1599 2568; x_wconf 88' lang='lat' dir='ltr'><strong>umbilicis</strong></span> <span class='ocrx_word' id='word_1_429' title='bbox 1617 2528 1764 2568; x_wconf 88' lang='lat' dir='ltr'><strong>statim</strong></span> <span class='ocrx_word' id='word_1_430' title='bbox 1783 2540 1838 2568; x_wconf 83' lang='lat' dir='ltr'><strong>ex</strong></span> <span class='ocrx_word' id='word_1_431' title='bbox 1866 2541 1968 2570; x_wconf 85' lang='lat' dir='ltr'><strong>auro</strong></span> <span class='ocrx_word' id='word_1_432' title='bbox 1996 2542 2067 2571; x_wconf 84' lang='lat' dir='ltr'><strong>ca-</strong></span> 
     </span>
     <span class='ocr_line' id='line_1_88' title="bbox 1187 2589 1802 2642; baseline 0.005 -13"><span class='ocrx_word' id='word_1_433' title='bbox 1187 2589 1279 2641; x_wconf 86' lang='lat' dir='ltr'><strong>pita</strong></span> <span class='ocrx_word' id='word_1_434' title='bbox 1295 2590 1596 2642; x_wconf 57' lang='lat' dir='ltr'><strong>capientibus?</strong></span> <span class='ocrx_word' id='word_1_435' title='bbox 1629 2592 1802 2632; x_wconf 79' lang='lat' dir='ltr'><strong>Colerus.</strong></span> 
     </span>
    </p>

    <p class='ocr_par' dir='ltr' id='par_1_14' title="bbox 1185 2655 2069 3407">
     <span class='ocr_line' id='line_1_89' title="bbox 1240 2655 2069 2710; baseline 0.002 -15"><span class='ocrx_word' id='word_1_436' title='bbox 1240 2655 1398 2695; x_wconf 82' lang='lat' dir='ltr'><strong>Lucius.</strong></span> <span class='ocrx_word' id='word_1_437' title='bbox 1420 2655 1605 2707; x_wconf 66' lang='lat' dir='ltr'><strong>Crassus]</strong></span> <span class='ocrx_word' id='word_1_438' title='bbox 1661 2655 1841 2709; x_wconf 82' lang='lat' dir='ltr'><strong>Orator,</strong></span> <span class='ocrx_word' id='word_1_439' title='bbox 1885 2656 1942 2696; x_wconf 88' lang='lat' dir='ltr'><strong>de</strong></span> <span class='ocrx_word' id='word_1_440' title='bbox 1983 2668 2069 2710; x_wconf 89' lang='lat' dir='ltr'><strong>quo</strong></span> 
     </span>
     <span class='ocr_line' id='line_1_90' title="bbox 1187 2718 2069 2765; baseline 0.003 -7"><span class='ocrx_word' id='word_1_441' title='bbox 1187 2718 1341 2759; x_wconf 82' lang='lat' dir='ltr'><strong>Cicero</strong></span> <span class='ocrx_word' id='word_1_442' title='bbox 1374 2719 1451 2760; x_wconf 88' lang='lat' dir='ltr'><strong>lib.</strong></span> <span class='ocrx_word' id='word_1_443' title='bbox 1493 2719 1548 2759; x_wconf 91' lang='lat' dir='ltr'><strong>de</strong></span> <span class='ocrx_word' id='word_1_444' title='bbox 1585 2719 1773 2760; x_wconf 89' lang='lat' dir='ltr'><strong>Oratore</strong></span> <span class='ocrx_word' id='word_1_445' title='bbox 1808 2720 2069 2765; x_wconf 87' lang='lat' dir='ltr'><strong>mentionem</strong></span> 
     </span>
     <span class='ocr_line' id='line_1_91' title="bbox 1186 2780 2068 2837; baseline 0.006 -16"><span class='ocrx_word' id='word_1_446' title='bbox 1186 2780 1312 2834; x_wconf 87' lang='lat' dir='ltr'><strong>facit,</strong></span> <span class='ocrx_word' id='word_1_447' title='bbox 1331 2787 1376 2823; x_wconf 89' lang='lat' dir='ltr'><strong>et</strong></span> <span class='ocrx_word' id='word_1_448' title='bbox 1410 2783 1477 2823; x_wconf 54' lang='lat' dir='ltr'><strong>def</strong></span> <span class='ocrx_word' id='word_1_449' title='bbox 1498 2784 2068 2837; x_wconf 55' lang='lat' dir='ltr'><strong>eloquentia2.disputautem</strong></span> 
     </span>
     <span class='ocr_line' id='line_1_92' title="bbox 1186 2844 2066 2902; baseline 0.006 -17"><span class='ocrx_word' id='word_1_450' title='bbox 1186 2844 1369 2887; x_wconf 88' lang='lat' dir='ltr'><strong>inducit.</strong></span> <span class='ocrx_word' id='word_1_451' title='bbox 1419 2846 1520 2887; x_wconf 88' lang='lat' dir='ltr'><strong>Fuit</strong></span> <span class='ocrx_word' id='word_1_452' title='bbox 1534 2854 1676 2888; x_wconf 87' lang='lat' dir='ltr'><strong>autem</strong></span> <span class='ocrx_word' id='word_1_453' title='bbox 1694 2848 1898 2889; x_wconf 84' lang='lat' dir='ltr'><strong>Scaevolae</strong></span> <span class='ocrx_word' id='word_1_454' title='bbox 1919 2861 2066 2902; x_wconf 83' lang='lat' dir='ltr'><strong>gener,</strong></span> 
     </span>
     <span class='ocr_line' id='line_1_93' title="bbox 1187 2908 2067 2964; baseline 0.005 -16"><span class='ocrx_word' id='word_1_455' title='bbox 1187 2913 1237 2948; x_wconf 89' lang='lat' dir='ltr'><strong>ut</strong></span> <span class='ocrx_word' id='word_1_456' title='bbox 1256 2908 1330 2950; x_wconf 91' lang='lat' dir='ltr'><strong>lib.</strong></span> <span class='ocrx_word' id='word_1_457' title='bbox 1350 2921 1414 2952; x_wconf 90' lang='lat' dir='ltr'><strong>1v.</strong></span> <span class='ocrx_word' id='word_1_458' title='bbox 1434 2910 1699 2951; x_wconf 77' lang='lat' dir='ltr'><strong>ostendimus</strong></span> <span class='ocrx_word' id='word_1_459' title='bbox 1724 2923 1821 2964; x_wconf 87' lang='lat' dir='ltr'><strong>cap.</strong></span> <span class='ocrx_word' id='word_1_460' title='bbox 1846 2911 1901 2952; x_wconf 88' lang='lat' dir='ltr'><strong>de</strong></span> <span class='ocrx_word' id='word_1_461' title='bbox 1930 2912 2067 2952; x_wconf 85' lang='lat' dir='ltr'><strong>Vere-</strong></span> 
     </span>
     <span class='ocr_line' id='line_1_94' title="bbox 1187 2971 2066 3027; baseline 0.006 -16"><span class='ocrx_word' id='word_1_462' title='bbox 1187 2971 1356 3013; x_wconf 88' lang='lat' dir='ltr'><strong>cundia.</strong></span> <span class='ocrx_word' id='word_1_463' title='bbox 1411 2974 1527 3026; x_wconf 86' lang='lat' dir='ltr'><strong>Ergo</strong></span> <span class='ocrx_word' id='word_1_464' title='bbox 1558 2975 1607 3015; x_wconf 92' lang='lat' dir='ltr'><strong>L.</strong></span> <span class='ocrx_word' id='word_1_465' title='bbox 1638 2974 1813 3015; x_wconf 86' lang='lat' dir='ltr'><strong>Crassus</strong></span> <span class='ocrx_word' id='word_1_466' title='bbox 1842 2976 2066 3027; x_wconf 78' lang='lat' dir='ltr'><strong>Scaevolae,</strong></span> 
     </span>
     <span class='ocr_line' id='line_1_95' title="bbox 1187 3037 2066 3091; baseline 0.005 -15"><span class='ocrx_word' id='word_1_467' title='bbox 1187 3037 1384 3077; x_wconf 85' lang='lat' dir='ltr'><strong>Scaevola</strong></span> <span class='ocrx_word' id='word_1_468' title='bbox 1400 3049 1504 3078; x_wconf 86' lang='lat' dir='ltr'><strong>vero</strong></span> <span class='ocrx_word' id='word_1_469' title='bbox 1524 3038 1646 3078; x_wconf 85' lang='lat' dir='ltr'><strong>Laelii</strong></span> <span class='ocrx_word' id='word_1_470' title='bbox 1664 3050 1796 3091; x_wconf 88' lang='lat' dir='ltr'><strong>gener</strong></span> <span class='ocrx_word' id='word_1_471' title='bbox 1812 3037 1943 3079; x_wconf 90' lang='lat' dir='ltr'><strong>fuisse</strong></span> <span class='ocrx_word' id='word_1_472' title='bbox 1961 3039 2066 3080; x_wconf 87' lang='lat' dir='ltr'><strong>dici·</strong></span> 
     </span>
     <span class='ocr_line' id='line_1_96' title="bbox 1187 3099 2066 3154; baseline 0.002 -15"><span class='ocrx_word' id='word_1_473' title='bbox 1187 3104 1276 3150; x_wconf 87' lang='lat' dir='ltr'><strong>tur,</strong></span> <span class='ocrx_word' id='word_1_474' title='bbox 1309 3099 1365 3140; x_wconf 87' lang='lat' dir='ltr'><strong>de</strong></span> <span class='ocrx_word' id='word_1_475' title='bbox 1384 3113 1476 3154; x_wconf 56' lang='lat' dir='ltr'><strong>quo&lt;</strong></span> <span class='ocrx_word' id='word_1_476' title='bbox 1491 3101 1624 3142; x_wconf 83' lang='lat' dir='ltr'><strong>Laelio</strong></span> <span class='ocrx_word' id='word_1_477' title='bbox 1646 3101 1799 3143; x_wconf 85' lang='lat' dir='ltr'><strong>Cicero</strong></span> <span class='ocrx_word' id='word_1_478' title='bbox 1817 3101 1892 3142; x_wconf 89' lang='lat' dir='ltr'><strong>lib.</strong></span> <span class='ocrx_word' id='word_1_479' title='bbox 1912 3101 1984 3154; x_wconf 91' lang='lat' dir='ltr'><strong>qui</strong></span> <span class='ocrx_word' id='word_1_480' title='bbox 2002 3102 2066 3141; x_wconf 90' lang='lat' dir='ltr'><strong>in·</strong></span> 
     </span>
     <span class='ocr_line' id='line_1_97' title="bbox 1186 3161 2063 3215; baseline 0.003 -14"><span class='ocrx_word' id='word_1_481' title='bbox 1186 3161 1388 3203; x_wconf 89' lang='lat' dir='ltr'><strong>scribitur</strong></span> <span class='ocrx_word' id='word_1_482' title='bbox 1397 3165 1571 3212; x_wconf 70' lang='lat' dir='ltr'><strong>Laelius,</strong></span> <span class='ocrx_word' id='word_1_483' title='bbox 1589 3167 1667 3205; x_wconf 86' lang='lat' dir='ltr'><strong>hoc</strong></span> <span class='ocrx_word' id='word_1_484' title='bbox 1685 3165 1831 3215; x_wconf 90' lang='lat' dir='ltr'><strong>est,de</strong></span> <span class='ocrx_word' id='word_1_485' title='bbox 1844 3164 2063 3204; x_wconf 87' lang='lat' dir='ltr'><strong>Amicitia.</strong></span> 
     </span>
     <span class='ocr_line' id='line_1_98' title="bbox 1187 3226 2061 3281; baseline 0 -13"><span class='ocrx_word' id='word_1_486' title='bbox 1187 3227 1241 3268; x_wconf 82' lang='lat' dir='ltr'><strong>Q.</strong></span> <span class='ocrx_word' id='word_1_487' title='bbox 1260 3226 1426 3268; x_wconf 89' lang='lat' dir='ltr'><strong>Mutius</strong></span> <span class='ocrx_word' id='word_1_488' title='bbox 1445 3241 1578 3281; x_wconf 87' lang='lat' dir='ltr'><strong>augur</strong></span> <span class='ocrx_word' id='word_1_489' title='bbox 1603 3229 1798 3269; x_wconf 85' lang='lat' dir='ltr'><strong>Scaevola</strong></span> <span class='ocrx_word' id='word_1_490' title='bbox 1815 3228 1949 3268; x_wconf 88' lang='lat' dir='ltr'><strong>multa</strong></span> <span class='ocrx_word' id='word_1_491' title='bbox 1966 3240 2061 3268; x_wconf 89' lang='lat' dir='ltr'><strong>nar-</strong></span> 
     </span>
     <span class='ocr_line' id='line_1_99' title="bbox 1185 3290 2064 3333; baseline 0.001 -4"><span class='ocrx_word' id='word_1_492' title='bbox 1185 3301 1280 3331; x_wconf 89' lang='lat' dir='ltr'><strong>rare</strong></span> <span class='ocrx_word' id='word_1_493' title='bbox 1301 3290 1354 3332; x_wconf 88' lang='lat' dir='ltr'><strong>de</strong></span> <span class='ocrx_word' id='word_1_494' title='bbox 1374 3292 1423 3333; x_wconf 89' lang='lat' dir='ltr'><strong>C.</strong></span> <span class='ocrx_word' id='word_1_495' title='bbox 1442 3293 1575 3332; x_wconf 90' lang='lat' dir='ltr'><strong>Laelio</strong></span> <span class='ocrx_word' id='word_1_496' title='bbox 1602 3303 1750 3332; x_wconf 90' lang='lat' dir='ltr'><strong>socero</strong></span> <span class='ocrx_word' id='word_1_497' title='bbox 1770 3302 1846 3330; x_wconf 88' lang='lat' dir='ltr'><strong>suo</strong></span> <span class='ocrx_word' id='word_1_498' title='bbox 1867 3291 2064 3331; x_wconf 91' lang='lat' dir='ltr'><strong>memori-</strong></span> 
     </span>
     <span class='ocr_line' id='line_1_100' title="bbox 1187 3353 1911 3407; baseline 0.001 -14"><span class='ocrx_word' id='word_1_499' title='bbox 1187 3359 1253 3393; x_wconf 88' lang='lat' dir='ltr'><strong>ter</strong></span> <span class='ocrx_word' id='word_1_500' title='bbox 1272 3360 1318 3395; x_wconf 87' lang='lat' dir='ltr'><strong>et</strong></span> <span class='ocrx_word' id='word_1_501' title='bbox 1330 3355 1523 3407; x_wconf 86' lang='lat' dir='ltr'><strong>jucunde</strong></span> <span class='ocrx_word' id='word_1_502' title='bbox 1546 3354 1725 3396; x_wconf 85' lang='lat' dir='ltr'><strong>solebat.</strong></span> <span class='ocrx_word' id='word_1_503' title='bbox 1760 3353 1911 3394; x_wconf 76' lang='lat' dir='ltr'><strong>Oliver.</strong></span> 
     </span>
    </p>

    <p class='ocr_par' dir='ltr' id='par_1_15' title="bbox 1184 3412 2063 3597">
     <span class='ocr_line' id='line_1_101' title="bbox 1239 3412 2062 3469; baseline -0.002 -12"><span class='ocrx_word' id='word_1_504' title='bbox 1239 3418 1262 3469; x_wconf 60' lang='grc' dir='ltr'><strong>ς</strong></span> <span class='ocrx_word' id='word_1_505' title='bbox 1291 3420 1317 3458; x_wconf 81' lang='lat'>2</span> <span class='ocrx_word' id='word_1_506' title='bbox 1345 3417 1533 3469; x_wconf 82' lang='lat' dir='ltr'><strong>Scaevola,</strong></span> <span class='ocrx_word' id='word_1_507' title='bbox 1553 3417 1643 3469; x_wconf 61' lang='lat' dir='ltr'><strong>&amp;qu</strong></span> <span class='ocrx_word' id='word_1_508' title='bbox 1690 3415 1898 3455; x_wconf 89' lang='lat' dir='ltr'><strong>Ut·testis</strong></span> <span class='ocrx_word' id='word_1_509' title='bbox 1917 3412 2062 3455; x_wconf 83' lang='lat' dir='ltr'><strong>fuerat</strong></span> 
     </span>
     <span class='ocr_line' id='line_1_102' title="bbox 1184 3477 2063 3532; baseline -0.005 -12"><span class='ocrx_word' id='word_1_510' title='bbox 1184 3480 1380 3521; x_wconf 85' lang='lat' dir='ltr'><strong>Scaevola</strong></span> <span class='ocrx_word' id='word_1_511' title='bbox 1399 3481 1646 3532; x_wconf 89' lang='lat' dir='ltr'><strong>Scipionem</strong></span> <span class='ocrx_word' id='word_1_512' title='bbox 1668 3484 1712 3519; x_wconf 90' lang='lat' dir='ltr'><strong>et</strong></span> <span class='ocrx_word' id='word_1_513' title='bbox 1738 3477 1914 3517; x_wconf 81' lang='lat' dir='ltr'><strong>Laelium</strong></span> <span class='ocrx_word' id='word_1_514' title='bbox 1933 3477 2063 3517; x_wconf 90' lang='lat' dir='ltr'><strong>animi</strong></span> 
     </span>
     <span class='ocr_line' id='line_1_103' title="bbox 1186 3541 2060 3597; baseline -0.001 -13"><span class='ocrx_word' id='word_1_515' title='bbox 1186 3544 1408 3587; x_wconf 82' lang='lat' dir='ltr'><strong>relaxandi</strong></span> <span class='ocrx_word' id='word_1_516' title='bbox 1427 3546 1567 3597; x_wconf 85' lang='lat' dir='ltr'><strong>gratia</strong></span> <span class='ocrx_word' id='word_1_517' title='bbox 1585 3541 1813 3585; x_wconf 85' lang='lat' dir='ltr'><strong>conchulas</strong></span> <span class='ocrx_word' id='word_1_518' title='bbox 1831 3546 1876 3583; x_wconf 89' lang='lat' dir='ltr'><strong>et</strong></span> <span class='ocrx_word' id='word_1_519' title='bbox 1896 3541 2060 3584; x_wconf 87' lang='lat' dir='ltr'><strong>umbili-</strong></span> 
     </span>
    </p>
   </div>
  </div>
 </body>
</html>
