<?xml version="1.0" encoding="UTF-8"?>
<!DOCTYPE html PUBLIC "-//W3C//DTD XHTML 1.0 Transitional//EN"
    "http://www.w3.org/TR/xhtml1/DTD/xhtml1-transitional.dtd">
<html xmlns="http://www.w3.org/1999/xhtml" xml:lang="en" lang="en">
 <head>
  <title>
</title>
<meta http-equiv="Content-Type" content="text/html;charset=utf-8" />
  <meta name='ocr-system' content='tesseract 3.04.00' />
  <meta name='ocr-capabilities' content='ocr_page ocr_carea ocr_par ocr_line ocrx_word'/>
</head>
<body>
  <div class='ocr_page' id='page_1' title='image "./factorumdictorum03valeuoft_0462.png"; bbox 0 0 2346 3996; ppageno 0'>
   <div class='ocr_carea' id='block_1_1' title="bbox 392 299 534 353">
    <p class='ocr_par' dir='ltr' id='par_1_1' title="bbox 392 299 534 353">
     <span class='ocr_line' id='line_1_1' title="bbox 392 299 534 353; baseline -0.021 0"><span class='ocrx_word' id='word_1_1' title='bbox 392 299 534 353; x_wconf 74' lang='lat'>1362</span> 
     </span>
    </p>
   </div>
   <div class='ocr_carea' id='block_1_2' title="bbox 395 421 1268 481">
    <p class='ocr_par' dir='ltr' id='par_1_2' title="bbox 395 421 1268 481">
     <span class='ocr_line' id='line_1_2' title="bbox 395 421 1268 481; baseline -0.015 -8"><span class='ocrx_word' id='word_1_2' title='bbox 395 444 422 472; x_wconf 87' lang='lat' dir='ltr'><strong>a</strong></span> <span class='ocrx_word' id='word_1_3' title='bbox 442 429 647 481; x_wconf 86' lang='lat' dir='ltr'><strong>Pompeio</strong></span> <span class='ocrx_word' id='word_1_4' title='bbox 666 427 707 467; x_wconf 92' lang='lat' dir='ltr'><strong>in</strong></span> <span class='ocrx_word' id='word_1_5' title='bbox 726 423 985 476; x_wconf 84' lang='lat' dir='ltr'><strong>triumphum</strong></span> <span class='ocrx_word' id='word_1_6' title='bbox 1004 421 1134 462; x_wconf 85' lang='lat' dir='ltr'><strong>fuisse</strong></span> <span class='ocrx_word' id='word_1_7' title='bbox 1167 421 1268 462; x_wconf 62' lang='lat' dir='ltr'><strong>duce</strong></span> 
     </span>
    </p>
   </div>
   <div class='ocr_carea' id='block_1_3' title="bbox 365 493 1269 590">
    <p class='ocr_par' dir='ltr' id='par_1_3' title="bbox 365 493 1269 590">
     <span class='ocr_line' id='line_1_3' title="bbox 365 493 638 542; baseline -0.011 -9"><span class='ocrx_word' id='word_1_8' title='bbox 365 540 371 542; x_wconf 17' lang='grc' dir='ltr'><strong>Ἴ</strong></span> <span class='ocrx_word' id='word_1_9' title='bbox 395 500 500 535; x_wconf 90' lang='lat' dir='ltr'><strong>tum.</strong></span> <span class='ocrx_word' id='word_1_10' title='bbox 533 493 638 531; x_wconf 80' lang='lat' dir='ltr'><strong>Oziv.</strong></span> 
     </span>
     <span class='ocr_line' id='line_1_4' title="bbox 454 537 1269 590; baseline -0.015 -2"><span class='ocrx_word' id='word_1_11' title='bbox 454 546 618 588; x_wconf 81' lang='lat' dir='ltr'><strong>Dextris</strong></span> <span class='ocrx_word' id='word_1_12' title='bbox 646 541 821 583; x_wconf 83' lang='lat' dir='ltr'><strong>manibus</strong></span> <span class='ocrx_word' id='word_1_13' title='bbox 854 539 1082 590; x_wconf 81' lang='lat' dir='ltr'><strong>sanguinem</strong></span> <span class='ocrx_word' id='word_1_14' title='bbox 1117 537 1269 577; x_wconf 83' lang='lat' dir='ltr'><strong>emitte·</strong></span> 
     </span>
    </p>
   </div>
   <div class='ocr_carea' id='block_1_4' title="bbox 394 601 1288 3546">
    <p class='ocr_par' dir='ltr' id='par_1_4' title="bbox 394 601 1275 1287">
     <span class='ocr_line' id='line_1_5' title="bbox 394 601 1269 661; baseline -0.016 -9"><span class='ocrx_word' id='word_1_15' title='bbox 394 610 502 661; x_wconf 79' lang='lat' dir='ltr'><strong>rent]</strong></span> <span class='ocrx_word' id='word_1_16' title='bbox 532 609 771 649; x_wconf 88' lang='lat' dir='ltr'><strong>Haurirent</strong></span> <span class='ocrx_word' id='word_1_17' title='bbox 807 616 831 644; x_wconf 94' lang='lat' dir='ltr'><strong>e</strong></span> <span class='ocrx_word' id='word_1_18' title='bbox 865 603 1030 643; x_wconf 84' lang='lat' dir='ltr'><strong>dextris</strong></span> <span class='ocrx_word' id='word_1_19' title='bbox 1059 601 1144 641; x_wconf 87' lang='lat' dir='ltr'><strong>suis</strong></span> <span class='ocrx_word' id='word_1_20' title='bbox 1175 613 1269 640; x_wconf 88' lang='lat' dir='ltr'><strong>san-</strong></span> 
     </span>
     <span class='ocr_line' id='line_1_6' title="bbox 395 664 1273 725; baseline -0.013 -12"><span class='ocrx_word' id='word_1_21' title='bbox 395 673 583 725; x_wconf 85' lang='lat' dir='ltr'><strong>guinem.</strong></span> <span class='ocrx_word' id='word_1_22' title='bbox 640 670 767 718; x_wconf 87' lang='lat' dir='ltr'><strong>Nam,</strong></span> <span class='ocrx_word' id='word_1_23' title='bbox 795 672 843 707; x_wconf 93' lang='lat' dir='ltr'><strong>ut</strong></span> <span class='ocrx_word' id='word_1_24' title='bbox 867 665 990 706; x_wconf 87' lang='lat' dir='ltr'><strong>testis</strong></span> <span class='ocrx_word' id='word_1_25' title='bbox 1009 664 1273 714; x_wconf 88' lang='lat' dir='ltr'><strong>Herodotus,</strong></span> 
     </span>
     <span class='ocr_line' id='line_1_7' title="bbox 395 726 1271 787; baseline -0.011 -12"><span class='ocrx_word' id='word_1_26' title='bbox 395 735 509 787; x_wconf 89' lang='lat' dir='ltr'><strong>apud</strong></span> <span class='ocrx_word' id='word_1_27' title='bbox 532 733 745 773; x_wconf 74' lang='lat' dir='ltr'><strong>Barbarus</strong></span> <span class='ocrx_word' id='word_1_28' title='bbox 772 729 968 770; x_wconf 88' lang='lat' dir='ltr'><strong>nationes</strong></span> <span class='ocrx_word' id='word_1_29' title='bbox 985 726 1271 768; x_wconf 81' lang='lat' dir='ltr'><strong>execrationis</strong></span> 
     </span>
     <span class='ocr_line' id='line_1_8' title="bbox 396 790 1271 850; baseline -0.011 -12"><span class='ocrx_word' id='word_1_30' title='bbox 396 805 443 839; x_wconf 87' lang='lat' dir='ltr'><strong>et</strong></span> <span class='ocrx_word' id='word_1_31' title='bbox 453 795 734 850; x_wconf 84' lang='lat' dir='ltr'><strong>jurisjurandi</strong></span> <span class='ocrx_word' id='word_1_32' title='bbox 752 806 842 835; x_wconf 87' lang='lat' dir='ltr'><strong>mos</strong></span> <span class='ocrx_word' id='word_1_33' title='bbox 861 792 960 845; x_wconf 82' lang='lat' dir='ltr'><strong>fuit,</strong></span> <span class='ocrx_word' id='word_1_34' title='bbox 991 797 1039 831; x_wconf 88' lang='lat' dir='ltr'><strong>ut</strong></span> <span class='ocrx_word' id='word_1_35' title='bbox 1055 803 1079 831; x_wconf 90' lang='lat' dir='ltr'><strong>e</strong></span> <span class='ocrx_word' id='word_1_36' title='bbox 1105 790 1271 831; x_wconf 84' lang='lat' dir='ltr'>dextris</span> 
     </span>
     <span class='ocr_line' id='line_1_9' title="bbox 395 852 1271 910; baseline -0.013 -9"><span class='ocrx_word' id='word_1_37' title='bbox 395 860 591 901; x_wconf 89' lang='lat' dir='ltr'><strong>manibus</strong></span> <span class='ocrx_word' id='word_1_38' title='bbox 642 858 889 910; x_wconf 88' lang='lat' dir='ltr'><strong>sanguinem</strong></span> <span class='ocrx_word' id='word_1_39' title='bbox 933 856 1132 894; x_wconf 90' lang='lat' dir='ltr'><strong>haustum</strong></span> <span class='ocrx_word' id='word_1_40' title='bbox 1175 852 1271 892; x_wconf 87' lang='lat' dir='ltr'><strong>vino</strong></span> 
     </span>
     <span class='ocr_line' id='line_1_10' title="bbox 395 917 1272 976; baseline -0.014 -12"><span class='ocrx_word' id='word_1_41' title='bbox 395 923 657 976; x_wconf 86' lang='lat' dir='ltr'><strong>permixtum</strong></span> <span class='ocrx_word' id='word_1_42' title='bbox 691 920 906 969; x_wconf 83' lang='lat' dir='ltr'>biberent,</span> <span class='ocrx_word' id='word_1_43' title='bbox 939 929 1035 957; x_wconf 89' lang='lat' dir='ltr'><strong>cum</strong></span> <span class='ocrx_word' id='word_1_44' title='bbox 1063 917 1142 955; x_wconf 85' lang='lat' dir='ltr'><strong>hac</strong></span> <span class='ocrx_word' id='word_1_45' title='bbox 1173 926 1272 954; x_wconf 92' lang='lat' dir='ltr'><strong>exe-</strong></span> 
     </span>
     <span class='ocr_line' id='line_1_11' title="bbox 396 978 1272 1037; baseline -0.011 -11"><span class='ocrx_word' id='word_1_46' title='bbox 396 987 603 1037; x_wconf 91' lang='lat' dir='ltr'><strong>cratione,</strong></span> <span class='ocrx_word' id='word_1_47' title='bbox 621 989 669 1024; x_wconf 93' lang='lat' dir='ltr'><strong>ut</strong></span> <span class='ocrx_word' id='word_1_48' title='bbox 688 983 932 1036; x_wconf 86' lang='lat' dir='ltr'><strong>quicunque</strong></span> <span class='ocrx_word' id='word_1_49' title='bbox 951 992 975 1019; x_wconf 89' lang='lat' dir='ltr'><strong>a</strong></span> <span class='ocrx_word' id='word_1_50' title='bbox 990 978 1161 1019; x_wconf 83' lang='lat' dir='ltr'><strong>foederis</strong></span> <span class='ocrx_word' id='word_1_51' title='bbox 1174 978 1272 1028; x_wconf 87' lang='lat' dir='ltr'><strong>lege</strong></span> 
     </span>
     <span class='ocr_line' id='line_1_12' title="bbox 397 1039 1274 1100; baseline -0.014 -11"><span class='ocrx_word' id='word_1_52' title='bbox 397 1053 442 1088; x_wconf 84' lang='lat' dir='ltr'><strong>et</strong></span> <span class='ocrx_word' id='word_1_53' title='bbox 461 1047 753 1100; x_wconf 76' lang='lat' dir='ltr'><strong>conjuratione</strong></span> <span class='ocrx_word' id='word_1_54' title='bbox 784 1042 1027 1091; x_wconf 83' lang='lat' dir='ltr'><strong>defecisset,</strong></span> <span class='ocrx_word' id='word_1_55' title='bbox 1054 1039 1274 1080; x_wconf 86' lang='lat' dir='ltr'><strong>execrabi-</strong></span> 
     </span>
     <span class='ocr_line' id='line_1_13' title="bbox 395 1101 1275 1159; baseline -0.014 -8"><span class='ocrx_word' id='word_1_56' title='bbox 395 1111 449 1151; x_wconf 91' lang='lat' dir='ltr'><strong>lis</strong></span> <span class='ocrx_word' id='word_1_57' title='bbox 481 1115 609 1150; x_wconf 87' lang='lat' dir='ltr'><strong>esset.</strong></span> <span class='ocrx_word' id='word_1_58' title='bbox 650 1101 1000 1159; x_wconf 78' lang='lat' dir='ltr'><strong>&#39;Conspirationis</strong></span> <span class='ocrx_word' id='word_1_59' title='bbox 1037 1103 1168 1155; x_wconf 89' lang='lat' dir='ltr'><strong>igitur</strong></span> <span class='ocrx_word' id='word_1_60' title='bbox 1204 1101 1275 1140; x_wconf 91' lang='lat' dir='ltr'><strong>ad-</strong></span> 
     </span>
     <span class='ocr_line' id='line_1_14' title="bbox 397 1167 1273 1225; baseline -0.014 -10"><span class='ocrx_word' id='word_1_61' title='bbox 397 1183 546 1215; x_wconf 81' lang='lat' dir='ltr'><strong>versus</strong></span> <span class='ocrx_word' id='word_1_62' title='bbox 581 1173 808 1225; x_wconf 87' lang='lat' dir='ltr'><strong>Tigranem</strong></span> <span class='ocrx_word' id='word_1_63' title='bbox 834 1169 964 1210; x_wconf 85' lang='lat' dir='ltr'><strong>factae</strong></span> <span class='ocrx_word' id='word_1_64' title='bbox 994 1167 1104 1207; x_wconf 88' lang='lat' dir='ltr'><strong>filius</strong></span> <span class='ocrx_word' id='word_1_65' title='bbox 1133 1177 1180 1205; x_wconf 90' lang='lat' dir='ltr'><strong>se</strong></span> <span class='ocrx_word' id='word_1_66' title='bbox 1208 1177 1273 1204; x_wconf 87' lang='lat' dir='ltr'><strong>so-</strong></span> 
     </span>
     <span class='ocr_line' id='line_1_15' title="bbox 400 1227 1234 1287; baseline -0.013 -10"><span class='ocrx_word' id='word_1_67' title='bbox 400 1238 511 1278; x_wconf 89' lang='lat' dir='ltr'><strong>cium</strong></span> <span class='ocrx_word' id='word_1_68' title='bbox 529 1241 575 1276; x_wconf 90' lang='lat' dir='ltr'><strong>et</strong></span> <span class='ocrx_word' id='word_1_69' title='bbox 595 1235 834 1287; x_wconf 87' lang='lat' dir='ltr'><strong>principem</strong></span> <span class='ocrx_word' id='word_1_70' title='bbox 854 1230 1053 1283; x_wconf 84' lang='lat' dir='ltr'><strong>praebuit.</strong></span> <span class='ocrx_word' id='word_1_71' title='bbox 1085 1227 1234 1267; x_wconf 83' lang='lat' dir='ltr'><strong>Oliver.</strong></span> 
     </span>
    </p>

    <p class='ocr_par' dir='ltr' id='par_1_5' title="bbox 398 1289 1277 1590">
     <span class='ocr_line' id='line_1_16' title="bbox 455 1289 1275 1344; baseline -0.011 -6"><span class='ocrx_word' id='word_1_72' title='bbox 455 1299 629 1338; x_wconf 79' lang='lat' dir='ltr'><strong>Invicem</strong></span> <span class='ocrx_word' id='word_1_73' title='bbox 664 1294 882 1344; x_wconf 82' lang='lat' dir='ltr'><strong>sorberent]</strong></span> <span class='ocrx_word' id='word_1_74' title='bbox 939 1290 1172 1333; x_wconf 74' lang='lat' dir='ltr'><strong>Confusam</strong></span> <span class='ocrx_word' id='word_1_75' title='bbox 1202 1289 1275 1330; x_wconf 89' lang='lat' dir='ltr'><strong>ad-</strong></span> 
     </span>
     <span class='ocr_line' id='line_1_17' title="bbox 398 1353 1276 1412; baseline -0.011 -11"><span class='ocrx_word' id='word_1_76' title='bbox 398 1362 662 1412; x_wconf 84' lang='lat' dir='ltr'><strong>mixtumque</strong></span> <span class='ocrx_word' id='word_1_77' title='bbox 682 1358 928 1409; x_wconf 88' lang='lat' dir='ltr'><strong>sanguinem</strong></span> <span class='ocrx_word' id='word_1_78' title='bbox 940 1367 994 1395; x_wconf 86' lang='lat' dir='ltr'><strong>ex</strong></span> <span class='ocrx_word' id='word_1_79' title='bbox 1011 1365 1157 1395; x_wconf 88' lang='lat' dir='ltr'><strong>eorum</strong></span> <span class='ocrx_word' id='word_1_80' title='bbox 1173 1353 1276 1392; x_wconf 88' lang='lat' dir='ltr'><strong>dex-</strong></span> 
     </span>
     <span class='ocr_line' id='line_1_18' title="bbox 399 1414 1277 1469; baseline -0.011 -5"><span class='ocrx_word' id='word_1_81' title='bbox 399 1424 479 1464; x_wconf 86' lang='lat' dir='ltr'><strong>tris</strong></span> <span class='ocrx_word' id='word_1_82' title='bbox 515 1425 709 1464; x_wconf 85' lang='lat' dir='ltr'><strong>haustum</strong></span> <span class='ocrx_word' id='word_1_83' title='bbox 746 1418 1055 1467; x_wconf 90' lang='lat' dir='ltr'><strong>combiberent,</strong></span> <span class='ocrx_word' id='word_1_84' title='bbox 1088 1414 1201 1469; x_wconf 90' lang='lat' dir='ltr'><strong>quod</strong></span> <span class='ocrx_word' id='word_1_85' title='bbox 1230 1419 1277 1454; x_wconf 92' lang='lat' dir='ltr'><strong>et</strong></span> 
     </span>
     <span class='ocr_line' id='line_1_19' title="bbox 401 1478 1277 1536; baseline -0.013 -8"><span class='ocrx_word' id='word_1_86' title='bbox 401 1487 589 1528; x_wconf 85' lang='lat' dir='ltr'><strong>Catilina</strong></span> <span class='ocrx_word' id='word_1_87' title='bbox 619 1487 663 1526; x_wconf 90' lang='lat' dir='ltr'><strong>in</strong></span> <span class='ocrx_word' id='word_1_88' title='bbox 693 1481 988 1536; x_wconf 84' lang='lat' dir='ltr'><strong>conjuratione</strong></span> <span class='ocrx_word' id='word_1_89' title='bbox 1016 1493 1093 1521; x_wconf 86' lang='lat' dir='ltr'><strong>sua</strong></span> <span class='ocrx_word' id='word_1_90' title='bbox 1120 1478 1277 1519; x_wconf 85' lang='lat' dir='ltr'><strong>fecisse</strong></span> 
     </span>
     <span class='ocr_line' id='line_1_20' title="bbox 400 1548 931 1590; baseline -0.006 -1"><span class='ocrx_word' id='word_1_91' title='bbox 400 1549 573 1590; x_wconf 87' lang='lat' dir='ltr'><strong>dicitur.</strong></span> <span class='ocrx_word' id='word_1_92' title='bbox 604 1548 728 1588; x_wconf 88' lang='lat' dir='ltr'><strong>Idem.</strong></span> <span class='ocrx_word' id='word_1_93' title='bbox 929 1579 931 1581; x_wconf 59' lang='grc'>,</span> 
     </span>
    </p>

    <p class='ocr_par' dir='ltr' id='par_1_6' title="bbox 398 1606 1288 3546">
     <span class='ocr_line' id='line_1_21' title="bbox 456 1606 1278 1663; baseline -0.009 -11"><span class='ocrx_word' id='word_1_94' title='bbox 456 1613 479 1663; x_wconf 77' lang='lat'>§</span> <span class='ocrx_word' id='word_1_95' title='bbox 506 1615 532 1651; x_wconf 92' lang='grc'>4</span> <span class='ocrx_word' id='word_1_96' title='bbox 560 1610 640 1651; x_wconf 83' lang='lat' dir='ltr'><strong>Sed</strong></span> <span class='ocrx_word' id='word_1_97' title='bbox 657 1611 751 1663; x_wconf 81' lang='lat' dir='ltr'><strong>quid</strong></span> <span class='ocrx_word' id='word_1_98' title='bbox 768 1623 839 1660; x_wconf 88' lang='lat' dir='ltr'><strong>ego</strong></span> <span class='ocrx_word' id='word_1_99' title='bbox 860 1611 940 1650; x_wconf 80' lang='lat' dir='ltr'><strong>ista</strong></span> <span class='ocrx_word' id='word_1_100' title='bbox 956 1606 1170 1658; x_wconf 79' lang='lat' dir='ltr'><strong>consector]</strong></span> <span class='ocrx_word' id='word_1_101' title='bbox 1198 1607 1278 1646; x_wconf 82' lang='lat' dir='ltr'><strong>Est</strong></span> 
     </span>
     <span class='ocr_line' id='line_1_22' title="bbox 399 1669 1278 1724; baseline -0.006 -13"><span class='ocrx_word' id='word_1_102' title='bbox 399 1672 523 1724; x_wconf 89' lang='lat' dir='ltr'><strong>hujus</strong></span> <span class='ocrx_word' id='word_1_103' title='bbox 561 1673 749 1723; x_wconf 86' lang='lat' dir='ltr'><strong>exempli</strong></span> <span class='ocrx_word' id='word_1_104' title='bbox 797 1677 949 1723; x_wconf 88' lang='lat' dir='ltr'><strong>aperta</strong></span> <span class='ocrx_word' id='word_1_105' title='bbox 983 1669 1107 1709; x_wconf 89' lang='lat' dir='ltr'><strong>nimis</strong></span> <span class='ocrx_word' id='word_1_106' title='bbox 1144 1673 1278 1720; x_wconf 90' lang='lat' dir='ltr'><strong>atque</strong></span> 
     </span>
     <span class='ocr_line' id='line_1_23' title="bbox 398 1730 1277 1788; baseline -0.009 -12"><span class='ocrx_word' id='word_1_107' title='bbox 398 1735 627 1788; x_wconf 87' lang='lat' dir='ltr'><strong>impudens</strong></span> <span class='ocrx_word' id='word_1_108' title='bbox 661 1734 911 1785; x_wconf 83' lang='lat' dir='ltr'><strong>assentatio,</strong></span> <span class='ocrx_word' id='word_1_109' title='bbox 946 1745 1042 1786; x_wconf 84' lang='lat' dir='ltr'><strong>quae</strong></span> <span class='ocrx_word' id='word_1_110' title='bbox 1070 1742 1156 1771; x_wconf 90' lang='lat' dir='ltr'><strong>non</strong></span> <span class='ocrx_word' id='word_1_111' title='bbox 1186 1730 1277 1769; x_wconf 84' lang='lat' dir='ltr'><strong>sine</strong></span> 
     </span>
     <span class='ocr_line' id='line_1_24' title="bbox 400 1794 1280 1848; baseline -0.007 -11"><span class='ocrx_word' id='word_1_112' title='bbox 400 1799 575 1839; x_wconf 88' lang='lat' dir='ltr'><strong>lectoris</strong></span> <span class='ocrx_word' id='word_1_113' title='bbox 601 1798 776 1838; x_wconf 86' lang='lat' dir='ltr'><strong>fastidio</strong></span> <span class='ocrx_word' id='word_1_114' title='bbox 803 1797 891 1848; x_wconf 87' lang='lat' dir='ltr'><strong>legi</strong></span> <span class='ocrx_word' id='word_1_115' title='bbox 918 1796 1070 1847; x_wconf 80' lang='lat' dir='ltr'><strong>possit.</strong></span> <span class='ocrx_word' id='word_1_116' title='bbox 1126 1794 1280 1845; x_wconf 88' lang='lat' dir='ltr'><strong>Conju-</strong></span> 
     </span>
     <span class='ocr_line' id='line_1_25' title="bbox 399 1857 1280 1913; baseline -0.006 -12"><span class='ocrx_word' id='word_1_117' title='bbox 399 1862 612 1903; x_wconf 90' lang='lat' dir='ltr'><strong>rationem</strong></span> <span class='ocrx_word' id='word_1_118' title='bbox 631 1862 760 1912; x_wconf 90' lang='lat' dir='ltr'><strong>enim,</strong></span> <span class='ocrx_word' id='word_1_119' title='bbox 777 1872 903 1913; x_wconf 91' lang='lat' dir='ltr'><strong>quam</strong></span> <span class='ocrx_word' id='word_1_120' title='bbox 929 1859 1132 1899; x_wconf 85' lang='lat' dir='ltr'><strong>adversus</strong></span> <span class='ocrx_word' id='word_1_121' title='bbox 1151 1857 1280 1897; x_wconf 89' lang='lat' dir='ltr'><strong>Tibe-</strong></span> 
     </span>
     <span class='ocr_line' id='line_1_26' title="bbox 402 1923 1280 1975; baseline -0.005 -11"><span class='ocrx_word' id='word_1_122' title='bbox 402 1925 514 1965; x_wconf 89' lang='lat' dir='ltr'><strong>rium</strong></span> <span class='ocrx_word' id='word_1_123' title='bbox 533 1937 659 1966; x_wconf 87' lang='lat' dir='ltr'><strong>ausus</strong></span> <span class='ocrx_word' id='word_1_124' title='bbox 679 1929 745 1965; x_wconf 92' lang='lat' dir='ltr'><strong>est</strong></span> <span class='ocrx_word' id='word_1_125' title='bbox 763 1923 904 1964; x_wconf 88' lang='lat' dir='ltr'><strong>moliri</strong></span> <span class='ocrx_word' id='word_1_126' title='bbox 929 1923 1127 1975; x_wconf 87' lang='lat' dir='ltr'><strong>Sejanus,</strong></span> <span class='ocrx_word' id='word_1_127' title='bbox 1153 1932 1280 1962; x_wconf 87' lang='lat' dir='ltr'><strong>cunc-</strong></span> 
     </span>
     <span class='ocr_line' id='line_1_27' title="bbox 402 1986 1280 2040; baseline -0.006 -12"><span class='ocrx_word' id='word_1_128' title='bbox 402 1988 459 2028; x_wconf 85' lang='lat' dir='ltr'><strong>tis</strong></span> <span class='ocrx_word' id='word_1_129' title='bbox 493 1988 602 2040; x_wconf 78' lang='lat' dir='ltr'><strong>reip.</strong></span> <span class='ocrx_word' id='word_1_130' title='bbox 636 1986 951 2028; x_wconf 85' lang='lat' dir='ltr'><strong>calamitatibus</strong></span> <span class='ocrx_word' id='word_1_131' title='bbox 978 1986 1086 2027; x_wconf 89' lang='lat' dir='ltr'><strong>dicit</strong></span> <span class='ocrx_word' id='word_1_132' title='bbox 1111 1996 1197 2025; x_wconf 92' lang='lat' dir='ltr'><strong>non</strong></span> <span class='ocrx_word' id='word_1_133' title='bbox 1216 1995 1280 2023; x_wconf 87' lang='lat' dir='ltr'><strong>so-</strong></span> 
     </span>
     <span class='ocr_line' id='line_1_28' title="bbox 402 2047 1281 2101; baseline -0.005 -11"><span class='ocrx_word' id='word_1_134' title='bbox 402 2051 490 2091; x_wconf 91' lang='lat' dir='ltr'><strong>lum</strong></span> <span class='ocrx_word' id='word_1_135' title='bbox 528 2050 850 2101; x_wconf 83' lang='lat' dir='ltr'><strong>conferendam,</strong></span> <span class='ocrx_word' id='word_1_136' title='bbox 898 2048 973 2089; x_wconf 90' lang='lat' dir='ltr'><strong>sed</strong></span> <span class='ocrx_word' id='word_1_137' title='bbox 1017 2047 1147 2089; x_wconf 87' lang='lat' dir='ltr'><strong>etiam</strong></span> <span class='ocrx_word' id='word_1_138' title='bbox 1185 2057 1281 2087; x_wconf 90' lang='lat' dir='ltr'><strong>esse</strong></span> 
     </span>
     <span class='ocr_line' id='line_1_29' title="bbox 403 2109 1282 2166; baseline -0.009 -11"><span class='ocrx_word' id='word_1_139' title='bbox 403 2113 736 2166; x_wconf 74' lang='lat' dir='ltr'><strong>praeferendam.</strong></span> <span class='ocrx_word' id='word_1_140' title='bbox 789 2111 1017 2152; x_wconf 83' lang='lat' dir='ltr'><strong>Suetonius</strong></span> <span class='ocrx_word' id='word_1_141' title='bbox 1036 2110 1080 2150; x_wconf 92' lang='lat' dir='ltr'><strong>in</strong></span> <span class='ocrx_word' id='word_1_142' title='bbox 1098 2109 1190 2150; x_wconf 88' lang='lat' dir='ltr'><strong>vita</strong></span> <span class='ocrx_word' id='word_1_143' title='bbox 1207 2109 1282 2148; x_wconf 86' lang='lat' dir='ltr'><strong>Ti·</strong></span> 
     </span>
     <span class='ocr_line' id='line_1_30' title="bbox 402 2172 1282 2230; baseline -0.009 -12"><span class='ocrx_word' id='word_1_144' title='bbox 402 2178 532 2230; x_wconf 85' lang='lat' dir='ltr'><strong>berii‚</strong></span> <span class='ocrx_word' id='word_1_145' title='bbox 557 2174 819 2227; x_wconf 84' lang='lat' dir='ltr'><strong>‘Sejanum,&#39;</strong></span> <span class='ocrx_word' id='word_1_146' title='bbox 844 2174 996 2228; x_wconf 90' lang='lat' dir='ltr'><strong>inquit,</strong></span> <span class='ocrx_word' id='word_1_147' title='bbox 1033 2172 1126 2212; x_wconf 88' lang='lat' dir='ltr'><strong>‘res</strong></span> <span class='ocrx_word' id='word_1_148' title='bbox 1152 2182 1282 2211; x_wconf 88' lang='lat' dir='ltr'><strong>novas</strong></span> 
     </span>
     <span class='ocr_line' id='line_1_31' title="bbox 403 2234 1283 2291; baseline -0.009 -11"><span class='ocrx_word' id='word_1_149' title='bbox 403 2240 666 2289; x_wconf 87' lang='lat' dir='ltr'><strong>molientem,</strong></span> <span class='ocrx_word' id='word_1_150' title='bbox 693 2238 886 2291; x_wconf 87' lang='lat' dir='ltr'><strong>quamvis</strong></span> <span class='ocrx_word' id='word_1_151' title='bbox 911 2235 1005 2287; x_wconf 89' lang='lat' dir='ltr'><strong>jam</strong></span> <span class='ocrx_word' id='word_1_152' title='bbox 1031 2240 1078 2276; x_wconf 91' lang='lat' dir='ltr'><strong>et</strong></span> <span class='ocrx_word' id='word_1_153' title='bbox 1095 2234 1283 2274; x_wconf 86' lang='lat' dir='ltr'><strong>natalem</strong></span> 
     </span>
     <span class='ocr_line' id='line_1_32' title="bbox 405 2296 1283 2356; baseline -0.01 -12"><span class='ocrx_word' id='word_1_154' title='bbox 405 2304 500 2355; x_wconf 88' lang='lat' dir='ltr'><strong>ejus</strong></span> <span class='ocrx_word' id='word_1_155' title='bbox 537 2303 710 2356; x_wconf 87' lang='lat' dir='ltr'><strong>publice</strong></span> <span class='ocrx_word' id='word_1_156' title='bbox 743 2300 969 2351; x_wconf 89' lang='lat' dir='ltr'><strong>celebrari,</strong></span> <span class='ocrx_word' id='word_1_157' title='bbox 1000 2304 1046 2339; x_wconf 90' lang='lat' dir='ltr'><strong>et</strong></span> <span class='ocrx_word' id='word_1_158' title='bbox 1076 2296 1283 2348; x_wconf 84' lang='lat' dir='ltr'><strong>imagines</strong></span> 
     </span>
     <span class='ocr_line' id='line_1_33' title="bbox 403 2361 1284 2417; baseline -0.009 -10"><span class='ocrx_word' id='word_1_159' title='bbox 403 2377 556 2406; x_wconf 84' lang='lat' dir='ltr'><strong>aureas</strong></span> <span class='ocrx_word' id='word_1_160' title='bbox 584 2365 668 2406; x_wconf 90' lang='lat' dir='ltr'><strong>coli</strong></span> <span class='ocrx_word' id='word_1_161' title='bbox 690 2364 845 2417; x_wconf 88' lang='lat' dir='ltr'><strong>passim</strong></span> <span class='ocrx_word' id='word_1_162' title='bbox 871 2362 1067 2410; x_wconf 86' lang='lat' dir='ltr'><strong>videret;</strong></span> <span class='ocrx_word' id='word_1_163' title='bbox 1097 2361 1170 2401; x_wconf 82' lang='lat' dir='ltr'><strong>vix</strong></span> <span class='ocrx_word' id='word_1_164' title='bbox 1190 2365 1284 2401; x_wconf 90' lang='lat' dir='ltr'><strong>tan-</strong></span> 
     </span>
     <span class='ocr_line' id='line_1_34' title="bbox 406 2424 1285 2479; baseline -0.008 -11"><span class='ocrx_word' id='word_1_165' title='bbox 406 2431 521 2479; x_wconf 88' lang='lat' dir='ltr'><strong>dem,</strong></span> <span class='ocrx_word' id='word_1_166' title='bbox 548 2434 594 2469; x_wconf 90' lang='lat' dir='ltr'><strong>et</strong></span> <span class='ocrx_word' id='word_1_167' title='bbox 635 2433 732 2469; x_wconf 90' lang='lat' dir='ltr'><strong>astu</strong></span> <span class='ocrx_word' id='word_1_168' title='bbox 768 2426 909 2479; x_wconf 27' lang='lat' dir='ltr'><strong>magis·</strong></span> <span class='ocrx_word' id='word_1_169' title='bbox 937 2437 988 2466; x_wconf 88' lang='lat' dir='ltr'><strong>ac</strong></span> <span class='ocrx_word' id='word_1_170' title='bbox 1025 2424 1123 2465; x_wconf 90' lang='lat' dir='ltr'><strong>dolo</strong></span> <span class='ocrx_word' id='word_1_171' title='bbox 1158 2434 1285 2475; x_wconf 90' lang='lat' dir='ltr'><strong>quam</strong></span> 
     </span>
     <span class='ocr_line' id='line_1_35' title="bbox 406 2486 1286 2544; baseline -0.009 -12"><span class='ocrx_word' id='word_1_172' title='bbox 406 2491 640 2544; x_wconf 89' lang='lat' dir='ltr'><strong>principali</strong></span> <span class='ocrx_word' id='word_1_173' title='bbox 656 2486 1174 2539; x_wconf 86' lang='lat' dir='ltr'><strong>auctoritate,subvertit:</strong></span> <span class='ocrx_word' id='word_1_174' title='bbox 1191 2497 1286 2525; x_wconf 89' lang='lat' dir='ltr'><strong>nam</strong></span> 
     </span>
     <span class='ocr_line' id='line_1_36' title="bbox 406 2548 1287 2607; baseline -0.009 -12"><span class='ocrx_word' id='word_1_175' title='bbox 406 2556 561 2607; x_wconf 89' lang='lat' dir='ltr'><strong>primo,</strong></span> <span class='ocrx_word' id='word_1_176' title='bbox 581 2560 630 2594; x_wconf 93' lang='lat' dir='ltr'><strong>ut</strong></span> <span class='ocrx_word' id='word_1_177' title='bbox 656 2565 682 2593; x_wconf 88' lang='lat' dir='ltr'><strong>a</strong></span> <span class='ocrx_word' id='word_1_178' title='bbox 718 2565 764 2593; x_wconf 90' lang='lat' dir='ltr'><strong>se</strong></span> <span class='ocrx_word' id='word_1_179' title='bbox 792 2564 870 2604; x_wconf 89' lang='lat' dir='ltr'><strong>per</strong></span> <span class='ocrx_word' id='word_1_180' title='bbox 898 2550 1086 2603; x_wconf 88' lang='lat' dir='ltr'><strong>speciem</strong></span> <span class='ocrx_word' id='word_1_181' title='bbox 1117 2548 1287 2590; x_wconf 86' lang='lat' dir='ltr'><strong>honoris</strong></span> 
     </span>
     <span class='ocr_line' id='line_1_37' title="bbox 407 2611 1288 2665; baseline -0.008 -9"><span class='ocrx_word' id='word_1_182' title='bbox 407 2618 664 2662; x_wconf 89' lang='lat' dir='ltr'><strong>dimitteret,</strong></span> <span class='ocrx_word' id='word_1_183' title='bbox 701 2614 909 2665; x_wconf 85' lang='lat' dir='ltr'><strong>collegam</strong></span> <span class='ocrx_word' id='word_1_184' title='bbox 946 2611 1029 2654; x_wconf 85' lang='lat' dir='ltr'><strong>sibi</strong></span> <span class='ocrx_word' id='word_1_185' title='bbox 1057 2611 1288 2662; x_wconf 81' lang='lat' dir='ltr'><strong>assumpsit</strong></span> 
     </span>
     <span class='ocr_line' id='line_1_38' title="bbox 404 2674 1287 2731; baseline -0.008 -12"><span class='ocrx_word' id='word_1_186' title='bbox 404 2679 450 2718; x_wconf 92' lang='lat' dir='ltr'><strong>in</strong></span> <span class='ocrx_word' id='word_1_187' title='bbox 469 2679 618 2731; x_wconf 84' lang='lat' dir='ltr'><strong>quinto</strong></span> <span class='ocrx_word' id='word_1_188' title='bbox 634 2678 886 2726; x_wconf 79' lang='lat' dir='ltr'><strong>consulatu3</strong></span> <span class='ocrx_word' id='word_1_189' title='bbox 909 2687 1034 2728; x_wconf 89' lang='lat' dir='ltr'><strong>quem</strong></span> <span class='ocrx_word' id='word_1_190' title='bbox 1064 2676 1192 2726; x_wconf 87' lang='lat' dir='ltr'><strong>longo</strong></span> <span class='ocrx_word' id='word_1_191' title='bbox 1225 2674 1287 2712; x_wconf 91' lang='lat' dir='ltr'><strong>in·</strong></span> 
     </span>
     <span class='ocr_line' id='line_1_39' title="bbox 407 2738 1288 2790; baseline -0.008 -8"><span class='ocrx_word' id='word_1_192' title='bbox 407 2742 589 2782; x_wconf 89' lang='lat' dir='ltr'><strong>tervallo</strong></span> <span class='ocrx_word' id='word_1_193' title='bbox 622 2742 776 2782; x_wconf 84' lang='lat' dir='ltr'><strong>absens</strong></span> <span class='ocrx_word' id='word_1_194' title='bbox 802 2740 859 2780; x_wconf 91' lang='lat' dir='ltr'><strong>ob</strong></span> <span class='ocrx_word' id='word_1_195' title='bbox 887 2738 1070 2790; x_wconf 88' lang='lat' dir='ltr'><strong>idipsum</strong></span> <span class='ocrx_word' id='word_1_196' title='bbox 1093 2748 1288 2788; x_wconf 90' lang='lat' dir='ltr'><strong>suscepe-</strong></span> 
     </span>
     <span class='ocr_line' id='line_1_40' title="bbox 407 2798 1287 2853; baseline -0.007 -10"><span class='ocrx_word' id='word_1_197' title='bbox 407 2808 493 2843; x_wconf 88' lang='lat' dir='ltr'><strong>rat.</strong></span> <span class='ocrx_word' id='word_1_198' title='bbox 551 2802 725 2842; x_wconf 89' lang='lat' dir='ltr'><strong>Deinde</strong></span> <span class='ocrx_word' id='word_1_199' title='bbox 743 2813 821 2853; x_wconf 87' lang='lat' dir='ltr'><strong>spe</strong></span> <span class='ocrx_word' id='word_1_200' title='bbox 841 2799 1064 2841; x_wconf 85' lang='lat' dir='ltr'><strong>affinitatis</strong></span> <span class='ocrx_word' id='word_1_201' title='bbox 1085 2811 1135 2839; x_wconf 90' lang='lat' dir='ltr'><strong>ac</strong></span> <span class='ocrx_word' id='word_1_202' title='bbox 1154 2798 1287 2838; x_wconf 90' lang='lat' dir='ltr'><strong>tribu-</strong></span> 
     </span>
     <span class='ocr_line' id='line_1_41' title="bbox 407 2861 1286 2918; baseline -0.009 -11"><span class='ocrx_word' id='word_1_203' title='bbox 407 2867 528 2907; x_wconf 88' lang='lat' dir='ltr'><strong>nitiae</strong></span> <span class='ocrx_word' id='word_1_204' title='bbox 546 2864 773 2918; x_wconf 82' lang='lat' dir='ltr'><strong>potestatis</strong></span> <span class='ocrx_word' id='word_1_205' title='bbox 789 2864 1034 2914; x_wconf 87' lang='lat' dir='ltr'><strong>deceptum,</strong></span> <span class='ocrx_word' id='word_1_206' title='bbox 1063 2861 1286 2912; x_wconf 89' lang='lat' dir='ltr'><strong>inopinan-</strong></span> 
     </span>
     <span class='ocr_line' id='line_1_42' title="bbox 408 2925 1288 2977; baseline -0.008 -8"><span class='ocrx_word' id='word_1_207' title='bbox 408 2933 495 2969; x_wconf 89' lang='lat' dir='ltr'><strong>tem</strong></span> <span class='ocrx_word' id='word_1_208' title='bbox 514 2928 758 2969; x_wconf 81' lang='lat' dir='ltr'><strong>criminatus</strong></span> <span class='ocrx_word' id='word_1_209' title='bbox 773 2930 841 2967; x_wconf 90' lang='lat' dir='ltr'><strong>est</strong></span> <span class='ocrx_word' id='word_1_210' title='bbox 866 2925 1066 2977; x_wconf 89' lang='lat' dir='ltr'><strong>pudenda</strong></span> <span class='ocrx_word' id='word_1_211' title='bbox 1087 2925 1288 2964; x_wconf 85' lang='lat' dir='ltr'><strong>miseran-</strong></span> 
     </span>
     <span class='ocr_line' id='line_1_43' title="bbox 409 2988 1286 3045; baseline -0.007 -13"><span class='ocrx_word' id='word_1_212' title='bbox 409 2992 549 3045; x_wconf 87' lang='lat' dir='ltr'><strong>daque</strong></span> <span class='ocrx_word' id='word_1_213' title='bbox 568 2991 774 3031; x_wconf 89' lang='lat' dir='ltr'><strong>oratione.</strong></span> <span class='ocrx_word' id='word_1_214' title='bbox 793 3000 888 3030; x_wconf 92' lang='lat' dir='ltr'><strong>cum</strong></span> <span class='ocrx_word' id='word_1_215' title='bbox 908 2989 1023 3028; x_wconf 88' lang='lat' dir='ltr'><strong>inter</strong></span> <span class='ocrx_word' id='word_1_216' title='bbox 1043 2988 1126 3027; x_wconf 91' lang='lat' dir='ltr'><strong>alia</strong></span> <span class='ocrx_word' id='word_1_217' title='bbox 1140 2993 1286 3039; x_wconf 89' lang='lat' dir='ltr'><strong>patres</strong></span> 
     </span>
     <span class='ocr_line' id='line_1_44' title="bbox 408 3051 1287 3106; baseline -0.006 -11"><span class='ocrx_word' id='word_1_218' title='bbox 408 3054 670 3106; x_wconf 86' lang='lat' dir='ltr'><strong>conscriptos</strong></span> <span class='ocrx_word' id='word_1_219' title='bbox 690 3055 954 3105; x_wconf 87' lang='lat' dir='ltr'><strong>precaretur,</strong></span> <span class='ocrx_word' id='word_1_220' title='bbox 981 3051 1205 3092; x_wconf 88' lang='lat' dir='ltr'><strong>mitterent</strong></span> <span class='ocrx_word' id='word_1_221' title='bbox 1229 3051 1287 3090; x_wconf 89' lang='lat' dir='ltr'><strong>al·</strong></span> 
     </span>
     <span class='ocr_line' id='line_1_45' title="bbox 409 3113 1288 3167; baseline -0.003 -11"><span class='ocrx_word' id='word_1_222' title='bbox 409 3124 548 3157; x_wconf 82' lang='lat' dir='ltr'><strong>terum</strong></span> <span class='ocrx_word' id='word_1_223' title='bbox 568 3128 593 3157; x_wconf 92' lang='lat' dir='ltr'><strong>e</strong></span> <span class='ocrx_word' id='word_1_224' title='bbox 611 3114 870 3166; x_wconf 84' lang='lat' dir='ltr'><strong>consulibus,</strong></span> <span class='ocrx_word' id='word_1_225' title='bbox 900 3113 972 3167; x_wconf 92' lang='lat' dir='ltr'><strong>qui</strong></span> <span class='ocrx_word' id='word_1_226' title='bbox 1001 3126 1147 3154; x_wconf 86' lang='lat' dir='ltr'><strong>senem</strong></span> <span class='ocrx_word' id='word_1_227' title='bbox 1176 3126 1223 3154; x_wconf 84' lang='lat' dir='ltr'><strong>se</strong></span> <span class='ocrx_word' id='word_1_228' title='bbox 1244 3117 1288 3152; x_wconf 90' lang='lat' dir='ltr'><strong>et</strong></span> 
     </span>
     <span class='ocr_line' id='line_1_46' title="bbox 410 3177 1286 3230; baseline -0.003 -12"><span class='ocrx_word' id='word_1_229' title='bbox 410 3179 545 3219; x_wconf 89' lang='lat' dir='ltr'><strong>solum</strong></span> <span class='ocrx_word' id='word_1_230' title='bbox 563 3179 608 3218; x_wconf 92' lang='lat' dir='ltr'><strong>in</strong></span> <span class='ocrx_word' id='word_1_231' title='bbox 627 3182 906 3230; x_wconf 86' lang='lat' dir='ltr'><strong>conspectum</strong></span> <span class='ocrx_word' id='word_1_232' title='bbox 932 3189 1078 3218; x_wconf 89' lang='lat' dir='ltr'><strong>eorum</strong></span> <span class='ocrx_word' id='word_1_233' title='bbox 1097 3189 1190 3216; x_wconf 90' lang='lat' dir='ltr'><strong>cum</strong></span> <span class='ocrx_word' id='word_1_234' title='bbox 1212 3177 1286 3216; x_wconf 90' lang='lat' dir='ltr'><strong>ali-</strong></span> 
     </span>
     <span class='ocr_line' id='line_1_47' title="bbox 413 3239 1286 3295; baseline -0.002 -13"><span class='ocrx_word' id='word_1_235' title='bbox 413 3254 497 3295; x_wconf 92' lang='lat' dir='ltr'><strong>quo</strong></span> <span class='ocrx_word' id='word_1_236' title='bbox 529 3240 729 3293; x_wconf 83' lang='lat' dir='ltr'><strong>praesidio</strong></span> <span class='ocrx_word' id='word_1_237' title='bbox 761 3239 1037 3292; x_wconf 88' lang='lat' dir='ltr'><strong>perduceret.</strong></span> <span class='ocrx_word' id='word_1_238' title='bbox 1090 3240 1161 3283; x_wconf 89' lang='lat' dir='ltr'><strong>Sic</strong></span> <span class='ocrx_word' id='word_1_239' title='bbox 1183 3251 1286 3292; x_wconf 92' lang='lat' dir='ltr'><strong>quo-</strong></span> 
     </span>
     <span class='ocr_line' id='line_1_48' title="bbox 411 3302 1288 3356; baseline -0.003 -12"><span class='ocrx_word' id='word_1_240' title='bbox 411 3316 495 3356; x_wconf 89' lang='lat' dir='ltr'><strong>que</strong></span> <span class='ocrx_word' id='word_1_241' title='bbox 511 3302 727 3355; x_wconf 87' lang='lat' dir='ltr'><strong>diffidens,</strong></span> <span class='ocrx_word' id='word_1_242' title='bbox 747 3303 1058 3354; x_wconf 87' lang='lat' dir='ltr'><strong>tumultumque</strong></span> <span class='ocrx_word' id='word_1_243' title='bbox 1076 3308 1288 3352; x_wconf 86' lang='lat' dir='ltr'><strong>metuens,</strong></span> 
     </span>
     <span class='ocr_line' id='line_1_49' title="bbox 409 3366 1288 3419; baseline -0.006 -10"><span class='ocrx_word' id='word_1_244' title='bbox 409 3367 593 3409; x_wconf 86' lang='lat' dir='ltr'><strong>Drusum</strong></span> <span class='ocrx_word' id='word_1_245' title='bbox 614 3372 816 3419; x_wconf 86' lang='lat' dir='ltr'><strong>nepotem</strong></span> <span class='ocrx_word' id='word_1_246' title='bbox 838 3377 974 3416; x_wconf 82' lang='lat' dir='ltr'><strong>suum,</strong></span> <span class='ocrx_word' id='word_1_247' title='bbox 990 3377 1116 3417; x_wconf 88' lang='lat' dir='ltr'><strong>quem</strong></span> <span class='ocrx_word' id='word_1_248' title='bbox 1136 3366 1177 3404; x_wconf 93' lang='lat' dir='ltr'><strong>in</strong></span> <span class='ocrx_word' id='word_1_249' title='bbox 1198 3366 1288 3405; x_wconf 91' lang='lat' dir='ltr'><strong>vin·</strong></span> 
     </span>
     <span class='ocr_line' id='line_1_50' title="bbox 412 3427 1288 3478; baseline -0.002 -10"><span class='ocrx_word' id='word_1_250' title='bbox 412 3429 517 3469; x_wconf 84' lang='lat' dir='ltr'><strong>culis</strong></span> <span class='ocrx_word' id='word_1_251' title='bbox 545 3428 682 3468; x_wconf 85' lang='lat' dir='ltr'><strong>adhuc</strong></span> <span class='ocrx_word' id='word_1_252' title='bbox 713 3429 861 3468; x_wconf 83' lang='lat' dir='ltr'><strong>Romae</strong></span> <span class='ocrx_word' id='word_1_253' title='bbox 882 3427 1147 3478; x_wconf 87' lang='lat' dir='ltr'><strong>continebat,</strong></span> <span class='ocrx_word' id='word_1_254' title='bbox 1163 3427 1288 3478; x_wconf 88' lang='lat' dir='ltr'><strong>solvi,</strong></span> 
     </span>
     <span class='ocr_line' id='line_1_51' title="bbox 414 3490 1288 3546; baseline -0.003 -13"><span class='ocrx_word' id='word_1_255' title='bbox 414 3490 451 3533; x_wconf 77' lang='lat' dir='ltr'><strong>si</strong></span> <span class='ocrx_word' id='word_1_256' title='bbox 477 3502 545 3534; x_wconf 84' lang='lat' dir='ltr'><strong>res</strong></span> <span class='ocrx_word' id='word_1_257' title='bbox 579 3495 794 3545; x_wconf 83' lang='lat' dir='ltr'><strong>posceret,</strong></span> <span class='ocrx_word' id='word_1_258' title='bbox 827 3490 1066 3546; x_wconf 90' lang='lat' dir='ltr'><strong>ducemque</strong></span> <span class='ocrx_word' id='word_1_259' title='bbox 1085 3490 1288 3533; x_wconf 87' lang='lat' dir='ltr'><strong>constitui</strong></span> 
     </span>
    </p>
   </div>
   <div class='ocr_carea' id='block_1_5' title="bbox 972 303 1630 345">
    <p class='ocr_par' dir='ltr' id='par_1_7' title="bbox 972 303 1630 345">
     <span class='ocr_line' id='line_1_52' title="bbox 972 303 1630 345; baseline -0.002 -1"><span class='ocrx_word' id='word_1_260' title='bbox 972 305 1151 344; x_wconf 83' lang='lat' dir='ltr'><strong>No&#39;rAE</strong></span> <span class='ocrx_word' id='word_1_261' title='bbox 1195 304 1524 345; x_wconf 86' lang='lat' dir='ltr'><strong>VARIORUM</strong></span> <span class='ocrx_word' id='word_1_262' title='bbox 1565 303 1630 343; x_wconf 77' lang='lat' dir='ltr'><strong>IN</strong></span> 
     </span>
    </p>
   </div>
   <div class='ocr_carea' id='block_1_6' title="bbox 1329 416 2227 3539">
    <p class='ocr_par' dir='ltr' id='par_1_8' title="bbox 1329 416 2212 1526">
     <span class='ocr_line' id='line_1_53' title="bbox 1330 416 2200 473; baseline -0.006 -12"><span class='ocrx_word' id='word_1_263' title='bbox 1330 426 1612 473; x_wconf 77' lang='lat' dir='ltr'><strong>praeceperat.</strong></span> <span class='ocrx_word' id='word_1_264' title='bbox 1670 418 1846 471; x_wconf 90' lang='lat' dir='ltr'><strong>Aptatis</strong></span> <span class='ocrx_word' id='word_1_265' title='bbox 1875 417 2002 459; x_wconf 86' lang='lat' dir='ltr'><strong>etiam</strong></span> <span class='ocrx_word' id='word_1_266' title='bbox 2021 416 2200 457; x_wconf 87' lang='lat' dir='ltr'><strong>navibus</strong></span> 
     </span>
     <span class='ocr_line' id='line_1_54' title="bbox 1330 479 2204 536; baseline -0.008 -11"><span class='ocrx_word' id='word_1_267' title='bbox 1330 485 1384 525; x_wconf 88' lang='lat' dir='ltr'><strong>ad</strong></span> <span class='ocrx_word' id='word_1_268' title='bbox 1403 495 1675 536; x_wconf 86' lang='lat' dir='ltr'><strong>quascunque</strong></span> <span class='ocrx_word' id='word_1_269' title='bbox 1702 483 1894 534; x_wconf 86' lang='lat' dir='ltr'><strong>regiones</strong></span> <span class='ocrx_word' id='word_1_270' title='bbox 1921 479 2204 520; x_wconf 83' lang='lat' dir='ltr'><strong>meditaretur</strong></span> 
     </span>
     <span class='ocr_line' id='line_1_55' title="bbox 1329 542 2204 599; baseline -0.008 -12"><span class='ocrx_word' id='word_1_271' title='bbox 1329 546 1488 599; x_wconf 88' lang='lat' dir='ltr'><strong>fugam,</strong></span> <span class='ocrx_word' id='word_1_272' title='bbox 1525 544 1868 597; x_wconf 88' lang='lat' dir='ltr'><strong>speculabundus</strong></span> <span class='ocrx_word' id='word_1_273' title='bbox 1910 555 1964 583; x_wconf 86' lang='lat' dir='ltr'><strong>ex</strong></span> <span class='ocrx_word' id='word_1_274' title='bbox 1996 542 2204 582; x_wconf 83' lang='lat' dir='ltr'><strong>altissima</strong></span> 
     </span>
     <span class='ocr_line' id='line_1_56' title="bbox 1330 607 2205 660; baseline -0.007 -11"><span class='ocrx_word' id='word_1_275' title='bbox 1330 621 1438 660; x_wconf 89' lang='lat' dir='ltr'><strong>rupe</strong></span> <span class='ocrx_word' id='word_1_276' title='bbox 1460 607 1696 647; x_wconf 91' lang='lat' dir='ltr'><strong>identidem</strong></span> <span class='ocrx_word' id='word_1_277' title='bbox 1729 607 1864 657; x_wconf 84' lang='lat' dir='ltr'><strong>signa,</strong></span> <span class='ocrx_word' id='word_1_278' title='bbox 1895 618 2008 658; x_wconf 83' lang='lat' dir='ltr'><strong>quae,</strong></span> <span class='ocrx_word' id='word_1_279' title='bbox 2028 616 2082 644; x_wconf 89' lang='lat' dir='ltr'><strong>ne</strong></span> <span class='ocrx_word' id='word_1_280' title='bbox 2101 615 2205 643; x_wconf 89' lang='lat' dir='ltr'><strong>nun-</strong></span> 
     </span>
     <span class='ocr_line' id='line_1_57' title="bbox 1331 665 2204 720; baseline -0.008 -9"><span class='ocrx_word' id='word_1_281' title='bbox 1331 672 1380 711; x_wconf 90' lang='lat' dir='ltr'><strong>tii</strong></span> <span class='ocrx_word' id='word_1_282' title='bbox 1397 674 1683 718; x_wconf 87' lang='lat' dir='ltr'><strong>morarentur,</strong></span> <span class='ocrx_word' id='word_1_283' title='bbox 1714 669 1808 709; x_wconf 86' lang='lat' dir='ltr'><strong>tolli</strong></span> <span class='ocrx_word' id='word_1_284' title='bbox 1826 668 1987 720; x_wconf 87' lang='lat' dir='ltr'><strong>procul,</strong></span> <span class='ocrx_word' id='word_1_285' title='bbox 2015 672 2064 706; x_wconf 93' lang='lat' dir='ltr'><strong>ut</strong></span> <span class='ocrx_word' id='word_1_286' title='bbox 2083 665 2204 718; x_wconf 90' lang='lat' dir='ltr'><strong>quid-</strong></span> 
     </span>
     <span class='ocr_line' id='line_1_58' title="bbox 1332 727 2208 785; baseline -0.007 -12"><span class='ocrx_word' id='word_1_287' title='bbox 1332 745 1415 785; x_wconf 89' lang='lat' dir='ltr'><strong>que</strong></span> <span class='ocrx_word' id='word_1_288' title='bbox 1449 731 1610 772; x_wconf 85' lang='lat' dir='ltr'><strong>factum</strong></span> <span class='ocrx_word' id='word_1_289' title='bbox 1640 728 1767 779; x_wconf 86' lang='lat' dir='ltr'><strong>foret,</strong></span> <span class='ocrx_word' id='word_1_290' title='bbox 1801 729 2093 768; x_wconf 89' lang='lat' dir='ltr'><strong>mandaverat.</strong></span> <span class='ocrx_word' id='word_1_291' title='bbox 2121 727 2208 766; x_wconf 89' lang='lat' dir='ltr'><strong>Ve-</strong></span> 
     </span>
     <span class='ocr_line' id='line_1_59' title="bbox 1333 789 2207 846; baseline -0.008 -11"><span class='ocrx_word' id='word_1_292' title='bbox 1333 807 1424 834; x_wconf 90' lang='lat' dir='ltr'><strong>rum</strong></span> <span class='ocrx_word' id='word_1_293' title='bbox 1446 799 1491 834; x_wconf 91' lang='lat' dir='ltr'><strong>et</strong></span> <span class='ocrx_word' id='word_1_294' title='bbox 1510 804 1714 846; x_wconf 87' lang='lat' dir='ltr'><strong>oppressa</strong></span> <span class='ocrx_word' id='word_1_295' title='bbox 1733 791 2024 843; x_wconf 82' lang='lat' dir='ltr'><strong>conjuratione</strong></span> <span class='ocrx_word' id='word_1_296' title='bbox 2048 789 2207 841; x_wconf 85' lang='lat' dir='ltr'><strong>Sejani,</strong></span> 
     </span>
     <span class='ocr_line' id='line_1_60' title="bbox 1332 852 2208 903; baseline -0.008 -6"><span class='ocrx_word' id='word_1_297' title='bbox 1332 858 1464 897; x_wconf 86' lang='lat' dir='ltr'><strong>nihilo</strong></span> <span class='ocrx_word' id='word_1_298' title='bbox 1502 856 1690 896; x_wconf 86' lang='lat' dir='ltr'><strong>securior</strong></span> <span class='ocrx_word' id='word_1_299' title='bbox 1718 859 1793 894; x_wconf 90' lang='lat' dir='ltr'><strong>aut</strong></span> <span class='ocrx_word' id='word_1_300' title='bbox 1819 852 2099 902; x_wconf 85' lang='lat' dir='ltr'><strong>constantior,</strong></span> <span class='ocrx_word' id='word_1_301' title='bbox 2130 864 2208 903; x_wconf 89' lang='lat' dir='ltr'><strong>per</strong></span> 
     </span>
     <span class='ocr_line' id='line_1_61' title="bbox 1333 918 2208 970; baseline -0.006 -12"><span class='ocrx_word' id='word_1_302' title='bbox 1333 932 1484 960; x_wconf 90' lang='lat' dir='ltr'><strong>novem</strong></span> <span class='ocrx_word' id='word_1_303' title='bbox 1502 918 1715 970; x_wconf 90' lang='lat' dir='ltr'><strong>proximos</strong></span> <span class='ocrx_word' id='word_1_304' title='bbox 1732 926 1898 956; x_wconf 89' lang='lat' dir='ltr'><strong>menses</strong></span> <span class='ocrx_word' id='word_1_305' title='bbox 1909 926 2104 966; x_wconf 80' lang='lat' dir='ltr'><strong>egressus</strong></span> <span class='ocrx_word' id='word_1_306' title='bbox 2122 926 2208 954; x_wconf 90' lang='lat' dir='ltr'><strong>non</strong></span> 
     </span>
     <span class='ocr_line' id='line_1_62' title="bbox 1333 975 2208 1034; baseline -0.01 -11"><span class='ocrx_word' id='word_1_307' title='bbox 1333 988 1400 1023; x_wconf 91' lang='lat' dir='ltr'><strong>est</strong></span> <span class='ocrx_word' id='word_1_308' title='bbox 1430 983 1526 1022; x_wconf 87' lang='lat' dir='ltr'><strong>villa</strong></span> <span class='ocrx_word' id='word_1_309' title='bbox 1556 993 1649 1034; x_wconf 89' lang='lat' dir='ltr'><strong>quae</strong></span> <span class='ocrx_word' id='word_1_310' title='bbox 1683 984 1864 1019; x_wconf 88' lang='lat' dir='ltr'><strong>vocatur</strong></span> <span class='ocrx_word' id='word_1_311' title='bbox 1889 975 2044 1018; x_wconf 84' lang='lat' dir='ltr'><strong>Jovis.’</strong></span> <span class='ocrx_word' id='word_1_312' title='bbox 2098 976 2208 1015; x_wconf 81' lang='lat' dir='ltr'><strong>Haec</strong></span> 
     </span>
     <span class='ocr_line' id='line_1_63' title="bbox 1332 1040 2211 1094; baseline -0.01 -7"><span class='ocrx_word' id='word_1_313' title='bbox 1332 1046 1577 1087; x_wconf 89' lang='lat' dir='ltr'><strong>Suetonius.</strong></span> <span class='ocrx_word' id='word_1_314' title='bbox 1634 1045 1761 1085; x_wconf 88' lang='lat' dir='ltr'><strong>Hanc</strong></span> <span class='ocrx_word' id='word_1_315' title='bbox 1794 1043 1926 1094; x_wconf 85' lang='lat' dir='ltr'><strong>igitur</strong></span> <span class='ocrx_word' id='word_1_316' title='bbox 1950 1040 2211 1092; x_wconf 78' lang='lat' dir='ltr'><strong>conjuratio-</strong></span> 
     </span>
     <span class='ocr_line' id='line_1_64' title="bbox 1334 1102 2210 1157; baseline -0.009 -8"><span class='ocrx_word' id='word_1_317' title='bbox 1334 1121 1431 1149; x_wconf 89' lang='lat' dir='ltr'><strong>nem</strong></span> <span class='ocrx_word' id='word_1_318' title='bbox 1451 1109 1694 1149; x_wconf 90' lang='lat' dir='ltr'><strong>detestatur</strong></span> <span class='ocrx_word' id='word_1_319' title='bbox 1713 1106 1925 1156; x_wconf 83' lang='lat' dir='ltr'><strong>Valerius,</strong></span> <span class='ocrx_word' id='word_1_320' title='bbox 1958 1115 2083 1157; x_wconf 84' lang='lat' dir='ltr'><strong>quam</strong></span> <span class='ocrx_word' id='word_1_321' title='bbox 2102 1102 2210 1142; x_wconf 90' lang='lat' dir='ltr'><strong>dicit</strong></span> 
     </span>
     <span class='ocr_line' id='line_1_65' title="bbox 1334 1166 2210 1224; baseline -0.01 -12"><span class='ocrx_word' id='word_1_322' title='bbox 1334 1184 1415 1224; x_wconf 89' lang='lat' dir='ltr'><strong>per</strong></span> <span class='ocrx_word' id='word_1_323' title='bbox 1434 1171 1765 1212; x_wconf 86' lang='lat' dir='ltr'><strong>assentationem</strong></span> <span class='ocrx_word' id='word_1_324' title='bbox 1782 1169 1835 1209; x_wconf 91' lang='lat' dir='ltr'><strong>ad</strong></span> <span class='ocrx_word' id='word_1_325' title='bbox 1854 1167 2025 1207; x_wconf 89' lang='lat' dir='ltr'><strong>humani</strong></span> <span class='ocrx_word' id='word_1_326' title='bbox 2043 1166 2210 1218; x_wconf 87' lang='lat' dir='ltr'><strong>generis</strong></span> 
     </span>
     <span class='ocr_line' id='line_1_66' title="bbox 1336 1228 2211 1283; baseline -0.008 -9"><span class='ocrx_word' id='word_1_327' title='bbox 1336 1234 1597 1274; x_wconf 85' lang='lat' dir='ltr'><strong>eversionem</strong></span> <span class='ocrx_word' id='word_1_328' title='bbox 1618 1231 1919 1283; x_wconf 85' lang='lat' dir='ltr'><strong>excidiumque</strong></span> <span class='ocrx_word' id='word_1_329' title='bbox 1928 1228 2183 1282; x_wconf 88' lang='lat' dir='ltr'><strong>pertinuisse</strong></span> <span class='ocrx_word' id='word_1_330' title='bbox 2199 1241 2211 1277; x_wconf 92' lang='lat'>;</span> 
     </span>
     <span class='ocr_line' id='line_1_67' title="bbox 1337 1291 2212 1346; baseline -0.006 -11"><span class='ocrx_word' id='word_1_331' title='bbox 1337 1295 1532 1336; x_wconf 86' lang='lat' dir='ltr'><strong>extincto</strong></span> <span class='ocrx_word' id='word_1_332' title='bbox 1551 1296 1661 1335; x_wconf 91' lang='lat' dir='ltr'><strong>enim</strong></span> <span class='ocrx_word' id='word_1_333' title='bbox 1693 1295 1953 1346; x_wconf 85' lang='lat' dir='ltr'><strong>imperatore</strong></span> <span class='ocrx_word' id='word_1_334' title='bbox 1974 1291 2165 1342; x_wconf 83' lang='lat' dir='ltr'><strong>Tiberio,</strong></span> <span class='ocrx_word' id='word_1_335' title='bbox 2186 1303 2212 1330; x_wconf 91' lang='lat' dir='ltr'><strong>a</strong></span> 
     </span>
     <span class='ocr_line' id='line_1_68' title="bbox 1337 1354 2212 1411; baseline -0.006 -13"><span class='ocrx_word' id='word_1_336' title='bbox 1337 1371 1420 1411; x_wconf 92' lang='lat' dir='ltr'><strong>quo</strong></span> <span class='ocrx_word' id='word_1_337' title='bbox 1438 1370 1569 1410; x_wconf 88' lang='lat' dir='ltr'><strong>genus</strong></span> <span class='ocrx_word' id='word_1_338' title='bbox 1600 1359 1829 1397; x_wconf 90' lang='lat' dir='ltr'><strong>humanum</strong></span> <span class='ocrx_word' id='word_1_339' title='bbox 1857 1360 2096 1407; x_wconf 89' lang='lat' dir='ltr'><strong>regeretur,</strong></span> <span class='ocrx_word' id='word_1_340' title='bbox 2123 1354 2166 1394; x_wconf 83' lang='lat' dir='ltr'><strong>id</strong></span> <span class='ocrx_word' id='word_1_341' title='bbox 2187 1368 2212 1394; x_wconf 89' lang='lat' dir='ltr'><strong>a</strong></span> 
     </span>
     <span class='ocr_line' id='line_1_69' title="bbox 1336 1417 2211 1472; baseline -0.005 -11"><span class='ocrx_word' id='word_1_342' title='bbox 1336 1417 1455 1461; x_wconf 82' lang='lat' dir='ltr'><strong>tanto</strong></span> <span class='ocrx_word' id='word_1_343' title='bbox 1470 1421 1731 1472; x_wconf 84' lang='lat' dir='ltr'><strong>imperatore</strong></span> <span class='ocrx_word' id='word_1_344' title='bbox 1745 1419 1957 1459; x_wconf 85' lang='lat' dir='ltr'><strong>desertum</strong></span> <span class='ocrx_word' id='word_1_345' title='bbox 1975 1417 2211 1470; x_wconf 80' lang='lat' dir='ltr'><strong>periturum</strong></span> 
     </span>
     <span class='ocr_line' id='line_1_70' title="bbox 1338 1484 1839 1526; baseline -0.004 -1"><span class='ocrx_word' id='word_1_346' title='bbox 1338 1497 1431 1525; x_wconf 89' lang='lat' dir='ltr'><strong>esse</strong></span> <span class='ocrx_word' id='word_1_347' title='bbox 1452 1485 1687 1526; x_wconf 87' lang='lat' dir='ltr'><strong>videbatur.</strong></span> <span class='ocrx_word' id='word_1_348' title='bbox 1717 1484 1839 1523; x_wconf 87' lang='lat' dir='ltr'><strong>Idem.</strong></span> 
     </span>
    </p>

    <p class='ocr_par' dir='ltr' id='par_1_9' title="bbox 1338 1542 2218 1979">
     <span class='ocr_line' id='line_1_71' title="bbox 1397 1542 2211 1599; baseline -0.006 -12"><span class='ocrx_word' id='word_1_349' title='bbox 1397 1547 1522 1588; x_wconf 78' lang='lat' dir='ltr'><strong>Unius</strong></span> <span class='ocrx_word' id='word_1_350' title='bbox 1549 1546 1760 1599; x_wconf 78' lang='lat' dir='ltr'><strong>parricidii</strong></span> <span class='ocrx_word' id='word_1_351' title='bbox 1794 1542 2052 1596; x_wconf 75' lang='lat' dir='ltr'><strong>cogitatione]</strong></span> <span class='ocrx_word' id='word_1_352' title='bbox 2086 1542 2211 1582; x_wconf 82' lang='lat' dir='ltr'><strong>&#39;ribe-</strong></span> 
     </span>
     <span class='ocr_line' id='line_1_72' title="bbox 1338 1604 2215 1662; baseline -0.009 -11"><span class='ocrx_word' id='word_1_353' title='bbox 1338 1611 1447 1652; x_wconf 87' lang='lat' dir='ltr'><strong>rium</strong></span> <span class='ocrx_word' id='word_1_354' title='bbox 1467 1611 1674 1662; x_wconf 88' lang='lat' dir='ltr'><strong>intellige,</strong></span> <span class='ocrx_word' id='word_1_355' title='bbox 1705 1621 1832 1661; x_wconf 90' lang='lat' dir='ltr'><strong>quem</strong></span> <span class='ocrx_word' id='word_1_356' title='bbox 1858 1607 2038 1659; x_wconf 79' lang='lat' dir='ltr'><strong>Sejanus</strong></span> <span class='ocrx_word' id='word_1_357' title='bbox 2055 1604 2215 1645; x_wconf 87' lang='lat' dir='ltr'><strong>interfi-</strong></span> 
     </span>
     <span class='ocr_line' id='line_1_73' title="bbox 1340 1671 2215 1717; baseline -0.008 -1"><span class='ocrx_word' id='word_1_358' title='bbox 1340 1688 1439 1717; x_wconf 92' lang='lat' dir='ltr'><strong>cere</strong></span> <span class='ocrx_word' id='word_1_359' title='bbox 1473 1675 1621 1715; x_wconf 83' lang='lat' dir='ltr'><strong>voluit.</strong></span> <span class='ocrx_word' id='word_1_360' title='bbox 1677 1674 1855 1714; x_wconf 85' lang='lat' dir='ltr'><strong>Sueton.</strong></span> <span class='ocrx_word' id='word_1_361' title='bbox 1891 1673 1935 1713; x_wconf 88' lang='lat' dir='ltr'><strong>in</strong></span> <span class='ocrx_word' id='word_1_362' title='bbox 1967 1671 2064 1712; x_wconf 84' lang='lat' dir='ltr'><strong>Tib.</strong></span> <span class='ocrx_word' id='word_1_363' title='bbox 2097 1671 2215 1712; x_wconf 91' lang='lat' dir='ltr'><strong>Dion</strong></span> 
     </span>
     <span class='ocr_line' id='line_1_74' title="bbox 1340 1730 2213 1786; baseline -0.008 -6"><span class='ocrx_word' id='word_1_364' title='bbox 1340 1741 1414 1781; x_wconf 89' lang='lat' dir='ltr'><strong>lib.</strong></span> <span class='ocrx_word' id='word_1_365' title='bbox 1448 1750 1560 1780; x_wconf 78' lang='lat' dir='ltr'><strong>Lvn.</strong></span> <span class='ocrx_word' id='word_1_366' title='bbox 1605 1738 1786 1778; x_wconf 88' lang='lat' dir='ltr'><strong>Tacitus</strong></span> <span class='ocrx_word' id='word_1_367' title='bbox 1811 1736 1885 1776; x_wconf 88' lang='lat' dir='ltr'><strong>lib.</strong></span> <span class='ocrx_word' id='word_1_368' title='bbox 1906 1746 1959 1775; x_wconf 64' lang='lat' dir='ltr'><strong>v.</strong></span> <span class='ocrx_word' id='word_1_369' title='bbox 1998 1730 2213 1786; x_wconf 68' lang='lat' dir='ltr'><strong>,Iosephus</strong></span> 
     </span>
     <span class='ocr_line' id='line_1_75' title="bbox 1341 1795 2216 1851; baseline -0.008 -9"><span class='ocrx_word' id='word_1_370' title='bbox 1341 1802 1452 1842; x_wconf 88' lang='lat' dir='ltr'><strong>libro</strong></span> <span class='ocrx_word' id='word_1_371' title='bbox 1473 1812 1612 1842; x_wconf 78' lang='lat' dir='ltr'><strong>xvru.</strong></span> <span class='ocrx_word' id='word_1_372' title='bbox 1627 1812 1720 1851; x_wconf 86' lang='lat' dir='ltr'><strong>cap.</strong></span> <span class='ocrx_word' id='word_1_373' title='bbox 1737 1802 1804 1839; x_wconf 78' lang='lat'><strong>13.</strong></span> <span class='ocrx_word' id='word_1_374' title='bbox 1819 1798 1902 1838; x_wconf 90' lang='lat' dir='ltr'><strong>etsi</strong></span> <span class='ocrx_word' id='word_1_375' title='bbox 1914 1797 1957 1837; x_wconf 91' lang='lat' dir='ltr'><strong>in</strong></span> <span class='ocrx_word' id='word_1_376' title='bbox 1972 1795 2216 1848; x_wconf 85' lang='lat' dir='ltr'><strong>Angustum</strong></span> 
     </span>
     <span class='ocr_line' id='line_1_76' title="bbox 1342 1858 2218 1914; baseline -0.009 -10"><span class='ocrx_word' id='word_1_377' title='bbox 1342 1865 1473 1904; x_wconf 84' lang='lat' dir='ltr'><strong>etiam</strong></span> <span class='ocrx_word' id='word_1_378' title='bbox 1518 1863 1822 1914; x_wconf 83' lang='lat' dir='ltr'><strong>conjurarunt3</strong></span> <span class='ocrx_word' id='word_1_379' title='bbox 1869 1860 2004 1911; x_wconf 91' lang='lat' dir='ltr'><strong>Dion,</strong></span> <span class='ocrx_word' id='word_1_380' title='bbox 2028 1858 2218 1908; x_wconf 83' lang='lat' dir='ltr'><strong>Tacitus,</strong></span> 
     </span>
     <span class='ocr_line' id='line_1_77' title="bbox 1340 1924 2002 1979; baseline -0.011 -10"><span class='ocrx_word' id='word_1_381' title='bbox 1340 1929 1520 1979; x_wconf 80' lang='lat' dir='ltr'><strong>Seneca,</strong></span> <span class='ocrx_word' id='word_1_382' title='bbox 1535 1927 1805 1967; x_wconf 85' lang='lat' dir='ltr'><strong>Paterculus.</strong></span> <span class='ocrx_word' id='word_1_383' title='bbox 1835 1924 2002 1964; x_wconf 84' lang='lat' dir='ltr'><strong>Corrad.</strong></span> 
     </span>
    </p>

    <p class='ocr_par' dir='ltr' id='par_1_10' title="bbox 1343 1985 2227 3539">
     <span class='ocr_line' id='line_1_78' title="bbox 1402 1985 2218 2038; baseline -0.01 -7"><span class='ocrx_word' id='word_1_384' title='bbox 1402 1991 1545 2031; x_wconf 83' lang='lat' dir='ltr'><strong>Urbem</strong></span> <span class='ocrx_word' id='word_1_385' title='bbox 1579 2003 1605 2029; x_wconf 87' lang='lat' dir='ltr'><strong>a</strong></span> <span class='ocrx_word' id='word_1_386' title='bbox 1639 1988 1770 2028; x_wconf 82' lang='lat' dir='ltr'><strong>Gallis</strong></span> <span class='ocrx_word' id='word_1_387' title='bbox 1797 1985 1970 2038; x_wconf 80' lang='lat' dir='ltr'><strong>captam]</strong></span> <span class='ocrx_word' id='word_1_388' title='bbox 2002 1985 2120 2025; x_wconf 89' lang='lat' dir='ltr'><strong>Nota</strong></span> <span class='ocrx_word' id='word_1_389' title='bbox 2151 1989 2218 2024; x_wconf 88' lang='lat' dir='ltr'><strong>est</strong></span> 
     </span>
     <span class='ocr_line' id='line_1_79' title="bbox 1343 2045 2219 2105; baseline -0.009 -12"><span class='ocrx_word' id='word_1_390' title='bbox 1343 2054 1536 2104; x_wconf 87' lang='lat' dir='ltr'><strong>historia,</strong></span> <span class='ocrx_word' id='word_1_391' title='bbox 1552 2050 1765 2105; x_wconf 89' lang='lat' dir='ltr'><strong>quomodo</strong></span> <span class='ocrx_word' id='word_1_392' title='bbox 1778 2050 1950 2089; x_wconf 91' lang='lat' dir='ltr'><strong>Brenno</strong></span> <span class='ocrx_word' id='word_1_393' title='bbox 1965 2047 2074 2088; x_wconf 91' lang='lat' dir='ltr'><strong>duce</strong></span> <span class='ocrx_word' id='word_1_394' title='bbox 2086 2045 2219 2098; x_wconf 81' lang='lat' dir='ltr'><strong>Galli,</strong></span> 
     </span>
     <span class='ocr_line' id='line_1_80' title="bbox 1344 2110 2219 2166; baseline -0.007 -12"><span class='ocrx_word' id='word_1_395' title='bbox 1344 2115 1440 2156; x_wconf 85' lang='lat' dir='ltr'><strong>fuso</strong></span> <span class='ocrx_word' id='word_1_396' title='bbox 1457 2115 1692 2166; x_wconf 85' lang='lat' dir='ltr'><strong>fugatoque</strong></span> <span class='ocrx_word' id='word_1_397' title='bbox 1717 2111 1832 2164; x_wconf 88' lang='lat' dir='ltr'><strong>apud</strong></span> <span class='ocrx_word' id='word_1_398' title='bbox 1848 2111 2007 2151; x_wconf 86' lang='lat' dir='ltr'><strong>Alliam</strong></span> <span class='ocrx_word' id='word_1_399' title='bbox 2024 2110 2219 2150; x_wconf 82' lang='lat' dir='ltr'><strong>exercitu</strong></span> 
     </span>
     <span class='ocr_line' id='line_1_81' title="bbox 1345 2176 2220 2229; baseline -0.008 -10"><span class='ocrx_word' id='word_1_400' title='bbox 1345 2180 1551 2229; x_wconf 89' lang='lat' dir='ltr'><strong>Romano,</strong></span> <span class='ocrx_word' id='word_1_401' title='bbox 1577 2176 1728 2216; x_wconf 86' lang='lat' dir='ltr'><strong>urbem</strong></span> <span class='ocrx_word' id='word_1_402' title='bbox 1756 2178 1979 2226; x_wconf 88' lang='lat' dir='ltr'><strong>ceperunt,</strong></span> <span class='ocrx_word' id='word_1_403' title='bbox 2009 2177 2054 2212; x_wconf 90' lang='lat' dir='ltr'><strong>et</strong></span> <span class='ocrx_word' id='word_1_404' title='bbox 2085 2177 2220 2213; x_wconf 85' lang='lat' dir='ltr'><strong>totam</strong></span> 
     </span>
     <span class='ocr_line' id='line_1_82' title="bbox 1345 2234 2222 2294; baseline -0.008 -12"><span class='ocrx_word' id='word_1_405' title='bbox 1345 2246 1506 2294; x_wconf 82' lang='lat' dir='ltr'><strong>praeter</strong></span> <span class='ocrx_word' id='word_1_406' title='bbox 1533 2238 1792 2291; x_wconf 89' lang='lat' dir='ltr'><strong>Capitolium</strong></span> <span class='ocrx_word' id='word_1_407' title='bbox 1820 2235 1991 2277; x_wconf 89' lang='lat' dir='ltr'><strong>flamma</strong></span> <span class='ocrx_word' id='word_1_408' title='bbox 2019 2234 2222 2288; x_wconf 84' lang='lat' dir='ltr'><strong>ferroque</strong></span> 
     </span>
     <span class='ocr_line' id='line_1_83' title="bbox 1345 2298 2223 2343; baseline -0.007 0"><span class='ocrx_word' id='word_1_409' title='bbox 1345 2308 1588 2343; x_wconf 82' lang='lat' dir='ltr'><strong>vastarunt.</strong></span> <span class='ocrx_word' id='word_1_410' title='bbox 1620 2301 1771 2342; x_wconf 84' lang='lat' dir='ltr'><strong>Oliver.</strong></span> <span class='ocrx_word' id='word_1_411' title='bbox 1850 2299 1993 2340; x_wconf 82' lang='lat' dir='ltr'><strong>Urbem</strong></span> <span class='ocrx_word' id='word_1_412' title='bbox 2025 2311 2051 2338; x_wconf 82' lang='lat' dir='ltr'><strong>a</strong></span> <span class='ocrx_word' id='word_1_413' title='bbox 2090 2298 2223 2338; x_wconf 77' lang='lat' dir='ltr'><strong>Gallis</strong></span> 
     </span>
     <span class='ocr_line' id='line_1_84' title="bbox 1346 2361 2224 2416; baseline -0.006 -11"><span class='ocrx_word' id='word_1_414' title='bbox 1346 2370 1516 2416; x_wconf 80' lang='lat' dir='ltr'><strong>captam,</strong></span> <span class='ocrx_word' id='word_1_415' title='bbox 1545 2368 1585 2405; x_wconf 84' lang='lat' dir='ltr'><strong>et</strong></span> <span class='ocrx_word' id='word_1_416' title='bbox 1616 2368 1872 2405; x_wconf 79' lang='lat' dir='ltr'><strong>trecentorum</strong></span> <span class='ocrx_word' id='word_1_417' title='bbox 1904 2363 2064 2414; x_wconf 63' lang='lat' dir='ltr'><strong>inclytae</strong></span> <span class='ocrx_word' id='word_1_418' title='bbox 2091 2361 2224 2411; x_wconf 80' lang='lat' dir='ltr'><strong>gentis</strong></span> 
     </span>
     <span class='ocr_line' id='line_1_85' title="bbox 1347 2425 2224 2477; baseline -0.005 -10"><span class='ocrx_word' id='word_1_419' title='bbox 1347 2428 1520 2467; x_wconf 84' lang='lat' dir='ltr'><strong>virorum</strong></span> <span class='ocrx_word' id='word_1_420' title='bbox 1550 2431 1684 2476; x_wconf 79' lang='lat' dir='ltr'><strong>strage</strong></span> <span class='ocrx_word' id='word_1_421' title='bbox 1705 2426 1913 2477; x_wconf 78' lang='lat' dir='ltr'><strong>soedatam,</strong></span> <span class='ocrx_word' id='word_1_422' title='bbox 1936 2425 2148 2465; x_wconf 76' lang='lat' dir='ltr'><strong>Alliensem</strong></span> <span class='ocrx_word' id='word_1_423' title='bbox 2165 2425 2224 2463; x_wconf 81' lang='grc' dir='ltr'><strong>ἀι·-</strong></span> 
     </span>
     <span class='ocr_line' id='line_1_86' title="bbox 1349 2485 2223 2541; baseline -0.007 -11"><span class='ocrx_word' id='word_1_424' title='bbox 1349 2490 1428 2541; x_wconf 87' lang='lat' dir='ltr'><strong>em]</strong></span> <span class='ocrx_word' id='word_1_425' title='bbox 1472 2490 1545 2529; x_wconf 89' lang='lat' dir='ltr'><strong>Ita</strong></span> <span class='ocrx_word' id='word_1_426' title='bbox 1582 2490 1724 2540; x_wconf 87' lang='lat' dir='ltr'><strong>vulgo.</strong></span> <span class='ocrx_word' id='word_1_427' title='bbox 1777 2488 1830 2528; x_wconf 91' lang='lat' dir='ltr'><strong>In</strong></span> <span class='ocrx_word' id='word_1_428' title='bbox 1859 2485 2078 2527; x_wconf 85' lang='lat' dir='ltr'><strong>veteribus</strong></span> <span class='ocrx_word' id='word_1_429' title='bbox 2101 2485 2223 2525; x_wconf 88' lang='lat' dir='ltr'><strong>libris</strong></span> 
     </span>
     <span class='ocr_line' id='line_1_87' title="bbox 1348 2549 2227 2603; baseline -0.002 -11"><span class='ocrx_word' id='word_1_430' title='bbox 1348 2552 1549 2603; x_wconf 87' lang='lat' dir='ltr'><strong>habetur,</strong></span> <span class='ocrx_word' id='word_1_431' title='bbox 1596 2556 1731 2602; x_wconf 80' lang='lat' dir='ltr'><strong>strage</strong></span> <span class='ocrx_word' id='word_1_432' title='bbox 1765 2551 1974 2602; x_wconf 78' lang='lat' dir='ltr'><strong>soedatum,</strong></span> <span class='ocrx_word' id='word_1_433' title='bbox 2018 2549 2227 2590; x_wconf 70' lang='lat' dir='ltr'><strong>Alliensem</strong></span> 
     </span>
     <span class='ocr_line' id='line_1_88' title="bbox 1349 2610 2226 2666; baseline -0.005 -12"><span class='ocrx_word' id='word_1_434' title='bbox 1349 2615 1465 2661; x_wconf 85' lang='lat' dir='ltr'><strong>diem,</strong></span> <span class='ocrx_word' id='word_1_435' title='bbox 1503 2618 1606 2655; x_wconf 84' lang='lat' dir='ltr'><strong>recte</strong></span> <span class='ocrx_word' id='word_1_436' title='bbox 1651 2612 1910 2666; x_wconf 78' lang='lat' dir='ltr'><strong>dispunctatis</strong></span> <span class='ocrx_word' id='word_1_437' title='bbox 1953 2611 2046 2651; x_wconf 74' lang='lat' dir='ltr'><strong>locis</strong></span> <span class='ocrx_word' id='word_1_438' title='bbox 2057 2624 2075 2659; x_wconf 79' lang='grc'><strong>,-</strong></span> <span class='ocrx_word' id='word_1_439' title='bbox 2095 2631 2097 2633; x_wconf 95' lang='grc'>-</span> <span class='ocrx_word' id='word_1_440' title='bbox 2119 2610 2226 2651; x_wconf 90' lang='lat' dir='ltr'><strong>licet</strong></span> 
     </span>
     <span class='ocr_line' id='line_1_89' title="bbox 1349 2673 2226 2728; baseline -0.006 -11"><span class='ocrx_word' id='word_1_441' title='bbox 1349 2678 1551 2717; x_wconf 87' lang='lat' dir='ltr'><strong>mendose</strong></span> <span class='ocrx_word' id='word_1_442' title='bbox 1569 2677 1774 2728; x_wconf 88' lang='lat' dir='ltr'><strong>scriptum</strong></span> <span class='ocrx_word' id='word_1_443' title='bbox 1786 2676 1858 2727; x_wconf 89' lang='lat' dir='ltr'><strong>sit,</strong></span> <span class='ocrx_word' id='word_1_444' title='bbox 1873 2679 2007 2725; x_wconf 79' lang='lat' dir='ltr'><strong>strage</strong></span> <span class='ocrx_word' id='word_1_445' title='bbox 2014 2673 2226 2724; x_wconf 69' lang='lat' dir='ltr'><strong>foedatum,</strong></span> 
     </span>
     <span class='ocr_line' id='line_1_90' title="bbox 1349 2734 2226 2789; baseline -0.006 -9"><span class='ocrx_word' id='word_1_446' title='bbox 1349 2752 1448 2780; x_wconf 89' lang='lat' dir='ltr'><strong>cum</strong></span> <span class='ocrx_word' id='word_1_447' title='bbox 1485 2739 1646 2779; x_wconf 72' lang='lat' dir='ltr'><strong>del-eat</strong></span> <span class='ocrx_word' id='word_1_448' title='bbox 1679 2738 1824 2789; x_wconf 85' lang='lat' dir='ltr'><strong>scribi,</strong></span> <span class='ocrx_word' id='word_1_449' title='bbox 1863 2741 2038 2786; x_wconf 72' lang='lat' dir='ltr'><strong>stragem</strong></span> <span class='ocrx_word' id='word_1_450' title='bbox 2059 2734 2226 2781; x_wconf 82' lang='lat' dir='ltr'><strong>foedam.</strong></span> 
     </span>
     <span class='ocr_line' id='line_1_91' title="bbox 1351 2798 2225 2853; baseline -0.006 -11"><span class='ocrx_word' id='word_1_451' title='bbox 1351 2803 1534 2843; x_wconf 85' lang='lat' dir='ltr'><strong>Constat</strong></span> <span class='ocrx_word' id='word_1_452' title='bbox 1553 2802 1664 2841; x_wconf 85' lang='lat' dir='ltr'><strong>enim</strong></span> <span class='ocrx_word' id='word_1_453' title='bbox 1691 2802 1831 2853; x_wconf 91' lang='lat' dir='ltr'><strong>ipsum</strong></span> <span class='ocrx_word' id='word_1_454' title='bbox 1865 2799 1981 2852; x_wconf 84' lang='lat' dir='ltr'><strong>loqui</strong></span> <span class='ocrx_word' id='word_1_455' title='bbox 2010 2798 2122 2838; x_wconf 87' lang='lat' dir='ltr'><strong>velle</strong></span> <span class='ocrx_word' id='word_1_456' title='bbox 2139 2808 2225 2837; x_wconf 89' lang='lat' dir='ltr'><strong>non</strong></span> 
     </span>
     <span class='ocr_line' id='line_1_92' title="bbox 1350 2861 2225 2915; baseline -0.006 -11"><span class='ocrx_word' id='word_1_457' title='bbox 1350 2864 1405 2905; x_wconf 88' lang='lat' dir='ltr'><strong>de</strong></span> <span class='ocrx_word' id='word_1_458' title='bbox 1424 2864 1606 2903; x_wconf 87' lang='lat' dir='ltr'><strong>Alliensi</strong></span> <span class='ocrx_word' id='word_1_459' title='bbox 1625 2863 1792 2915; x_wconf 86' lang='lat' dir='ltr'><strong>proelio,</strong></span> <span class='ocrx_word' id='word_1_460' title='bbox 1812 2861 1889 2902; x_wconf 87' lang='lat' dir='ltr'><strong>sed</strong></span> <span class='ocrx_word' id='word_1_461' title='bbox 1903 2861 1959 2902; x_wconf 91' lang='lat' dir='ltr'><strong>de</strong></span> <span class='ocrx_word' id='word_1_462' title='bbox 1978 2861 2225 2901; x_wconf 86' lang='lat' dir='ltr'><strong>Cremeren-</strong></span> 
     </span>
     <span class='ocr_line' id='line_1_93' title="bbox 1350 2922 2226 2978; baseline -0.005 -12"><span class='ocrx_word' id='word_1_463' title='bbox 1350 2927 1402 2978; x_wconf 87' lang='lat' dir='ltr'><strong>si,</strong></span> <span class='ocrx_word' id='word_1_464' title='bbox 1438 2927 1482 2966; x_wconf 92' lang='lat' dir='ltr'><strong>in</strong></span> <span class='ocrx_word' id='word_1_465' title='bbox 1519 2938 1601 2978; x_wconf 89' lang='lat' dir='ltr'><strong>quo</strong></span> <span class='ocrx_word' id='word_1_466' title='bbox 1635 2924 1820 2965; x_wconf 88' lang='lat' dir='ltr'><strong>trecenti</strong></span> <span class='ocrx_word' id='word_1_467' title='bbox 1857 2922 2049 2975; x_wconf 89' lang='lat' dir='ltr'><strong>ejusdem</strong></span> <span class='ocrx_word' id='word_1_468' title='bbox 2087 2923 2226 2974; x_wconf 79' lang='lat' dir='ltr'><strong>gentis</strong></span> 
     </span>
     <span class='ocr_line' id='line_1_94' title="bbox 1348 2986 2225 3038; baseline -0.003 -8"><span class='ocrx_word' id='word_1_469' title='bbox 1348 2990 1515 3033; x_wconf 89' lang='lat' dir='ltr'><strong>nobiles</strong></span> <span class='ocrx_word' id='word_1_470' title='bbox 1552 2989 1675 3029; x_wconf 81' lang='lat' dir='ltr'><strong>Fabii</strong></span> <span class='ocrx_word' id='word_1_471' title='bbox 1709 2987 1923 3029; x_wconf 88' lang='lat' dir='ltr'><strong>cecidere.</strong></span> <span class='ocrx_word' id='word_1_472' title='bbox 1977 2986 2225 3038; x_wconf 85' lang='lat' dir='ltr'><strong>Legendum</strong></span> 
     </span>
     <span class='ocr_line' id='line_1_95' title="bbox 1350 3050 2225 3105; baseline -0.005 -12"><span class='ocrx_word' id='word_1_473' title='bbox 1350 3053 1497 3105; x_wconf 88' lang='lat' dir='ltr'><strong>itaque</strong></span> <span class='ocrx_word' id='word_1_474' title='bbox 1516 3052 1740 3092; x_wconf 83' lang='lat' dir='ltr'><strong>existimo:</strong></span> <span class='ocrx_word' id='word_1_475' title='bbox 1779 3051 1922 3091; x_wconf 85' lang='lat' dir='ltr'><strong>Urbem</strong></span> <span class='ocrx_word' id='word_1_476' title='bbox 1938 3063 1964 3090; x_wconf 85' lang='lat' dir='ltr'><strong>a</strong></span> <span class='ocrx_word' id='word_1_477' title='bbox 1985 3050 2116 3090; x_wconf 83' lang='lat' dir='ltr'><strong>Gallis</strong></span> <span class='ocrx_word' id='word_1_478' title='bbox 2135 3053 2225 3100; x_wconf 77' lang='lat' dir='ltr'><strong>cap·</strong></span> 
     </span>
     <span class='ocr_line' id='line_1_96' title="bbox 1352 3110 2227 3166; baseline -0.007 -10"><span class='ocrx_word' id='word_1_479' title='bbox 1352 3119 1449 3166; x_wconf 81' lang='lat' dir='ltr'><strong>tam,</strong></span> <span class='ocrx_word' id='word_1_480' title='bbox 1469 3119 1509 3155; x_wconf 84' lang='lat' dir='ltr'><strong>et</strong></span> <span class='ocrx_word' id='word_1_481' title='bbox 1527 3118 1787 3154; x_wconf 79' lang='lat' dir='ltr'><strong>trecentorum</strong></span> <span class='ocrx_word' id='word_1_482' title='bbox 1803 3113 1961 3165; x_wconf 69' lang='lat' dir='ltr'><strong>inclyta</strong></span> <span class='ocrx_word' id='word_1_483' title='bbox 1973 3110 2106 3162; x_wconf 79' lang='lat' dir='ltr'><strong>gentis</strong></span> <span class='ocrx_word' id='word_1_484' title='bbox 2122 3115 2227 3150; x_wconf 80' lang='lat' dir='ltr'><strong>stra·</strong></span> 
     </span>
     <span class='ocr_line' id='line_1_97' title="bbox 1349 3170 2225 3229; baseline -0.007 -11"><span class='ocrx_word' id='word_1_485' title='bbox 1349 3190 1440 3229; x_wconf 86' lang='lat' dir='ltr'><strong>gem</strong></span> <span class='ocrx_word' id='word_1_486' title='bbox 1447 3177 1614 3228; x_wconf 82' lang='lat' dir='ltr'><strong>soedam,</strong></span> <span class='ocrx_word' id='word_1_487' title='bbox 1631 3170 1844 3217; x_wconf 82' lang='lat' dir='ltr'><strong>Alliensem</strong></span> <span class='ocrx_word' id='word_1_488' title='bbox 1861 3175 1964 3214; x_wconf 82' lang='lat' dir='ltr'><strong>diem</strong></span> <span class='ocrx_word' id='word_1_489' title='bbox 1979 3178 2022 3214; x_wconf 81' lang='lat' dir='ltr'><strong>et</strong></span> <span class='ocrx_word' id='word_1_490' title='bbox 2031 3184 2225 3224; x_wconf 82' lang='lat' dir='ltr'><strong>oppressos</strong></span> 
     </span>
     <span class='ocr_line' id='line_1_98' title="bbox 1350 3235 2225 3291; baseline -0.007 -11"><span class='ocrx_word' id='word_1_491' title='bbox 1350 3241 1394 3282; x_wconf 82' lang='lat' dir='ltr'><strong>in</strong></span> <span class='ocrx_word' id='word_1_492' title='bbox 1437 3240 1640 3291; x_wconf 77' lang='lat' dir='ltr'><strong>Hispania</strong></span> <span class='ocrx_word' id='word_1_493' title='bbox 1675 3238 1892 3289; x_wconf 80' lang='lat' dir='ltr'><strong>Scipiones,</strong></span> <span class='ocrx_word' id='word_1_494' title='bbox 1935 3235 2225 3276; x_wconf 70' lang='lat' dir='ltr'><strong>Thrasimenum</strong></span> 
     </span>
     <span class='ocr_line' id='line_1_99' title="bbox 1351 3297 2224 3353; baseline -0.005 -10"><span class='ocrx_word' id='word_1_495' title='bbox 1351 3303 1491 3353; x_wconf 74' lang='lat' dir='ltr'><strong>lacum,</strong></span> <span class='ocrx_word' id='word_1_496' title='bbox 1522 3306 1560 3341; x_wconf 80' lang='lat' dir='ltr'><strong>et</strong></span> <span class='ocrx_word' id='word_1_497' title='bbox 1597 3301 1768 3351; x_wconf 79' lang='lat' dir='ltr'><strong>Cannas,</strong></span> <span class='ocrx_word' id='word_1_498' title='bbox 1795 3302 1862 3351; x_wconf 58' lang='lat' dir='ltr'><strong>&amp;aa</strong></span> <span class='ocrx_word' id='word_1_499' title='bbox 1917 3298 2081 3338; x_wconf 86' lang='lat' dir='ltr'><strong>Omnes</strong></span> <span class='ocrx_word' id='word_1_500' title='bbox 2111 3297 2224 3339; x_wconf 83' lang='lat' dir='ltr'><strong>enim</strong></span> 
     </span>
     <span class='ocr_line' id='line_1_100' title="bbox 1350 3359 2224 3416; baseline -0.008 -11"><span class='ocrx_word' id='word_1_501' title='bbox 1350 3366 1450 3405; x_wconf 88' lang='lat' dir='ltr'><strong>istic</strong></span> <span class='ocrx_word' id='word_1_502' title='bbox 1485 3364 1738 3416; x_wconf 79' lang='lat' dir='ltr'><strong>insigniores</strong></span> <span class='ocrx_word' id='word_1_503' title='bbox 1766 3361 1915 3414; x_wconf 90' lang='lat' dir='ltr'><strong>populi</strong></span> <span class='ocrx_word' id='word_1_504' title='bbox 1941 3359 2121 3400; x_wconf 85' lang='lat' dir='ltr'><strong>Romani</strong></span> <span class='ocrx_word' id='word_1_505' title='bbox 2140 3359 2224 3400; x_wconf 85' lang='lat' dir='ltr'><strong>ela-</strong></span> 
     </span>
     <span class='ocr_line' id='line_1_101' title="bbox 1352 3427 2222 3477; baseline -0.009 -9"><span class='ocrx_word' id='word_1_506' title='bbox 1352 3429 1426 3468; x_wconf 85' lang='lat' dir='ltr'><strong>des</strong></span> <span class='ocrx_word' id='word_1_507' title='bbox 1460 3428 1572 3468; x_wconf 92' lang='lat' dir='ltr'><strong>bello</strong></span> <span class='ocrx_word' id='word_1_508' title='bbox 1607 3430 1810 3477; x_wconf 87' lang='lat' dir='ltr'><strong>acceptas</strong></span> <span class='ocrx_word' id='word_1_509' title='bbox 1846 3427 2082 3474; x_wconf 85' lang='lat' dir='ltr'><strong>enumerat,</strong></span> <span class='ocrx_word' id='word_1_510' title='bbox 2118 3433 2222 3474; x_wconf 80' lang='lat' dir='ltr'><strong>quas</strong></span> 
     </span>
     <span class='ocr_line' id='line_1_102' title="bbox 1353 3485 2222 3539; baseline -0.01 -7"><span class='ocrx_word' id='word_1_511' title='bbox 1353 3503 1437 3533; x_wconf 87' lang='lat' dir='ltr'><strong>una</strong></span> <span class='ocrx_word' id='word_1_512' title='bbox 1463 3489 1622 3533; x_wconf 84' lang='lat' dir='ltr'><strong>furiosa</strong></span> <span class='ocrx_word' id='word_1_513' title='bbox 1650 3487 1908 3539; x_wconf 84' lang='lat' dir='ltr'><strong>cogitatione</strong></span> <span class='ocrx_word' id='word_1_514' title='bbox 1934 3485 2133 3536; x_wconf 85' lang='lat' dir='ltr'><strong>sejanum</strong></span> <span class='ocrx_word' id='word_1_515' title='bbox 2161 3494 2222 3526; x_wconf 82' lang='lat' dir='ltr'><strong>re·</strong></span> 
     </span>
    </p>
   </div>
  </div>
 </body>
</html>
