2320 4004
367 283 510 336 1122

358 410 565 464 ,Capitolii
583 419 728 450 saxum
755 405 1052 454 remansisset3
1089 417 1234 446 neces-

366 475 495 514 sitate
513 472 660 511 ultima
690 467 887 508 Camillus
915 466 1064 506 absens
1083 467 1234 507 Dicta-

364 544 434 579 tor
465 538 618 577 iterum
647 534 797 583 dictus,
815 532 1038 582 recollegit
1069 532 1234 573 laceras

365 601 545 642 Romani
570 596 781 638 exercitus
809 595 1025 647 reliquias,
1046 601 1093 636 et
1116 597 1235 648 turpi

364 661 655 712 redemptione
675 657 844 697 turbata
869 658 913 697 in
932 658 1026 710 ipsa
1052 659 1235 711 primum

366 726 486 776 urbe,
503 735 600 762 mox
619 726 742 761 extra
759 720 907 760 urbem
928 733 1022 761 cum
1041 722 1235 762 hostibus

365 787 533 827 fortiter
564 783 834 836 feliciterque
860 784 1083 837 pugnavit.
1138 785 1235 827 Quo

361 850 404 889 in
437 847 587 899 proelio
617 857 695 886 nec
727 845 846 898 fuga,
879 859 960 888 nec
993 848 1234 900 captivitas,

362 910 435 950 sed
453 911 541 949 sola
558 908 742 949 hostium
762 914 924 961 strages
941 908 1040 960 fuit,
1059 923 1111 950 ne
1131 923 1236 951 nun-

361 974 422 1014 tio
455 972 623 1026 quidem
657 977 792 1012 tantae
819 971 952 1012 caedis
985 974 1233 1025 superstite.

359 1037 510 1076 Victor
538 1035 755 1086 Camillus,
773 1039 820 1076 et
845 1035 1056 1075 secundus
1087 1037 1237 1076 Roma-

360 1110 427 1137 nae
451 1097 565 1138 urbis
599 1095 794 1136 conditor
827 1096 968 1147 pictus
995 1102 1078 1148 est,
1097 1109 1235 1138 serva-

361 1165 531 1213 tamque
550 1159 591 1199 in
612 1158 791 1210 patriam
822 1158 979 1211 insigni
1009 1160 1137 1201 rediit
1162 1161 1236 1200 tri-

359 1224 528 1276 umpho.
581 1222 721 1263 Multa
735 1227 952 1274 praeterea
966 1223 1080 1264 bella
1092 1224 1239 1276 gessit,

358 1286 511 1338 multas
527 1284 743 1335 victorias,
755 1285 910 1325 multos
922 1285 1120 1337 honores,
1133 1286 1238 1326 mul·

360 1354 511 1401 tosque
530 1348 676 1388 habuit
702 1347 957 1400 triumphos,
978 1360 1082 1401 quos
1100 1342 1241 1389 brevi·

358 1415 423 1450 tas
442 1410 534 1462 ipsa
551 1421 637 1450 non
656 1410 790 1462 capit,
809 1421 890 1450 nec
916 1410 998 1462 ipsi
1017 1409 1237 1462 proposito

356 1477 505 1513 nostro
551 1473 836 1523 conveniunt3
880 1485 978 1514 nam
1024 1473 1138 1525 quod
1183 1473 1237 1513 ad

356 1535 687 1576 moderationem
735 1537 824 1588 ejus
860 1537 1064 1588 pertinet,
1099 1536 1238 1576 noluit

358 1611 383 1638 a
401 1598 562 1639 civibus
578 1599 768 1639 delatum
783 1600 1007 1652 imperium
1023 1599 1237 1651 accipere,

355 1660 437 1701 nisi
465 1661 581 1712 prius
613 1661 667 1702 ab
703 1661 858 1713 exiguo
893 1661 1071 1714 Senatu,
1087 1662 1161 1714 qui
1191 1662 1235 1701 in

358 1724 571 1776 Capitolio
607 1723 900 1771 obsidebatur,
938 1723 1100 1765 solenni
1135 1723 1235 1775 jure

356 1787 556 1828 Dictator
574 1791 743 1828 creatus
759 1791 839 1829 est.
899 1788 1048 1828 Oliver.

409 1849 668 1901 Proesidium]
696 1849 1039 1890 Protectionem.

410 1912 571 1965 Ardeoe]
613 1913 666 1952 In
699 1924 750 1953 eo
770 1912 947 1965 oppido,
971 1912 1229 1952 Rutulorum

359 1977 570 2030 quondam
589 1977 730 2029 regia.

418 2041 551 2093 Veios]
596 2041 648 2081 Id
681 2044 763 2092 est,
789 2039 844 2081 ad
875 2038 980 2080 illud
1012 2038 1236 2091 oppidum,

359 2104 470 2158 quod
490 2103 670 2144 Romani
690 2102 768 2143 sub
788 2102 969 2143 Camillo
989 2102 1116 2153 paulo
1134 2106 1235 2141 ante

358 2171 580 2219 ceperant,
598 2170 642 2207 et
661 2165 734 2206 ubi
755 2165 991 2206 exercitum
1017 2164 1155 2205 adhuc
1173 2165 1235 2206 in-

357 2231 564 2271 columem
583 2229 811 2270 habebant.
839 2227 1010 2269 Badius.

412 2294 570 2335 Solenni
578 2294 689 2345 jure]
718 2293 771 2334 Id
787 2297 870 2345 est,
878 2293 995 2345 justa
1008 2293 1236 2345 electione,

359 2361 405 2396 et
438 2357 595 2398 debitis
628 2354 842 2408 suffragiis
875 2368 992 2397 more
1010 2357 1234 2408 majorum.

413 2420 436 2470 ς
455 2423 480 2459 3
496 2421 578 2460 Par
599 2420 739 2468 Furio,
758 2418 845 2470 δῖα]
874 2419 1001 2466 Quia,
1026 2419 1137 2459 sicut
1155 2420 1235 2460 Ca·

359 2481 499 2522 millus
537 2481 793 2521 dictaturam
830 2480 911 2520 nisi
944 2481 1106 2521 solenni
1136 2482 1235 2533 jure

362 2543 657 2583 demandatam
677 2543 875 2595 accipere
903 2555 985 2583 non
1017 2544 1236 2595 sustinuit,

363 2605 427 2645 ita
453 2605 523 2644 hic
542 2605 790 2646 continuare
820 2617 1039 2646 censuram
1065 2607 1235 2648 omnino

363 2667 591 2708 recusavit.

420 2730 669 2781 Censorinus]
713 2730 785 2771 Ita
811 2743 837 2771 a
869 2729 1011 2783 rigore
1043 2743 1234 2773 censurae

365 2791 507 2832 dictus
527 2797 606 2832 est.

422 2854 724 2905 eoarctandum]
764 2856 875 2895 Nam
905 2857 1039 2908 primo
1061 2858 1237 2899 triennis

362 2915 462 2968 fuit,
482 2916 636 2956 deinde
657 2916 756 2955 anni
772 2922 817 2956 et
836 2929 910 2957 sex
928 2920 1134 2960 mensium
1145 2919 1236 2960 fac·

364 2985 410 3019 ta
425 2984 506 3031 est,
526 2985 740 3030 postremo
757 2979 810 3019 ad
830 2987 1034 3022 semestre
1053 2984 1238 3035 spatium

366 3042 565 3083 deducta.
619 3041 766 3081 Livius
795 3041 848 3082 ab
877 3044 933 3083 U.
952 3043 1000 3084 C.
1019 3044 1073 3084 de
1093 3058 1237 3086 coarc-

366 3105 498 3145 tando
518 3115 707 3145 censurae
728 3108 944 3155 tempore:
993 3107 1005 3128 ‘
1027 3107 1091 3147 M.
1108 3107 1237 3147 AEmi-

366 3169 446 3208 lius
460 3167 662 3208 Dictator
677 3177 868 3206 censurae
883 3167 1056 3220 honore,
1075 3170 1144 3221 qui
1164 3182 1236 3209 an-

367 3237 441 3271 tea
455 3241 534 3282 per
554 3228 886 3282 quinquennium
906 3229 1150 3282 gerebatur,
1165 3226 1237 3272 an-

366 3294 410 3333 ni
430 3299 475 3333 et
504 3304 579 3333 sex
610 3290 814 3331 mensium
847 3291 989 3342 spatio
1020 3291 1157 3344 finito,
1181 3294 1238 3334 ob

369 3368 463 3395 eam
501 3368 587 3395 rem
632 3353 888 3396 Censorinus
929 3361 1105 3395 vocatus
1141 3357 1236 3397 est.'

374 3420 522 3459 Oliver.

425 3486 447 3536 ᾗ
465 3487 489 3524 4
517 3485 622 3536 Age,
640 3483 782 3524 Lucius
800 3482 1009 3528 Quinctius
1031 3484 1237 3524 Cincinna-

942 288 1117 327 No'rAE
1158 288 1485 330 VARIORUM
1529 289 1595 329 n<

1296 408 1378 459 tus]
1405 408 1488 448 Hic
1507 409 1667 460 origine
1686 407 1853 458 nobilis,
1872 406 1926 446 de
1943 410 2070 458 gente
2089 418 2166 458 pa-

1296 471 1437 522 tricia,
1468 470 1650 511 filiorum
1688 471 1814 511 turba
1838 475 2026 520 ornatus,
2057 469 2167 509 inte-

1298 534 1501 584 gerrimus
1537 546 1587 573 ac
1624 533 1880 574 fortissimus
1915 532 2011 572 fuit.
2079 532 2164 572 Sed

1297 607 1422 647 quum
1441 608 1546 636 unus
1567 608 1620 636 ex
1638 596 1737 636 filiis
1762 603 1997 645 accusatus,
2015 594 2166 646 grandi

1295 659 1477 710 pecunia
1495 659 1716 700 damnatus
1741 666 1884 710 esset3
1925 659 2168 705 Quinctius,
2237 672 2243 677 ’

1296 727 1345 762 ut
1376 722 1579 762 solvendo
1610 722 1744 762 filium
1779 722 2002 772 liberaret,
2038 720 2166 761 rebus

1296 785 1380 824 suis
1412 795 1520 835 pene
1549 784 1779 834 distractis,
1800 784 1852 824 ad
1884 784 2072 835 inopiam
2099 795 2166 822 re·

1296 846 1464 897 dactus,
1481 847 1632 887 relicta
1665 846 1788 892 urbe,
1814 850 1930 885 trans
1963 845 2167 897 Tyberim

1295 908 1518 960 habitavit,
1537 909 1715 948 ruralem
1736 919 1785 947 ac
1807 907 2014 947 modicam
2035 907 2167 947 vit-am

1298 983 1444 1023 agens,
1463 983 1546 1024 quo
1565 977 1761 1022 tempore
1780 981 1981 1023 equorum
1996 970 2170 1009 incursu

1297 1034 1437 1074 subito
1476 1034 1731 1086 pervastatis
1772 1033 1897 1084 agris,
1934 1038 1980 1073 et
2015 1032 2170 1084 legatis

1299 1097 1579 1136 Romanorum
1611 1097 1664 1136 ad
1694 1096 1957 1149 querendum
1987 1094 2041 1134 de
2059 1094 2169 1146 inju-

1298 1159 1373 1199 riis
1404 1160 1635 1199 solenniter
1659 1159 1807 1208 missis,
1835 1163 1882 1198 et
1899 1171 1924 1197 a
1941 1157 2048 1196 duce
2074 1157 2168 1196 hos-

1298 1222 1403 1263 tium
1438 1223 1714 1275 contemptis,
1746 1234 1841 1262 cum
1877 1220 1930 1261 ad
1962 1220 2168 1260 ultionem

1299 1285 1410 1324 alter
1439 1285 1671 1325 Consulum
1701 1285 1851 1325 missus
1881 1282 1934 1322 ad
1968 1281 2168 1334 Algidum

1298 1347 1569 1387 obsideretur
1597 1359 1691 1387 cum
1721 1345 1929 1396 exercitu,
1947 1357 2027 1385 nec
2047 1344 2172 1383 alteri

1297 1410 1402 1450 satis
1429 1411 1582 1450 virium
1611 1415 1731 1450 esset·
1757 1408 1812 1449 ad
1841 1408 2047 1460 collegam
2065 1406 2171 1446 libe-

1297 1474 1493 1525 randum,
1511 1474 1697 1514 attonita
1715 1485 1766 1513 ac
1783 1471 1954 1513 turbata
1972 1469 2094 1521 urbe,
2114 1469 2170 1510 ad

1298 1541 1488 1577 extrema
1506 1536 1696 1577 remedia
1723 1547 1946 1576 accursum
1973 1539 2041 1574 est
2059 1544 2170 1572 sum-

1297 1600 1355 1639 mi
1372 1600 1556 1640 omnium
1575 1600 1862 1652 magistratus,
1873 1608 2170 1649 consensuque

1297 1663 1481 1703 omnium
1509 1663 1660 1703 civium
1691 1661 1916 1704 Quinctius
1945 1659 2174 1707 Cincinna-

1300 1731 1365 1765 tus
1386 1727 1589 1766 Dictator
1606 1725 1746 1766 factus
1765 1730 1846 1775 est,
1859 1729 1986 1775 atque
2004 1723 2048 1761 in
2064 1733 2171 1773 agro

1297 1790 1428 1840 solus,
1466 1795 1514 1830 ut
1557 1789 1755 1839 diximus,
1801 1787 1960 1827 rustico
2006 1785 2170 1825 inhians

1297 1853 1418 1905 operi
1435 1853 1648 1893 inventus.
1691 1851 1852 1891 Audito
1871 1849 2020 1902 patriae
2039 1852 2173 1898 statu,

1297 1919 1343 1955 et
1359 1916 1575 1967 honorem,
1601 1920 1648 1955 et
1673 1914 1864 1954 laborem
1885 1912 2001 1964 pium
2021 1922 2173 1963 prono,

1297 1984 1426 2030 atque
1461 1976 1716 2018 offensarum
1760 1973 1994 2014 immemori
2030 1973 2170 2012 animo

1295 2040 1498 2091 suscepit,
1564 2038 1867 2091 profectusque
1929 2034 2170 2084 confestim,

1298 2102 1546 2142 transmisso
1566 2113 1690 2142 amne
1716 2104 1923 2152 exceptus
1943 2110 1968 2139 a
1993 2097 2107 2149 filiis,
2126 2102 2171 2138 et

1297 2168 1471 2215 Senatu,
1492 2171 1537 2206 et
1566 2164 1732 2217 ingenti
1766 2163 1914 2217 populi
1947 2173 2174 2215 concursu,

1255 2246 1257 2248 ’
1297 2242 1537 2284 quanquam
1558 2230 1716 2282 populo
1737 2239 1898 2268 morum
1917 2225 2172 2266 austeritate

1297 2292 1555 2343 suspectior,
1593 2291 1709 2331 dicto
1738 2289 1946 2342 magistro
1980 2287 2172 2341 equitum

1297 2356 1348 2395 T.
1381 2355 1613 2408 Tarquinio
1646 2353 1909 2395 nobilissimo
1945 2350 2093 2391 itidem
2119 2360 2172 2389 ac

1296 2418 1529 2459 fortissimo
1562 2418 1669 2469 viro,
1695 2415 1939 2469 pariterque
1971 2412 2108 2464 inopi,
2127 2417 2172 2452 et

1298 2482 1482 2522 collecto
1501 2481 1712 2528 exercitu,
1732 2478 1925 2520 omnibus
1955 2477 2068 2516 ultro
2097 2485 2172 2514 no-

1297 2544 1412 2584 mina
1426 2543 1642 2595 dantibus,
1657 2555 1734 2595 spe
1753 2546 1872 2583 certa
1884 2539 1963 2580 sub
1974 2539 2050 2579 tali
2061 2538 2172 2578 duce

1297 2606 1512 2656 vincendi,
1541 2605 1831 2658 dispositoque
1865 2614 2005 2643 rerum
2037 2605 2171 2651 statu,

1297 2668 1366 2709 die
1410 2668 1602 2721 proximo
1649 2667 1728 2707 sub
1783 2670 1951 2706 noctem
1997 2665 2172 2704 Romam

1295 2744 1489 2784 egressus
1524 2732 1749 2772 alacritate
1779 2727 1977 2779 mirabili,
2011 2725 2173 2767 media-

1298 2808 1379 2848 que
1399 2796 1451 2835 ad
1472 2795 1639 2835 hostem
1671 2798 1797 2834 nocte
1828 2789 2100 2844 perveniens,
2126 2793 2173 2829 et

1297 2858 1527 2908 consulem,
1553 2861 1599 2896 et
1623 2855 1868 2896 exercitum
1883 2851 2100 2894 obsidione
2126 2850 2175 2890 li>-

1296 2920 1479 2972 beravit,
1496 2924 1542 2960 et
1559 2919 1689 2960 duces
1710 2930 1759 2958 ac
1778 2917 1967 2969 legiones
1987 2914 2172 2955 hostium

1297 2995 1449 3036 magno
1468 2983 1618 3035 praelio
1637 2981 1790 3031 victos,
1808 2985 1858 3020 ut
1887 2979 1979 3031 agri
1995 2978 2102 3018 ritus
2129 2976 2173 3017 in

1297 3052 1441 3087 castra
1473 3045 1861 3094 transveherentur,
1893 3041 2053 3093 primus
2085 3050 2174 3079 om·

1296 3110 1412 3150 nium
1432 3109 1509 3149 sub
1522 3109 1690 3160 jugum,
1702 3106 1822 3159 quasi
1838 3103 2015 3144 totidem
2030 3101 2176 3153 boves,

1296 3173 1428 3213 misit.
1483 3170 1679 3222 Direptis
1698 3168 1863 3218 castris,
1881 3177 1976 3218 quae
2004 3164 2058 3205 ab
2075 3165 2170 3204 hos-

1298 3234 1412 3275 tibus
1456 3233 1729 3282 tenebantur,
1781 3228 1939 3282 oppida
1994 3231 2171 3278 recepta

1298 3302 1411 3348 sunt,
1431 3296 1645 3348 divisaque
1677 3294 1794 3333 inter
1812 3291 1971 3331 milites
1996 3289 2171 3342 praeda3

1297 3360 1443 3411 hisque
1482 3357 1673 3397 omnibus
1705 3352 1991 3395 inaestimabili
2019 3352 2174 3392 celeri·

1297 3429 1387 3462 tate
1420 3419 1645 3469 confectis,
1667 3420 1842 3458 Romam
1870 3416 2037 3456 rediens
2065 3415 2175 3454 mili-

1299 3485 1460 3526 taribus
1481 3482 1736 3525 ornamentis
1770 3478 1961 3531 insignis,
1979 3485 2022 3518 et
2055 3479 2174 3520 duci·
