<?xml version="1.0" encoding="UTF-8"?>
<!DOCTYPE html PUBLIC "-//W3C//DTD XHTML 1.0 Transitional//EN"
    "http://www.w3.org/TR/xhtml1/DTD/xhtml1-transitional.dtd">
<html xmlns="http://www.w3.org/1999/xhtml" xml:lang="en" lang="en">
 <head>
  <title>
</title>
<meta http-equiv="Content-Type" content="text/html;charset=utf-8" />
  <meta name='ocr-system' content='tesseract 3.04.00' />
  <meta name='ocr-capabilities' content='ocr_page ocr_carea ocr_par ocr_line ocrx_word'/>
</head>
<body>
  <div class='ocr_page' id='page_1' title='image "./factorumdictorum03valeuoft_0057.png"; bbox 0 0 2288 3990; ppageno 0'>
   <div class='ocr_carea' id='block_1_1' title="bbox 478 299 1502 352">
    <p class='ocr_par' dir='ltr' id='par_1_1' title="bbox 478 299 1502 352">
     <span class='ocr_line' id='line_1_1' title="bbox 478 299 1502 352; baseline -0.003 0"><span class='ocrx_word' id='word_1_1' title='bbox 478 312 732 352; x_wconf 72' lang='lat' dir='ltr'>vAnauu</span> <span class='ocrx_word' id='word_1_2' title='bbox 774 311 1013 350; x_wconf 76' lang='lat' dir='ltr'>MAximi</span> <span class='ocrx_word' id='word_1_3' title='bbox 1059 311 1175 352; x_wconf 77' lang='lat' dir='ltr'>ma.</span> <span class='ocrx_word' id='word_1_4' title='bbox 1212 312 1254 349; x_wconf 89' lang='lat'>1.</span> <span class='ocrx_word' id='word_1_5' title='bbox 1293 299 1502 352; x_wconf 70' lang='lat' dir='ltr'>cAe.G.</span> 
     </span>
    </p>
   </div>
   <div class='ocr_carea' id='block_1_2' title="bbox 81 429 971 3555">
    <p class='ocr_par' dir='ltr' id='par_1_2' title="bbox 82 429 957 544">
     <span class='ocr_line' id='line_1_2' title="bbox 85 429 957 484; baseline -0.007 -8"><span class='ocrx_word' id='word_1_6' title='bbox 85 434 200 476; x_wconf 88' lang='lat' dir='ltr'>timis</span> <span class='ocrx_word' id='word_1_7' title='bbox 230 433 322 484; x_wconf 75' lang='lat' dir='ltr'>Jam</span> <span class='ocrx_word' id='word_1_8' title='bbox 357 429 593 471; x_wconf 80' lang='lat' dir='ltr'><strong>mactandis</strong></span> <span class='ocrx_word' id='word_1_9' title='bbox 623 431 778 472; x_wconf 89' lang='lat' dir='ltr'>molam</span> <span class='ocrx_word' id='word_1_10' title='bbox 805 432 957 471; x_wconf 83' lang='lat' dir='ltr'><strong>salsam</strong></span> 
     </span>
     <span class='ocr_line' id='line_1_3' title="bbox 82 493 556 544; baseline -0.013 -6"><span class='ocrx_word' id='word_1_11' title='bbox 82 495 278 538; x_wconf 83' lang='lat' dir='ltr'>solebant</span> <span class='ocrx_word' id='word_1_12' title='bbox 294 493 556 544; x_wconf 80' lang='lat' dir='ltr'>inspergere.</span> 
     </span>
    </p>

    <p class='ocr_par' dir='ltr' id='par_1_3' title="bbox 81 557 958 798">
     <span class='ocr_line' id='line_1_4' title="bbox 142 557 958 611; baseline -0.002 -12"><span class='ocrx_word' id='word_1_13' title='bbox 142 557 310 611; x_wconf 65' lang='lat' dir='ltr'>Perfidi]</span> <span class='ocrx_word' id='word_1_14' title='bbox 345 557 451 597; x_wconf 86' lang='lat' dir='ltr'>Cum</span> <span class='ocrx_word' id='word_1_15' title='bbox 490 557 604 608; x_wconf 91' lang='lat' dir='ltr'>apud</span> <span class='ocrx_word' id='word_1_16' title='bbox 638 558 821 609; x_wconf 89' lang='lat' dir='ltr'>majores</span> <span class='ocrx_word' id='word_1_17' title='bbox 854 558 958 609; x_wconf 89' lang='lat' dir='ltr'>jura</span> 
     </span>
     <span class='ocr_line' id='line_1_5' title="bbox 81 621 957 674; baseline 0.001 -13"><span class='ocrx_word' id='word_1_18' title='bbox 81 622 254 674; x_wconf 76' lang='lat' dir='ltr'>hospitii</span> <span class='ocrx_word' id='word_1_19' title='bbox 271 631 438 662; x_wconf 84' lang='lat' dir='ltr'>servata</span> <span class='ocrx_word' id='word_1_20' title='bbox 465 627 512 662; x_wconf 91' lang='lat' dir='ltr'>et</span> <span class='ocrx_word' id='word_1_21' title='bbox 535 621 743 662; x_wconf 89' lang='lat' dir='ltr'>inviolata</span> <span class='ocrx_word' id='word_1_22' title='bbox 759 621 957 662; x_wconf 88' lang='lat' dir='ltr'>fuissent.</span> 
     </span>
     <span class='ocr_line' id='line_1_6' title="bbox 83 685 956 738; baseline 0.001 -14"><span class='ocrx_word' id='word_1_23' title='bbox 83 685 314 737; x_wconf 86' lang='lat' dir='ltr'>Virgilius:</span> <span class='ocrx_word' id='word_1_24' title='bbox 344 685 558 736; x_wconf 84' lang='lat' dir='ltr'>‘Jupiter,</span> <span class='ocrx_word' id='word_1_25' title='bbox 588 685 827 738; x_wconf 82' lang='lat' dir='ltr'><strong>hospitibus</strong></span> <span class='ocrx_word' id='word_1_26' title='bbox 859 697 956 725; x_wconf 91' lang='lat' dir='ltr'>nam</span> 
     </span>
     <span class='ocr_line' id='line_1_7' title="bbox 83 745 643 798; baseline -0.002 -12"><span class='ocrx_word' id='word_1_27' title='bbox 83 751 129 786; x_wconf 88' lang='lat' dir='ltr'>te</span> <span class='ocrx_word' id='word_1_28' title='bbox 148 747 250 786; x_wconf 89' lang='lat' dir='ltr'>dare</span> <span class='ocrx_word' id='word_1_29' title='bbox 262 746 364 798; x_wconf 91' lang='lat' dir='ltr'>jura</span> <span class='ocrx_word' id='word_1_30' title='bbox 378 745 643 798; x_wconf 63' lang='lat' dir='ltr'>loquuntur-3</span> 
     </span>
    </p>

    <p class='ocr_par' dir='ltr' id='par_1_4' title="bbox 82 809 969 2415">
     <span class='ocr_line' id='line_1_8' title="bbox 137 809 958 862; baseline 0 -12"><span class='ocrx_word' id='word_1_31' title='bbox 137 809 322 861; x_wconf 75' lang='lat' dir='ltr'>Hospitis</span> <span class='ocrx_word' id='word_1_32' title='bbox 338 809 402 850; x_wconf 78' lang='lat' dir='ltr'>sui</span> <span class='ocrx_word' id='word_1_33' title='bbox 428 809 580 862; x_wconf 80' lang='lat' dir='ltr'>Flavii]</span> <span class='ocrx_word' id='word_1_34' title='bbox 609 809 780 862; x_wconf 82' lang='lat' dir='ltr'>Hospes</span> <span class='ocrx_word' id='word_1_35' title='bbox 812 815 958 851; x_wconf 84' lang='lat' dir='ltr'>autem</span> 
     </span>
     <span class='ocr_line' id='line_1_9' title="bbox 83 871 958 924; baseline -0.001 -11"><span class='ocrx_word' id='word_1_36' title='bbox 83 871 168 913; x_wconf 78' lang='lat' dir='ltr'>fuit</span> <span class='ocrx_word' id='word_1_37' title='bbox 215 872 382 913; x_wconf 82' lang='lat' dir='ltr'>Flavius</span> <span class='ocrx_word' id='word_1_38' title='bbox 429 873 642 923; x_wconf 89' lang='lat' dir='ltr'>Lucanus,</span> <span class='ocrx_word' id='word_1_39' title='bbox 688 876 821 924; x_wconf 90' lang='lat' dir='ltr'>caput</span> <span class='ocrx_word' id='word_1_40' title='bbox 862 873 958 923; x_wconf 90' lang='lat' dir='ltr'>ejus</span> 
     </span>
     <span class='ocr_line' id='line_1_10' title="bbox 85 935 956 988; baseline -0.001 -12"><span class='ocrx_word' id='word_1_41' title='bbox 85 936 235 987; x_wconf 82' lang='lat' dir='ltr'>partis,</span> <span class='ocrx_word' id='word_1_42' title='bbox 272 948 369 988; x_wconf 79' lang='lat' dir='ltr'>quae</span> <span class='ocrx_word' id='word_1_43' title='bbox 405 947 503 975; x_wconf 87' lang='lat' dir='ltr'>cum</span> <span class='ocrx_word' id='word_1_44' title='bbox 542 935 744 975; x_wconf 88' lang='lat' dir='ltr'>Romanis</span> <span class='ocrx_word' id='word_1_45' title='bbox 782 935 956 984; x_wconf 86' lang='lat' dir='ltr'>stabat;</span> 
     </span>
     <span class='ocr_line' id='line_1_11' title="bbox 84 998 959 1051; baseline 0 -12"><span class='ocrx_word' id='word_1_46' title='bbox 84 1012 182 1041; x_wconf 79' lang='lat' dir='ltr'>num</span> <span class='ocrx_word' id='word_1_47' title='bbox 202 1001 465 1041; x_wconf 82' lang='lat' dir='ltr'><strong>Lucanorum</strong></span> <span class='ocrx_word' id='word_1_48' title='bbox 484 1011 582 1051; x_wconf 90' lang='lat' dir='ltr'>pars</span> <span class='ocrx_word' id='word_1_49' title='bbox 600 998 652 1038; x_wconf 85' lang='lat' dir='ltr'>ad</span> <span class='ocrx_word' id='word_1_50' title='bbox 671 998 959 1039; x_wconf 88' lang='lat' dir='ltr'>Hannibalem</span> 
     </span>
     <span class='ocr_line' id='line_1_12' title="bbox 82 1062 960 1104; baseline -0.002 0"><span class='ocrx_word' id='word_1_51' title='bbox 82 1062 333 1104; x_wconf 82' lang='lat' dir='ltr'>defecerat:</span> <span class='ocrx_word' id='word_1_52' title='bbox 353 1063 388 1103; x_wconf 89' lang='lat' dir='ltr'>is</span> <span class='ocrx_word' id='word_1_53' title='bbox 401 1066 567 1103; x_wconf 88' lang='lat' dir='ltr'>mutata</span> <span class='ocrx_word' id='word_1_54' title='bbox 586 1062 804 1102; x_wconf 83' lang='lat' dir='ltr'>voluntate</span> <span class='ocrx_word' id='word_1_55' title='bbox 821 1063 960 1102; x_wconf 88' lang='lat' dir='ltr'>locum</span> 
     </span>
     <span class='ocr_line' id='line_1_13' title="bbox 84 1123 960 1178; baseline 0.002 -15"><span class='ocrx_word' id='word_1_56' title='bbox 84 1125 236 1177; x_wconf 78' lang='lat' dir='ltr'>gratiae</span> <span class='ocrx_word' id='word_1_57' title='bbox 255 1135 451 1178; x_wconf 85' lang='lat' dir='ltr'>quaerens</span> <span class='ocrx_word' id='word_1_58' title='bbox 471 1123 586 1175; x_wconf 90' lang='lat' dir='ltr'>apud</span> <span class='ocrx_word' id='word_1_59' title='bbox 605 1124 802 1175; x_wconf 89' lang='lat' dir='ltr'>Poenum,</span> <span class='ocrx_word' id='word_1_60' title='bbox 820 1137 960 1177; x_wconf 91' lang='lat' dir='ltr'>neque</span> 
     </span>
     <span class='ocr_line' id='line_1_14' title="bbox 86 1186 961 1239; baseline 0 -12"><span class='ocrx_word' id='word_1_61' title='bbox 86 1187 284 1238; x_wconf 88' lang='lat' dir='ltr'>transire,</span> <span class='ocrx_word' id='word_1_62' title='bbox 310 1199 450 1239; x_wconf 84' lang='lat' dir='ltr'>neque</span> <span class='ocrx_word' id='word_1_63' title='bbox 480 1186 651 1227; x_wconf 86' lang='lat' dir='ltr'>trahere</span> <span class='ocrx_word' id='word_1_64' title='bbox 671 1187 726 1227; x_wconf 90' lang='lat' dir='ltr'>ad</span> <span class='ocrx_word' id='word_1_65' title='bbox 751 1186 961 1228; x_wconf 86' lang='lat' dir='ltr'>defectio-</span> 
     </span>
     <span class='ocr_line' id='line_1_15' title="bbox 83 1249 963 1301; baseline 0.001 -12"><span class='ocrx_word' id='word_1_66' title='bbox 83 1260 183 1289; x_wconf 89' lang='lat' dir='ltr'>nem</span> <span class='ocrx_word' id='word_1_67' title='bbox 214 1250 408 1290; x_wconf 86' lang='lat' dir='ltr'>Lucanos</span> <span class='ocrx_word' id='word_1_68' title='bbox 437 1251 538 1290; x_wconf 82' lang='lat' dir='ltr'>satis</span> <span class='ocrx_word' id='word_1_69' title='bbox 569 1249 730 1301; x_wconf 81' lang='lat' dir='ltr'><strong>habuit,</strong></span> <span class='ocrx_word' id='word_1_70' title='bbox 761 1250 846 1290; x_wconf 89' lang='lat' dir='ltr'>nisi</span> <span class='ocrx_word' id='word_1_71' title='bbox 877 1250 963 1290; x_wconf 90' lang='lat' dir='ltr'>Im-</span> 
     </span>
     <span class='ocr_line' id='line_1_16' title="bbox 87 1312 963 1365; baseline 0.002 -14"><span class='ocrx_word' id='word_1_72' title='bbox 87 1313 299 1364; x_wconf 81' lang='lat' dir='ltr'>peratoris</span> <span class='ocrx_word' id='word_1_73' title='bbox 311 1312 504 1364; x_wconf 88' lang='lat' dir='ltr'>Romani,</span> <span class='ocrx_word' id='word_1_74' title='bbox 517 1318 564 1353; x_wconf 90' lang='lat' dir='ltr'>et</span> <span class='ocrx_word' id='word_1_75' title='bbox 576 1312 768 1365; x_wconf 84' lang='lat' dir='ltr'>ejusdem</span> <span class='ocrx_word' id='word_1_76' title='bbox 783 1313 963 1365; x_wconf 86' lang='lat' dir='ltr'>hospitis</span> 
     </span>
     <span class='ocr_line' id='line_1_17' title="bbox 89 1373 964 1426; baseline 0.001 -13"><span class='ocrx_word' id='word_1_77' title='bbox 89 1374 253 1425; x_wconf 87' lang='lat' dir='ltr'>proditi</span> <span class='ocrx_word' id='word_1_78' title='bbox 270 1374 411 1426; x_wconf 87' lang='lat' dir='ltr'>capite</span> <span class='ocrx_word' id='word_1_79' title='bbox 427 1380 473 1414; x_wconf 89' lang='lat' dir='ltr'>et</span> <span class='ocrx_word' id='word_1_80' title='bbox 489 1375 691 1426; x_wconf 82' lang='lat' dir='ltr'>sanguine</span> <span class='ocrx_word' id='word_1_81' title='bbox 709 1373 848 1414; x_wconf 84' lang='lat' dir='ltr'>foedus</span> <span class='ocrx_word' id='word_1_82' title='bbox 867 1387 964 1415; x_wconf 90' lang='lat' dir='ltr'>cum</span> 
     </span>
     <span class='ocr_line' id='line_1_18' title="bbox 86 1436 964 1477; baseline 0 -1"><span class='ocrx_word' id='word_1_83' title='bbox 86 1436 280 1477; x_wconf 75' lang='lat' dir='ltr'><strong>hostibus</strong></span> <span class='ocrx_word' id='word_1_84' title='bbox 314 1437 539 1476; x_wconf 83' lang='lat' dir='ltr'>sanxisset.</span> <span class='ocrx_word' id='word_1_85' title='bbox 607 1436 820 1477; x_wconf 88' lang='lat' dir='ltr'>Convenit</span> <span class='ocrx_word' id='word_1_86' title='bbox 851 1437 964 1476; x_wconf 88' lang='lat' dir='ltr'>enim</span> 
     </span>
     <span class='ocr_line' id='line_1_19' title="bbox 89 1497 966 1550; baseline 0.001 -12"><span class='ocrx_word' id='word_1_87' title='bbox 89 1511 184 1539; x_wconf 90' lang='lat' dir='ltr'>cum</span> <span class='ocrx_word' id='word_1_88' title='bbox 203 1499 390 1548; x_wconf 77' lang='lat' dir='ltr'>Magone</span> <span class='ocrx_word' id='word_1_89' title='bbox 405 1497 818 1550; x_wconf 80' lang='lat' dir='ltr'>Carthaginiensium</span> <span class='ocrx_word' id='word_1_90' title='bbox 841 1499 966 1550; x_wconf 91' lang='lat' dir='ltr'>duce,</span> 
     </span>
     <span class='ocr_line' id='line_1_20' title="bbox 90 1561 964 1613; baseline 0 -12"><span class='ocrx_word' id='word_1_91' title='bbox 90 1567 140 1601; x_wconf 86' lang='lat' dir='ltr'>ut</span> <span class='ocrx_word' id='word_1_92' title='bbox 157 1561 192 1600; x_wconf 86' lang='lat' dir='ltr'>si</span> <span class='ocrx_word' id='word_1_93' title='bbox 214 1561 337 1602; x_wconf 85' lang='lat' dir='ltr'>Rom.</span> <span class='ocrx_word' id='word_1_94' title='bbox 360 1561 610 1601; x_wconf 82' lang='lat' dir='ltr'>tradidisset</span> <span class='ocrx_word' id='word_1_95' title='bbox 638 1561 964 1613; x_wconf 82' lang='lat' dir='ltr'>Imperatorem,</span> 
     </span>
     <span class='ocr_line' id='line_1_21' title="bbox 89 1623 964 1675; baseline 0 -11"><span class='ocrx_word' id='word_1_96' title='bbox 89 1624 214 1664; x_wconf 87' lang='lat' dir='ltr'>liberi</span> <span class='ocrx_word' id='word_1_97' title='bbox 232 1636 327 1664; x_wconf 83' lang='lat' dir='ltr'>cum</span> <span class='ocrx_word' id='word_1_98' title='bbox 345 1625 430 1663; x_wconf 87' lang='lat' dir='ltr'>suis</span> <span class='ocrx_word' id='word_1_99' title='bbox 461 1623 628 1675; x_wconf 84' lang='lat' dir='ltr'>legibus</span> <span class='ocrx_word' id='word_1_100' title='bbox 661 1625 703 1663; x_wconf 91' lang='lat' dir='ltr'>in</span> <span class='ocrx_word' id='word_1_101' title='bbox 736 1624 964 1664; x_wconf 82' lang='lat' dir='ltr'>amicitiam</span> 
     </span>
     <span class='ocr_line' id='line_1_22' title="bbox 87 1686 964 1738; baseline 0.002 -12"><span class='ocrx_word' id='word_1_102' title='bbox 87 1686 252 1727; x_wconf 80' lang='lat' dir='ltr'>Lucani</span> <span class='ocrx_word' id='word_1_103' title='bbox 279 1688 491 1736; x_wconf 86' lang='lat' dir='ltr'>venirent,</span> <span class='ocrx_word' id='word_1_104' title='bbox 521 1687 644 1738; x_wconf 89' lang='lat' dir='ltr'>cujus</span> <span class='ocrx_word' id='word_1_105' title='bbox 677 1687 738 1726; x_wconf 92' lang='lat' dir='ltr'>rei</span> <span class='ocrx_word' id='word_1_106' title='bbox 771 1686 876 1728; x_wconf 87' lang='lat' dir='ltr'>data</span> <span class='ocrx_word' id='word_1_107' title='bbox 894 1700 964 1728; x_wconf 89' lang='lat' dir='ltr'>ac-</span> 
     </span>
     <span class='ocr_line' id='line_1_23' title="bbox 88 1749 966 1803; baseline 0.002 -13"><span class='ocrx_word' id='word_1_108' title='bbox 88 1756 305 1803; x_wconf 84' lang='lat' dir='ltr'>ceptaque</span> <span class='ocrx_word' id='word_1_109' title='bbox 333 1749 418 1789; x_wconf 85' lang='lat' dir='ltr'>fide</span> <span class='ocrx_word' id='word_1_110' title='bbox 455 1751 701 1791; x_wconf 86' lang='lat' dir='ltr'>Gracchum</span> <span class='ocrx_word' id='word_1_111' title='bbox 729 1751 884 1792; x_wconf 86' lang='lat' dir='ltr'>invitat</span> <span class='ocrx_word' id='word_1_112' title='bbox 908 1751 966 1792; x_wconf 83' lang='lat' dir='ltr'>&#39;ad</span> 
     </span>
     <span class='ocr_line' id='line_1_24' title="bbox 89 1812 968 1865; baseline 0.003 -14"><span class='ocrx_word' id='word_1_113' title='bbox 89 1812 296 1864; x_wconf 83' lang='lat' dir='ltr'>reliquam</span> <span class='ocrx_word' id='word_1_114' title='bbox 327 1813 532 1853; x_wconf 86' lang='lat' dir='ltr'>Lucaniae</span> <span class='ocrx_word' id='word_1_115' title='bbox 568 1819 734 1865; x_wconf 85' lang='lat' dir='ltr'>partem</span> <span class='ocrx_word' id='word_1_116' title='bbox 771 1814 816 1854; x_wconf 90' lang='lat' dir='ltr'>in</span> <span class='ocrx_word' id='word_1_117' title='bbox 850 1815 968 1854; x_wconf 85' lang='lat' dir='ltr'>dedi-</span> 
     </span>
     <span class='ocr_line' id='line_1_25' title="bbox 91 1875 967 1927; baseline 0.002 -13"><span class='ocrx_word' id='word_1_118' title='bbox 91 1875 251 1915; x_wconf 84' lang='lat' dir='ltr'>tionem</span> <span class='ocrx_word' id='word_1_119' title='bbox 284 1875 593 1926; x_wconf 83' lang='lat' dir='ltr'>accipiendam,</span> <span class='ocrx_word' id='word_1_120' title='bbox 623 1888 748 1927; x_wconf 90' lang='lat' dir='ltr'>quam</span> <span class='ocrx_word' id='word_1_121' title='bbox 778 1876 967 1916; x_wconf 89' lang='lat' dir='ltr'>aPoenis</span> 
     </span>
     <span class='ocr_line' id='line_1_26' title="bbox 89 1936 966 1989; baseline 0.002 -12"><span class='ocrx_word' id='word_1_122' title='bbox 89 1936 356 1978; x_wconf 78' lang='lat' dir='ltr'>defecturam</span> <span class='ocrx_word' id='word_1_123' title='bbox 377 1938 674 1989; x_wconf 88' lang='lat' dir='ltr'>pollicebatur,</span> <span class='ocrx_word' id='word_1_124' title='bbox 690 1939 724 1978; x_wconf 90' lang='lat' dir='ltr'>si</span> <span class='ocrx_word' id='word_1_125' title='bbox 738 1939 865 1979; x_wconf 90' lang='lat' dir='ltr'>modo</span> <span class='ocrx_word' id='word_1_126' title='bbox 881 1940 966 1979; x_wconf 91' lang='lat' dir='ltr'>Im-</span> 
     </span>
     <span class='ocr_line' id='line_1_27' title="bbox 91 2001 968 2052; baseline 0.001 -11"><span class='ocrx_word' id='word_1_127' title='bbox 91 2006 333 2052; x_wconf 86' lang='lat' dir='ltr'>peratorem</span> <span class='ocrx_word' id='word_1_128' title='bbox 353 2001 589 2041; x_wconf 85' lang='lat' dir='ltr'>Romanum</span> <span class='ocrx_word' id='word_1_129' title='bbox 608 2002 841 2051; x_wconf 87' lang='lat' dir='ltr'>vidissent;</span> <span class='ocrx_word' id='word_1_130' title='bbox 871 2014 968 2042; x_wconf 90' lang='lat' dir='ltr'>nam</span> 
     </span>
     <span class='ocr_line' id='line_1_28' title="bbox 89 2065 968 2116; baseline 0.002 -13"><span class='ocrx_word' id='word_1_131' title='bbox 89 2067 220 2104; x_wconf 78' lang='lat' dir='ltr'>antea</span> <span class='ocrx_word' id='word_1_132' title='bbox 263 2069 430 2115; x_wconf 87' lang='lat' dir='ltr'>partem</span> <span class='ocrx_word' id='word_1_133' title='bbox 480 2065 708 2105; x_wconf 82' lang='lat' dir='ltr'>maximam</span> <span class='ocrx_word' id='word_1_134' title='bbox 760 2070 968 2116; x_wconf 87' lang='lat' dir='ltr'>coeperat.</span> 
     </span>
     <span class='ocr_line' id='line_1_29' title="bbox 93 2125 968 2179; baseline -0.001 -12"><span class='ocrx_word' id='word_1_135' title='bbox 93 2125 316 2167; x_wconf 83' lang='lat' dir='ltr'>Gracchus</span> <span class='ocrx_word' id='word_1_136' title='bbox 336 2127 464 2178; x_wconf 87' lang='lat' dir='ltr'>igitur</span> <span class='ocrx_word' id='word_1_137' title='bbox 484 2127 622 2166; x_wconf 85' lang='lat' dir='ltr'>verbis</span> <span class='ocrx_word' id='word_1_138' title='bbox 650 2127 828 2179; x_wconf 82' lang='lat' dir='ltr'>hospitis</span> <span class='ocrx_word' id='word_1_139' title='bbox 853 2126 968 2167; x_wconf 87' lang='lat' dir='ltr'>frau-</span> 
     </span>
     <span class='ocr_line' id='line_1_30' title="bbox 93 2187 969 2239; baseline 0.003 -12"><span class='ocrx_word' id='word_1_140' title='bbox 93 2187 192 2229; x_wconf 83' lang='lat' dir='ltr'>dem</span> <span class='ocrx_word' id='word_1_141' title='bbox 217 2189 367 2228; x_wconf 88' lang='lat' dir='ltr'>abesse</span> <span class='ocrx_word' id='word_1_142' title='bbox 399 2189 594 2239; x_wconf 85' lang='lat' dir='ltr'>credens,</span> <span class='ocrx_word' id='word_1_143' title='bbox 623 2201 720 2228; x_wconf 91' lang='lat' dir='ltr'>cum</span> <span class='ocrx_word' id='word_1_144' title='bbox 752 2190 969 2230; x_wconf 86' lang='lat' dir='ltr'>lictoribus</span> 
     </span>
     <span class='ocr_line' id='line_1_31' title="bbox 93 2251 968 2303; baseline 0.001 -13"><span class='ocrx_word' id='word_1_145' title='bbox 93 2257 141 2290; x_wconf 87' lang='lat' dir='ltr'>et</span> <span class='ocrx_word' id='word_1_146' title='bbox 160 2251 286 2291; x_wconf 86' lang='lat' dir='ltr'>turba</span> <span class='ocrx_word' id='word_1_147' title='bbox 305 2251 494 2303; x_wconf 89' lang='lat' dir='ltr'>equitnm</span> <span class='ocrx_word' id='word_1_148' title='bbox 512 2263 536 2290; x_wconf 91' lang='lat' dir='ltr'>e</span> <span class='ocrx_word' id='word_1_149' title='bbox 555 2252 709 2291; x_wconf 87' lang='lat' dir='ltr'>castris</span> <span class='ocrx_word' id='word_1_150' title='bbox 732 2251 968 2303; x_wconf 84' lang='lat' dir='ltr'>profectus,</span> 
     </span>
     <span class='ocr_line' id='line_1_32' title="bbox 96 2311 969 2365; baseline 0.002 -13"><span class='ocrx_word' id='word_1_151' title='bbox 96 2311 207 2353; x_wconf 86' lang='lat' dir='ltr'>duce</span> <span class='ocrx_word' id='word_1_152' title='bbox 225 2311 390 2364; x_wconf 82' lang='lat' dir='ltr'>hospite</span> <span class='ocrx_word' id='word_1_153' title='bbox 407 2313 450 2352; x_wconf 90' lang='lat' dir='ltr'>in</span> <span class='ocrx_word' id='word_1_154' title='bbox 467 2312 642 2353; x_wconf 89' lang='lat' dir='ltr'>insidias</span> <span class='ocrx_word' id='word_1_155' title='bbox 660 2325 706 2352; x_wconf 90' lang='lat' dir='ltr'>se</span> <span class='ocrx_word' id='word_1_156' title='bbox 726 2314 969 2365; x_wconf 83' lang='lat' dir='ltr'>praecipita-</span> 
     </span>
     <span class='ocr_line' id='line_1_33' title="bbox 94 2374 348 2415; baseline 0.004 -1"><span class='ocrx_word' id='word_1_157' title='bbox 94 2374 169 2414; x_wconf 85' lang='lat' dir='ltr'>vit.</span> <span class='ocrx_word' id='word_1_158' title='bbox 199 2375 348 2415; x_wconf 78' lang='lat' dir='ltr'>Oliver.</span> 
     </span>
    </p>

    <p class='ocr_par' dir='ltr' id='par_1_5' title="bbox 91 2438 971 3555">
     <span class='ocr_line' id='line_1_34' title="bbox 92 2438 971 2490; baseline 0 -12"><span class='ocrx_word' id='word_1_159' title='bbox 92 2464 95 2466; x_wconf 94' lang='lat'><em>-</em></span> <span class='ocrx_word' id='word_1_160' title='bbox 150 2439 174 2490; x_wconf 60' lang='grc' dir='ltr'><strong>ς</strong></span> <span class='ocrx_word' id='word_1_161' title='bbox 207 2442 234 2478; x_wconf 85' lang='grc'>9</span> <span class='ocrx_word' id='word_1_162' title='bbox 264 2440 321 2478; x_wconf 74' lang='lat' dir='ltr'>Et</span> <span class='ocrx_word' id='word_1_163' title='bbox 367 2438 620 2490; x_wconf 79' lang='lat' dir='ltr'>Consulatus]</span> <span class='ocrx_word' id='word_1_164' title='bbox 675 2439 879 2478; x_wconf 80' lang='lat' dir='ltr'>Consules</span> <span class='ocrx_word' id='word_1_165' title='bbox 925 2439 971 2478; x_wconf 89' lang='lat' dir='ltr'>in</span> 
     </span>
     <span class='ocr_line' id='line_1_35' title="bbox 94 2500 970 2553; baseline 0.002 -13"><span class='ocrx_word' id='word_1_166' title='bbox 94 2500 254 2553; x_wconf 79' lang='lat' dir='ltr'>Apulia</span> <span class='ocrx_word' id='word_1_167' title='bbox 286 2502 341 2543; x_wconf 86' lang='lat' dir='ltr'>Q.</span> <span class='ocrx_word' id='word_1_168' title='bbox 373 2502 549 2552; x_wconf 90' lang='lat' dir='ltr'>Crispus</span> <span class='ocrx_word' id='word_1_169' title='bbox 581 2508 626 2541; x_wconf 86' lang='lat' dir='ltr'>et</span> <span class='ocrx_word' id='word_1_170' title='bbox 659 2503 721 2542; x_wconf 89' lang='lat' dir='ltr'>M.</span> <span class='ocrx_word' id='word_1_171' title='bbox 741 2502 970 2542; x_wconf 84' lang='lat' dir='ltr'>Marcellus</span> 
     </span>
     <span class='ocr_line' id='line_1_36' title="bbox 91 2563 970 2616; baseline 0.001 -13"><span class='ocrx_word' id='word_1_172' title='bbox 91 2563 324 2603; x_wconf 84' lang='lat' dir='ltr'>Hannibali</span> <span class='ocrx_word' id='word_1_173' title='bbox 340 2574 385 2604; x_wconf 86' lang='lat' dir='ltr'>se</span> <span class='ocrx_word' id='word_1_174' title='bbox 411 2570 702 2615; x_wconf 84' lang='lat' dir='ltr'>opposuerant</span> <span class='ocrx_word' id='word_1_175' title='bbox 723 2576 816 2604; x_wconf 90' lang='lat' dir='ltr'>cum</span> <span class='ocrx_word' id='word_1_176' title='bbox 836 2565 970 2616; x_wconf 90' lang='lat' dir='ltr'>copiis</span> 
     </span>
     <span class='ocr_line' id='line_1_37' title="bbox 92 2625 970 2677; baseline 0.002 -13"><span class='ocrx_word' id='word_1_177' title='bbox 92 2625 217 2665; x_wconf 90' lang='lat' dir='ltr'>Bello</span> <span class='ocrx_word' id='word_1_178' title='bbox 246 2626 358 2666; x_wconf 90' lang='lat' dir='ltr'>Pun.</span> <span class='ocrx_word' id='word_1_179' title='bbox 385 2635 438 2666; x_wconf 85' lang='lat'>11.</span> <span class='ocrx_word' id='word_1_180' title='bbox 469 2626 655 2664; x_wconf 90' lang='lat' dir='ltr'>tumulus</span> <span class='ocrx_word' id='word_1_181' title='bbox 689 2631 784 2665; x_wconf 90' lang='lat' dir='ltr'>erat</span> <span class='ocrx_word' id='word_1_182' title='bbox 807 2627 970 2677; x_wconf 87' lang='lat' dir='ltr'>sylves·</span> 
     </span>
     <span class='ocr_line' id='line_1_38' title="bbox 92 2687 970 2729; baseline 0.001 -1"><span class='ocrx_word' id='word_1_183' title='bbox 92 2687 171 2728; x_wconf 79' lang='lat' dir='ltr'>tris</span> <span class='ocrx_word' id='word_1_184' title='bbox 188 2688 302 2728; x_wconf 87' lang='lat' dir='ltr'>iuter</span> <span class='ocrx_word' id='word_1_185' title='bbox 320 2688 483 2728; x_wconf 90' lang='lat' dir='ltr'>Punica</span> <span class='ocrx_word' id='word_1_186' title='bbox 509 2694 554 2728; x_wconf 89' lang='lat' dir='ltr'>et</span> <span class='ocrx_word' id='word_1_187' title='bbox 576 2689 764 2728; x_wconf 89' lang='lat' dir='ltr'>Romana</span> <span class='ocrx_word' id='word_1_188' title='bbox 782 2695 926 2729; x_wconf 88' lang='lat' dir='ltr'>castra</span> <span class='ocrx_word' id='word_1_189' title='bbox 945 2702 970 2729; x_wconf 90' lang='lat' dir='ltr'>a</span> 
     </span>
     <span class='ocr_line' id='line_1_39' title="bbox 93 2750 969 2804; baseline 0.003 -15"><span class='ocrx_word' id='word_1_190' title='bbox 93 2750 260 2790; x_wconf 83' lang='lat' dir='ltr'>neutris</span> <span class='ocrx_word' id='word_1_191' title='bbox 273 2751 411 2803; x_wconf 90' lang='lat' dir='ltr'>primo</span> <span class='ocrx_word' id='word_1_192' title='bbox 429 2757 680 2802; x_wconf 89' lang='lat' dir='ltr'>occupatus,</span> <span class='ocrx_word' id='word_1_193' title='bbox 699 2751 798 2804; x_wconf 91' lang='lat' dir='ltr'>quia</span> <span class='ocrx_word' id='word_1_194' title='bbox 819 2753 969 2792; x_wconf 91' lang='lat' dir='ltr'>Roma-</span> 
     </span>
     <span class='ocr_line' id='line_1_40' title="bbox 93 2812 968 2867; baseline 0.005 -16"><span class='ocrx_word' id='word_1_195' title='bbox 93 2812 156 2863; x_wconf 84' lang='lat' dir='ltr'>ni,</span> <span class='ocrx_word' id='word_1_196' title='bbox 181 2812 319 2865; x_wconf 83' lang='lat' dir='ltr'>qualis</span> <span class='ocrx_word' id='word_1_197' title='bbox 337 2818 452 2852; x_wconf 89' lang='lat' dir='ltr'>esset</span> <span class='ocrx_word' id='word_1_198' title='bbox 471 2825 568 2865; x_wconf 90' lang='lat' dir='ltr'>pars</span> <span class='ocrx_word' id='word_1_199' title='bbox 595 2814 686 2865; x_wconf 89' lang='lat' dir='ltr'>ejus</span> <span class='ocrx_word' id='word_1_200' title='bbox 705 2826 802 2866; x_wconf 86' lang='lat' dir='ltr'>quae</span> <span class='ocrx_word' id='word_1_201' title='bbox 818 2827 968 2867; x_wconf 84' lang='lat' dir='ltr'>verge—</span> 
     </span>
     <span class='ocr_line' id='line_1_41' title="bbox 95 2874 969 2928; baseline 0.005 -14"><span class='ocrx_word' id='word_1_202' title='bbox 95 2878 165 2914; x_wconf 78' lang='lat' dir='ltr'>ret</span> <span class='ocrx_word' id='word_1_203' title='bbox 197 2874 253 2915; x_wconf 89' lang='lat' dir='ltr'>ad</span> <span class='ocrx_word' id='word_1_204' title='bbox 280 2874 464 2915; x_wconf 86' lang='lat' dir='ltr'>hostium</span> <span class='ocrx_word' id='word_1_205' title='bbox 496 2880 652 2925; x_wconf 88' lang='lat' dir='ltr'>castra,</span> <span class='ocrx_word' id='word_1_206' title='bbox 688 2877 969 2928; x_wconf 82' lang='lat' dir='ltr'>ignorabant3</span> 
     </span>
     <span class='ocr_line' id='line_1_42' title="bbox 97 2936 967 2992; baseline 0.006 -17"><span class='ocrx_word' id='word_1_207' title='bbox 97 2947 225 2989; x_wconf 84' lang='lat' dir='ltr'>quem</span> <span class='ocrx_word' id='word_1_208' title='bbox 270 2936 486 2977; x_wconf 87' lang='lat' dir='ltr'>Hannibal</span> <span class='ocrx_word' id='word_1_209' title='bbox 530 2938 694 2978; x_wconf 91' lang='lat' dir='ltr'>insidiis</span> <span class='ocrx_word' id='word_1_210' title='bbox 739 2940 967 2992; x_wconf 86' lang='lat' dir='ltr'>captandis</span> 
     </span>
     <span class='ocr_line' id='line_1_43' title="bbox 95 2999 968 3054; baseline 0.005 -16"><span class='ocrx_word' id='word_1_211' title='bbox 95 2999 308 3051; x_wconf 87' lang='lat' dir='ltr'>aptiorem</span> <span class='ocrx_word' id='word_1_212' title='bbox 364 3011 458 3039; x_wconf 88' lang='lat' dir='ltr'>esse</span> <span class='ocrx_word' id='word_1_213' title='bbox 515 3000 777 3052; x_wconf 85' lang='lat' dir='ltr'>crediderat,</span> <span class='ocrx_word' id='word_1_214' title='bbox 820 3003 968 3054; x_wconf 86' lang='lat' dir='ltr'>itaque</span> 
     </span>
     <span class='ocr_line' id='line_1_44' title="bbox 94 3061 968 3116; baseline 0.005 -15"><span class='ocrx_word' id='word_1_215' title='bbox 94 3067 225 3101; x_wconf 90' lang='lat' dir='ltr'>nocte</span> <span class='ocrx_word' id='word_1_216' title='bbox 244 3062 298 3102; x_wconf 91' lang='lat' dir='ltr'>ad</span> <span class='ocrx_word' id='word_1_217' title='bbox 326 3061 371 3102; x_wconf 91' lang='lat' dir='ltr'>id</span> <span class='ocrx_word' id='word_1_218' title='bbox 393 3062 540 3102; x_wconf 89' lang='lat' dir='ltr'>missas</span> <span class='ocrx_word' id='word_1_219' title='bbox 571 3062 734 3116; x_wconf 89' lang='lat' dir='ltr'>aliquot</span> <span class='ocrx_word' id='word_1_220' title='bbox 761 3064 968 3104; x_wconf 89' lang='lat' dir='ltr'>Numida-</span> 
     </span>
     <span class='ocr_line' id='line_1_45' title="bbox 93 3125 967 3167; baseline 0.005 -4"><span class='ocrx_word' id='word_1_221' title='bbox 93 3135 188 3164; x_wconf 75' lang='lat' dir='ltr'>rum</span> <span class='ocrx_word' id='word_1_222' title='bbox 206 3130 366 3165; x_wconf 89' lang='lat' dir='ltr'>turmas</span> <span class='ocrx_word' id='word_1_223' title='bbox 391 3125 530 3165; x_wconf 90' lang='lat' dir='ltr'>medio</span> <span class='ocrx_word' id='word_1_224' title='bbox 559 3125 602 3165; x_wconf 90' lang='lat' dir='ltr'>in</span> <span class='ocrx_word' id='word_1_225' title='bbox 622 3127 734 3166; x_wconf 87' lang='lat' dir='ltr'>saltu</span> <span class='ocrx_word' id='word_1_226' title='bbox 763 3128 967 3167; x_wconf 87' lang='lat' dir='ltr'>condide-</span> 
     </span>
     <span class='ocr_line' id='line_1_46' title="bbox 96 3187 967 3241; baseline 0.003 -15"><span class='ocrx_word' id='word_1_227' title='bbox 96 3191 191 3226; x_wconf 85' lang='lat' dir='ltr'>rat:</span> <span class='ocrx_word' id='word_1_228' title='bbox 215 3187 425 3227; x_wconf 88' lang='lat' dir='ltr'>Romanos</span> <span class='ocrx_word' id='word_1_229' title='bbox 445 3188 682 3240; x_wconf 90' lang='lat' dir='ltr'>occupandi</span> <span class='ocrx_word' id='word_1_230' title='bbox 702 3188 789 3228; x_wconf 88' lang='lat' dir='ltr'>loci</span> <span class='ocrx_word' id='word_1_231' title='bbox 807 3190 967 3241; x_wconf 89' lang='lat' dir='ltr'>cupidi·</span> 
     </span>
     <span class='ocr_line' id='line_1_47' title="bbox 96 3249 966 3302; baseline 0.005 -14"><span class='ocrx_word' id='word_1_232' title='bbox 96 3254 162 3290; x_wconf 84' lang='lat' dir='ltr'>tas</span> <span class='ocrx_word' id='word_1_233' title='bbox 181 3249 367 3300; x_wconf 86' lang='lat' dir='ltr'>incessit,</span> <span class='ocrx_word' id='word_1_234' title='bbox 385 3261 437 3288; x_wconf 89' lang='lat' dir='ltr'>ne</span> <span class='ocrx_word' id='word_1_235' title='bbox 456 3250 491 3289; x_wconf 90' lang='lat' dir='ltr'>si</span> <span class='ocrx_word' id='word_1_236' title='bbox 523 3257 758 3302; x_wconf 88' lang='lat' dir='ltr'>occupatus</span> <span class='ocrx_word' id='word_1_237' title='bbox 775 3251 828 3291; x_wconf 92' lang='lat' dir='ltr'>ab</span> <span class='ocrx_word' id='word_1_238' title='bbox 847 3252 966 3292; x_wconf 86' lang='lat' dir='ltr'>Han-</span> 
     </span>
     <span class='ocr_line' id='line_1_48' title="bbox 95 3311 967 3355; baseline 0.003 -4"><span class='ocrx_word' id='word_1_239' title='bbox 95 3311 238 3352; x_wconf 85' lang='lat' dir='ltr'>nibale</span> <span class='ocrx_word' id='word_1_240' title='bbox 260 3311 372 3352; x_wconf 82' lang='lat' dir='ltr'>foret</span> <span class='ocrx_word' id='word_1_241' title='bbox 406 3313 449 3352; x_wconf 89' lang='lat' dir='ltr'>in</span> <span class='ocrx_word' id='word_1_242' title='bbox 485 3313 724 3354; x_wconf 86' lang='lat' dir='ltr'>cervicibus</span> <span class='ocrx_word' id='word_1_243' title='bbox 761 3314 967 3355; x_wconf 83' lang='lat' dir='ltr'>haberent</span> 
     </span>
     <span class='ocr_line' id='line_1_49' title="bbox 95 3377 966 3432; baseline 0.002 -15"><span class='ocrx_word' id='word_1_244' title='bbox 95 3377 259 3418; x_wconf 84' lang='lat' dir='ltr'>bostem</span> <span class='ocrx_word' id='word_1_245' title='bbox 277 3391 287 3417; x_wconf 76' lang='grc' dir='ltr'><strong><em>ε</em></strong></span> <span class='ocrx_word' id='word_1_246' title='bbox 317 3379 460 3431; x_wconf 89' lang='lat' dir='ltr'>itaque</span> <span class='ocrx_word' id='word_1_247' title='bbox 478 3379 681 3423; x_wconf 87' lang='lat' dir='ltr'>Consules</span> <span class='ocrx_word' id='word_1_248' title='bbox 703 3392 798 3419; x_wconf 90' lang='lat' dir='ltr'>cum</span> <span class='ocrx_word' id='word_1_249' title='bbox 819 3380 966 3432; x_wconf 89' lang='lat' dir='ltr'>paucis</span> 
     </span>
     <span class='ocr_line' id='line_1_50' title="bbox 100 3440 967 3493; baseline 0.002 -15"><span class='ocrx_word' id='word_1_250' title='bbox 100 3440 311 3490; x_wconf 86' lang='lat' dir='ltr'>equitibus</span> <span class='ocrx_word' id='word_1_251' title='bbox 332 3443 600 3493; x_wconf 84' lang='lat' dir='ltr'>exploratum</span> <span class='ocrx_word' id='word_1_252' title='bbox 619 3440 820 3493; x_wconf 84' lang='lat' dir='ltr'>profecti,</span> <span class='ocrx_word' id='word_1_253' title='bbox 846 3442 888 3480; x_wconf 91' lang='lat' dir='ltr'>in</span> <span class='ocrx_word' id='word_1_254' title='bbox 907 3442 967 3480; x_wconf 90' lang='lat' dir='ltr'>in-</span> 
     </span>
     <span class='ocr_line' id='line_1_51' title="bbox 100 3498 966 3555; baseline 0.008 -18"><span class='ocrx_word' id='word_1_255' title='bbox 100 3498 228 3541; x_wconf 81' lang='lat' dir='ltr'>sidias</span> <span class='ocrx_word' id='word_1_256' title='bbox 260 3504 604 3555; x_wconf 71' lang='lat' dir='ltr'>praecipitantur,</span> <span class='ocrx_word' id='word_1_257' title='bbox 633 3504 705 3544; x_wconf 91' lang='lat' dir='ltr'>ubi</span> <span class='ocrx_word' id='word_1_258' title='bbox 735 3504 966 3544; x_wconf 86' lang='lat' dir='ltr'>Marcellus</span> 
     </span>
    </p>
   </div>
   <div class='ocr_carea' id='block_1_3' title="bbox 1793 300 1900 353">
    <p class='ocr_par' dir='ltr' id='par_1_6' title="bbox 1793 300 1900 353">
     <span class='ocr_line' id='line_1_52' title="bbox 1793 300 1900 353; baseline 0.019 -2"><span class='ocrx_word' id='word_1_259' title='bbox 1793 300 1900 353; x_wconf 83' lang='lat'>957</span> 
     </span>
    </p>
   </div>
   <div class='ocr_carea' id='block_1_4' title="bbox 1017 429 1912 3553">
    <p class='ocr_par' dir='ltr' id='par_1_7' title="bbox 1017 429 1899 597">
     <span class='ocr_line' id='line_1_53' title="bbox 1017 429 1899 482; baseline 0.001 -13"><span class='ocrx_word' id='word_1_260' title='bbox 1017 430 1246 482; x_wconf 90' lang='lat' dir='ltr'>pugnando</span> <span class='ocrx_word' id='word_1_261' title='bbox 1289 430 1463 471; x_wconf 86' lang='lat' dir='ltr'>fortiter</span> <span class='ocrx_word' id='word_1_262' title='bbox 1509 429 1685 481; x_wconf 89' lang='lat' dir='ltr'>cecidit,</span> <span class='ocrx_word' id='word_1_263' title='bbox 1723 430 1899 482; x_wconf 87' lang='lat' dir='ltr'>Crispus</span> 
     </span>
     <span class='ocr_line' id='line_1_54' title="bbox 1018 493 1899 546; baseline 0.005 -15"><span class='ocrx_word' id='word_1_264' title='bbox 1018 494 1207 544; x_wconf 86' lang='lat' dir='ltr'>graviter</span> <span class='ocrx_word' id='word_1_265' title='bbox 1227 495 1400 535; x_wconf 90' lang='lat' dir='ltr'>saucius</span> <span class='ocrx_word' id='word_1_266' title='bbox 1420 494 1573 535; x_wconf 83' lang='lat' dir='ltr'>evasit.</span> <span class='ocrx_word' id='word_1_267' title='bbox 1630 493 1824 546; x_wconf 85' lang='lat' dir='ltr'>Contigit</span> <span class='ocrx_word' id='word_1_268' title='bbox 1843 494 1899 535; x_wconf 89' lang='lat' dir='ltr'>A.</span> 
     </span>
     <span class='ocr_line' id='line_1_55' title="bbox 1017 557 1296 597; baseline 0.004 -1"><span class='ocrx_word' id='word_1_269' title='bbox 1017 557 1071 596; x_wconf 92' lang='lat' dir='ltr'>U.</span> <span class='ocrx_word' id='word_1_270' title='bbox 1091 568 1296 597; x_wconf 82' lang='lat' dir='ltr'>nxxxtx.</span> 
     </span>
    </p>

    <p class='ocr_par' dir='ltr' id='par_1_8' title="bbox 1017 617 1906 982">
     <span class='ocr_line' id='line_1_56' title="bbox 1072 617 1902 671; baseline -0.001 -13"><span class='ocrx_word' id='word_1_271' title='bbox 1072 620 1276 671; x_wconf 83' lang='lat' dir='ltr'>Marcelli]</span> <span class='ocrx_word' id='word_1_272' title='bbox 1322 620 1555 660; x_wconf 88' lang='lat' dir='ltr'>Marcellus</span> <span class='ocrx_word' id='word_1_273' title='bbox 1595 618 1761 670; x_wconf 85' lang='lat' dir='ltr'>primus</span> <span class='ocrx_word' id='word_1_274' title='bbox 1800 617 1902 669; x_wconf 83' lang='lat' dir='ltr'>fuit,</span> 
     </span>
     <span class='ocr_line' id='line_1_57' title="bbox 1017 681 1904 733; baseline 0.001 -14"><span class='ocrx_word' id='word_1_275' title='bbox 1017 681 1089 732; x_wconf 90' lang='lat' dir='ltr'>qui</span> <span class='ocrx_word' id='word_1_276' title='bbox 1109 681 1163 720; x_wconf 91' lang='lat' dir='ltr'>ad</span> <span class='ocrx_word' id='word_1_277' title='bbox 1182 682 1336 721; x_wconf 91' lang='lat' dir='ltr'>Nolam</span> <span class='ocrx_word' id='word_1_278' title='bbox 1351 682 1638 722; x_wconf 89' lang='lat' dir='ltr'>Hannibalem</span> <span class='ocrx_word' id='word_1_279' title='bbox 1654 681 1766 721; x_wconf 92' lang='lat' dir='ltr'>vinci</span> <span class='ocrx_word' id='word_1_280' title='bbox 1779 693 1904 733; x_wconf 91' lang='lat' dir='ltr'>posse</span> 
     </span>
     <span class='ocr_line' id='line_1_58' title="bbox 1020 742 1904 791; baseline 0.003 -11"><span class='ocrx_word' id='word_1_281' title='bbox 1020 742 1182 791; x_wconf 85' lang='lat' dir='ltr'>docuit,</span> <span class='ocrx_word' id='word_1_282' title='bbox 1202 747 1247 782; x_wconf 87' lang='lat' dir='ltr'>et</span> <span class='ocrx_word' id='word_1_283' title='bbox 1265 756 1361 783; x_wconf 91' lang='lat' dir='ltr'>cum</span> <span class='ocrx_word' id='word_1_284' title='bbox 1390 744 1588 784; x_wconf 87' lang='lat' dir='ltr'>exercitu</span> <span class='ocrx_word' id='word_1_285' title='bbox 1607 743 1759 783; x_wconf 90' lang='lat' dir='ltr'>deleri.</span> <span class='ocrx_word' id='word_1_286' title='bbox 1817 743 1904 783; x_wconf 88' lang='lat' dir='ltr'>Hic</span> 
     </span>
     <span class='ocr_line' id='line_1_59' title="bbox 1020 804 1906 859; baseline 0.001 -16"><span class='ocrx_word' id='word_1_287' title='bbox 1020 816 1190 856; x_wconf 89' lang='lat' dir='ltr'>quoque</span> <span class='ocrx_word' id='word_1_288' title='bbox 1205 804 1289 845; x_wconf 91' lang='lat' dir='ltr'>fuit</span> <span class='ocrx_word' id='word_1_289' title='bbox 1305 818 1359 845; x_wconf 86' lang='lat' dir='ltr'>ex</span> <span class='ocrx_word' id='word_1_290' title='bbox 1377 806 1513 847; x_wconf 86' lang='lat' dir='ltr'>tribus</span> <span class='ocrx_word' id='word_1_291' title='bbox 1532 819 1657 856; x_wconf 91' lang='lat' dir='ltr'>unus,</span> <span class='ocrx_word' id='word_1_292' title='bbox 1677 806 1748 859; x_wconf 89' lang='lat' dir='ltr'>qui</span> <span class='ocrx_word' id='word_1_293' title='bbox 1768 806 1906 857; x_wconf 86' lang='lat' dir='ltr'>spolia</span> 
     </span>
     <span class='ocr_line' id='line_1_60' title="bbox 1019 866 1906 920; baseline 0.002 -14"><span class='ocrx_word' id='word_1_294' title='bbox 1019 866 1167 918; x_wconf 89' lang='lat' dir='ltr'>opima</span> <span class='ocrx_word' id='word_1_295' title='bbox 1185 867 1286 908; x_wconf 86' lang='lat' dir='ltr'>Jovi</span> <span class='ocrx_word' id='word_1_296' title='bbox 1301 868 1498 908; x_wconf 89' lang='lat' dir='ltr'>Feretrio</span> <span class='ocrx_word' id='word_1_297' title='bbox 1518 868 1802 920; x_wconf 90' lang='lat' dir='ltr'>consecravit,</span> <span class='ocrx_word' id='word_1_298' title='bbox 1821 880 1906 908; x_wconf 71' lang='lat' dir='ltr'>cze-</span> 
     </span>
     <span class='ocr_line' id='line_1_61' title="bbox 1020 929 1741 982; baseline 0 -13"><span class='ocrx_word' id='word_1_299' title='bbox 1020 941 1067 969; x_wconf 91' lang='lat' dir='ltr'>so</span> <span class='ocrx_word' id='word_1_300' title='bbox 1086 929 1367 969; x_wconf 90' lang='lat' dir='ltr'>Virodomaro</span> <span class='ocrx_word' id='word_1_301' title='bbox 1387 930 1606 971; x_wconf 87' lang='lat' dir='ltr'>Gallorum</span> <span class='ocrx_word' id='word_1_302' title='bbox 1627 943 1741 982; x_wconf 89' lang='lat' dir='ltr'>rege.</span> 
     </span>
    </p>

    <p class='ocr_par' dir='ltr' id='par_1_9' title="bbox 1022 991 1902 1105">
     <span class='ocr_line' id='line_1_62' title="bbox 1074 991 1902 1046; baseline 0.004 -16"><span class='ocrx_word' id='word_1_303' title='bbox 1074 991 1378 1044; x_wconf 80' lang='lat' dir='ltr'>Syracusarum]</span> <span class='ocrx_word' id='word_1_304' title='bbox 1404 992 1518 1032; x_wconf 89' lang='lat' dir='ltr'>Vide</span> <span class='ocrx_word' id='word_1_305' title='bbox 1539 1005 1667 1045; x_wconf 88' lang='lat' dir='ltr'>supra</span> <span class='ocrx_word' id='word_1_306' title='bbox 1684 993 1734 1033; x_wconf 88' lang='lat' dir='ltr'>ad</span> <span class='ocrx_word' id='word_1_307' title='bbox 1752 1003 1845 1046; x_wconf 88' lang='lat' dir='ltr'>cap.</span> <span class='ocrx_word' id='word_1_308' title='bbox 1863 997 1902 1033; x_wconf 92' lang='lat'>1.</span> 
     </span>
     <span class='ocr_line' id='line_1_63' title="bbox 1022 1054 1285 1105; baseline 0 -11"><span class='ocrx_word' id='word_1_309' title='bbox 1022 1054 1220 1105; x_wconf 87' lang='lat' dir='ltr'>Exempl.</span> <span class='ocrx_word' id='word_1_310' title='bbox 1242 1058 1285 1094; x_wconf 88' lang='lat'>8.</span> 
     </span>
    </p>

    <p class='ocr_par' dir='ltr' id='par_1_10' title="bbox 1021 1117 1907 1298">
     <span class='ocr_line' id='line_1_64' title="bbox 1077 1117 1902 1171; baseline 0.004 -15"><span class='ocrx_word' id='word_1_311' title='bbox 1077 1117 1253 1168; x_wconf 83' lang='lat' dir='ltr'>Nolana]</span> <span class='ocrx_word' id='word_1_312' title='bbox 1278 1117 1392 1158; x_wconf 89' lang='lat' dir='ltr'>Vide</span> <span class='ocrx_word' id='word_1_313' title='bbox 1410 1129 1538 1171; x_wconf 88' lang='lat' dir='ltr'>supra</span> <span class='ocrx_word' id='word_1_314' title='bbox 1558 1118 1612 1159; x_wconf 91' lang='lat' dir='ltr'>ad</span> <span class='ocrx_word' id='word_1_315' title='bbox 1630 1130 1728 1171; x_wconf 86' lang='lat' dir='ltr'>cap.</span> <span class='ocrx_word' id='word_1_316' title='bbox 1742 1122 1782 1159; x_wconf 88' lang='lat'>6.</span> <span class='ocrx_word' id='word_1_317' title='bbox 1816 1119 1902 1158; x_wconf 80' lang='lat' dir='ltr'>Ex-</span> 
     </span>
     <span class='ocr_line' id='line_1_65' title="bbox 1021 1181 1210 1232; baseline 0.005 -12"><span class='ocrx_word' id='word_1_318' title='bbox 1021 1181 1151 1232; x_wconf 91' lang='lat' dir='ltr'>empl.</span> <span class='ocrx_word' id='word_1_319' title='bbox 1169 1184 1210 1221; x_wconf 89' lang='grc'>4.</span> 
     </span>
     <span class='ocr_line' id='line_1_66' title="bbox 1035 1245 1907 1298; baseline 0.001 -14"><span class='ocrx_word' id='word_1_320' title='bbox 1035 1260 1038 1264; x_wconf 52' lang='grc'><strong><em>&gt;</em></strong></span> <span class='ocrx_word' id='word_1_321' title='bbox 1077 1245 1406 1297; x_wconf 66' lang='grc' dir='ltr'>Ρωηονιιηι,ᾅ·ο.]</span> <span class='ocrx_word' id='word_1_322' title='bbox 1428 1245 1624 1298; x_wconf 88' lang='lat' dir='ltr'>Contigit</span> <span class='ocrx_word' id='word_1_323' title='bbox 1637 1245 1907 1286; x_wconf 74' lang='lat' dir='ltr'>A.U.nxr,v.</span> 
     </span>
    </p>

    <p class='ocr_par' dir='ltr' id='par_1_11' title="bbox 1024 1307 1911 1610">
     <span class='ocr_line' id='line_1_67' title="bbox 1077 1307 1908 1360; baseline 0.002 -14"><span class='ocrx_word' id='word_1_324' title='bbox 1077 1307 1219 1346; x_wconf 85' lang='lat' dir='ltr'>Prima</span> <span class='ocrx_word' id='word_1_325' title='bbox 1236 1308 1384 1359; x_wconf 75' lang='lat' dir='ltr'>hostia]</span> <span class='ocrx_word' id='word_1_326' title='bbox 1412 1309 1570 1349; x_wconf 89' lang='lat' dir='ltr'>Hostia</span> <span class='ocrx_word' id='word_1_327' title='bbox 1588 1309 1908 1360; x_wconf 90' lang='lat' dir='ltr'>immolabatur,</span> 
     </span>
     <span class='ocr_line' id='line_1_68' title="bbox 1024 1370 1911 1423; baseline 0.001 -13"><span class='ocrx_word' id='word_1_328' title='bbox 1024 1376 1254 1423; x_wconf 90' lang='lat' dir='ltr'>autequam</span> <span class='ocrx_word' id='word_1_329' title='bbox 1274 1370 1329 1411; x_wconf 89' lang='lat' dir='ltr'>ad</span> <span class='ocrx_word' id='word_1_330' title='bbox 1347 1372 1492 1411; x_wconf 85' lang='lat' dir='ltr'>hostes</span> <span class='ocrx_word' id='word_1_331' title='bbox 1514 1371 1911 1423; x_wconf 88' lang='lat' dir='ltr'>proficiscerentur,</span> 
     </span>
     <span class='ocr_line' id='line_1_69' title="bbox 1027 1433 1908 1486; baseline 0.002 -14"><span class='ocrx_word' id='word_1_332' title='bbox 1027 1433 1200 1473; x_wconf 89' lang='lat' dir='ltr'>victima</span> <span class='ocrx_word' id='word_1_333' title='bbox 1218 1439 1317 1484; x_wconf 85' lang='lat' dir='ltr'>post</span> <span class='ocrx_word' id='word_1_334' title='bbox 1345 1441 1512 1485; x_wconf 89' lang='lat' dir='ltr'>partam</span> <span class='ocrx_word' id='word_1_335' title='bbox 1542 1435 1785 1486; x_wconf 86' lang='lat' dir='ltr'>victoriam,</span> <span class='ocrx_word' id='word_1_336' title='bbox 1810 1447 1908 1474; x_wconf 89' lang='lat' dir='ltr'>cum</span> 
     </span>
     <span class='ocr_line' id='line_1_70' title="bbox 1025 1494 1910 1547; baseline 0.001 -13"><span class='ocrx_word' id='word_1_337' title='bbox 1025 1494 1123 1535; x_wconf 91' lang='lat' dir='ltr'>Diis</span> <span class='ocrx_word' id='word_1_338' title='bbox 1145 1496 1304 1545; x_wconf 88' lang='lat' dir='ltr'>gratias</span> <span class='ocrx_word' id='word_1_339' title='bbox 1325 1502 1528 1547; x_wconf 88' lang='lat' dir='ltr'>agerent:</span> <span class='ocrx_word' id='word_1_340' title='bbox 1563 1496 1682 1536; x_wconf 90' lang='lat' dir='ltr'>dicta</span> <span class='ocrx_word' id='word_1_341' title='bbox 1712 1497 1910 1547; x_wconf 88' lang='lat' dir='ltr'>victima,</span> 
     </span>
     <span class='ocr_line' id='line_1_71' title="bbox 1025 1557 1719 1610; baseline 0.003 -14"><span class='ocrx_word' id='word_1_342' title='bbox 1025 1557 1137 1610; x_wconf 89' lang='lat' dir='ltr'>quod</span> <span class='ocrx_word' id='word_1_343' title='bbox 1156 1558 1256 1598; x_wconf 89' lang='lat' dir='ltr'>victi</span> <span class='ocrx_word' id='word_1_344' title='bbox 1275 1559 1363 1598; x_wconf 90' lang='lat' dir='ltr'>sint</span> <span class='ocrx_word' id='word_1_345' title='bbox 1381 1558 1540 1599; x_wconf 87' lang='lat' dir='ltr'>hostes.</span> <span class='ocrx_word' id='word_1_346' title='bbox 1571 1559 1719 1599; x_wconf 84' lang='lat' dir='ltr'>Oliver.</span> 
     </span>
    </p>

    <p class='ocr_par' dir='ltr' id='par_1_12' title="bbox 1025 1620 1910 1735">
     <span class='ocr_line' id='line_1_72' title="bbox 1077 1620 1910 1671; baseline 0 -12"><span class='ocrx_word' id='word_1_347' title='bbox 1077 1620 1186 1659; x_wconf 78' lang='lat' dir='ltr'>Ante</span> <span class='ocrx_word' id='word_1_348' title='bbox 1210 1620 1410 1671; x_wconf 85' lang='lat' dir='ltr'>foculum]</span> <span class='ocrx_word' id='word_1_349' title='bbox 1463 1620 1554 1660; x_wconf 89' lang='lat' dir='ltr'>Ubi</span> <span class='ocrx_word' id='word_1_350' title='bbox 1603 1621 1910 1663; x_wconf 87' lang='lat' dir='ltr'>asservabatur</span> 
     </span>
     <span class='ocr_line' id='line_1_73' title="bbox 1025 1683 1589 1735; baseline 0 -11"><span class='ocrx_word' id='word_1_351' title='bbox 1025 1683 1136 1735; x_wconf 88' lang='lat' dir='ltr'>ignis</span> <span class='ocrx_word' id='word_1_352' title='bbox 1155 1683 1210 1723; x_wconf 88' lang='lat' dir='ltr'>ad</span> <span class='ocrx_word' id='word_1_353' title='bbox 1230 1683 1430 1723; x_wconf 88' lang='lat' dir='ltr'>sacrificii</span> <span class='ocrx_word' id='word_1_354' title='bbox 1451 1695 1589 1724; x_wconf 92' lang='lat' dir='ltr'>usum.</span> 
     </span>
    </p>

    <p class='ocr_par' dir='ltr' id='par_1_13' title="bbox 1026 1746 1911 2052">
     <span class='ocr_line' id='line_1_74' title="bbox 1080 1746 1911 1798; baseline 0.001 -13"><span class='ocrx_word' id='word_1_355' title='bbox 1080 1746 1176 1786; x_wconf 84' lang='lat' dir='ltr'>Sine</span> <span class='ocrx_word' id='word_1_356' title='bbox 1188 1746 1334 1798; x_wconf 82' lang='lat' dir='ltr'>capite]</span> <span class='ocrx_word' id='word_1_357' title='bbox 1355 1747 1501 1787; x_wconf 86' lang='lat' dir='ltr'>Prima</span> <span class='ocrx_word' id='word_1_358' title='bbox 1512 1753 1559 1787; x_wconf 93' lang='lat' dir='ltr'>et</span> <span class='ocrx_word' id='word_1_359' title='bbox 1573 1747 1911 1787; x_wconf 85' lang='lat' dir='ltr'>eminentissima</span> 
     </span>
     <span class='ocr_line' id='line_1_75' title="bbox 1026 1809 1910 1862; baseline 0 -13"><span class='ocrx_word' id='word_1_360' title='bbox 1026 1815 1166 1861; x_wconf 88' lang='lat' dir='ltr'>parte.</span> <span class='ocrx_word' id='word_1_361' title='bbox 1218 1810 1354 1852; x_wconf 88' lang='lat' dir='ltr'>Jecur</span> <span class='ocrx_word' id='word_1_362' title='bbox 1385 1810 1533 1850; x_wconf 88' lang='lat' dir='ltr'>subter</span> <span class='ocrx_word' id='word_1_363' title='bbox 1560 1809 1731 1862; x_wconf 89' lang='lat' dir='ltr'>quidem</span> <span class='ocrx_word' id='word_1_364' title='bbox 1755 1822 1910 1850; x_wconf 90' lang='lat' dir='ltr'>conca-</span> 
     </span>
     <span class='ocr_line' id='line_1_76' title="bbox 1028 1872 1910 1924; baseline -0.001 -12"><span class='ocrx_word' id='word_1_365' title='bbox 1028 1885 1143 1924; x_wconf 92' lang='lat' dir='ltr'>vum,</span> <span class='ocrx_word' id='word_1_366' title='bbox 1161 1885 1288 1924; x_wconf 91' lang='lat' dir='ltr'>supra</span> <span class='ocrx_word' id='word_1_367' title='bbox 1309 1879 1355 1913; x_wconf 90' lang='lat' dir='ltr'>et</span> <span class='ocrx_word' id='word_1_368' title='bbox 1369 1873 1638 1913; x_wconf 86' lang='lat' dir='ltr'>extrinsecus</span> <span class='ocrx_word' id='word_1_369' title='bbox 1665 1872 1910 1923; x_wconf 88' lang='lat' dir='ltr'>prominens</span> 
     </span>
     <span class='ocr_line' id='line_1_77' title="bbox 1026 1932 1911 1988; baseline -0.002 -12"><span class='ocrx_word' id='word_1_370' title='bbox 1026 1935 1070 1976; x_wconf 91' lang='lat' dir='ltr'>in</span> <span class='ocrx_word' id='word_1_371' title='bbox 1089 1935 1216 1976; x_wconf 89' lang='lat' dir='ltr'>fibras</span> <span class='ocrx_word' id='word_1_372' title='bbox 1249 1936 1438 1988; x_wconf 91' lang='lat' dir='ltr'>quinque</span> <span class='ocrx_word' id='word_1_373' title='bbox 1466 1934 1633 1988; x_wconf 85' lang='lat' dir='ltr'>(Graeci</span> <span class='ocrx_word' id='word_1_374' title='bbox 1660 1932 1806 1980; x_wconf 79' lang='grc' dir='ltr'>λοβοὺς</span> <span class='ocrx_word' id='word_1_375' title='bbox 1837 1946 1911 1986; x_wconf 90' lang='lat' dir='ltr'>ap·</span> 
     </span>
     <span class='ocr_line' id='line_1_78' title="bbox 1026 1999 1480 2052; baseline 0.002 -13"><span class='ocrx_word' id='word_1_376' title='bbox 1026 1999 1214 2052; x_wconf 87' lang='lat' dir='ltr'>pellant)</span> <span class='ocrx_word' id='word_1_377' title='bbox 1234 1999 1480 2040; x_wconf 86' lang='lat' dir='ltr'>dissectum.</span> 
     </span>
    </p>

    <p class='ocr_par' dir='ltr' id='par_1_14' title="bbox 1027 2063 1912 2615">
     <span class='ocr_line' id='line_1_79' title="bbox 1084 2063 1909 2114; baseline -0.001 -11"><span class='ocrx_word' id='word_1_378' title='bbox 1084 2064 1190 2109; x_wconf 79' lang='lat' dir='ltr'>Quia</span> <span class='ocrx_word' id='word_1_379' title='bbox 1217 2063 1349 2114; x_wconf 78' lang='lat' dir='ltr'>prima</span> <span class='ocrx_word' id='word_1_380' title='bbox 1379 2068 1462 2103; x_wconf 85' lang='lat' dir='ltr'>tam</span> <span class='ocrx_word' id='word_1_381' title='bbox 1491 2063 1642 2113; x_wconf 78' lang='lat' dir='ltr'>tristia,</span> <span class='ocrx_word' id='word_1_382' title='bbox 1659 2063 1828 2103; x_wconf 83' lang='lat' dir='ltr'>secunda</span> <span class='ocrx_word' id='word_1_383' title='bbox 1847 2063 1909 2102; x_wconf 74' lang='grc' dir='ltr'>ηἰ-</span> 
     </span>
     <span class='ocr_line' id='line_1_80' title="bbox 1027 2125 1911 2178; baseline 0.002 -13"><span class='ocrx_word' id='word_1_384' title='bbox 1027 2126 1103 2165; x_wconf 85' lang='lat' dir='ltr'>mis</span> <span class='ocrx_word' id='word_1_385' title='bbox 1119 2126 1231 2177; x_wconf 78' lang='lat' dir='ltr'>loela]</span> <span class='ocrx_word' id='word_1_386' title='bbox 1259 2125 1348 2166; x_wconf 90' lang='lat' dir='ltr'>Alii</span> <span class='ocrx_word' id='word_1_387' title='bbox 1366 2139 1376 2165; x_wconf 67' lang='grc' dir='ltr'><em>τ</em></span> <span class='ocrx_word' id='word_1_388' title='bbox 1411 2126 1504 2178; x_wconf 83' lang='lat' dir='ltr'>quia</span> <span class='ocrx_word' id='word_1_389' title='bbox 1519 2127 1650 2177; x_wconf 78' lang='lat' dir='ltr'>prima</span> <span class='ocrx_word' id='word_1_390' title='bbox 1668 2130 1824 2175; x_wconf 77' lang='lat' dir='ltr'>trunca,</span> <span class='ocrx_word' id='word_1_391' title='bbox 1843 2128 1911 2177; x_wconf 62' lang='grc' dir='ltr'>ᾇτ’.</span> 
     </span>
     <span class='ocr_line' id='line_1_81' title="bbox 1027 2190 1909 2242; baseline -0.001 -12"><span class='ocrx_word' id='word_1_392' title='bbox 1027 2190 1081 2230; x_wconf 92' lang='lat' dir='ltr'>In</span> <span class='ocrx_word' id='word_1_393' title='bbox 1103 2203 1184 2231; x_wconf 91' lang='lat' dir='ltr'>uno</span> <span class='ocrx_word' id='word_1_394' title='bbox 1205 2192 1288 2232; x_wconf 90' lang='lat' dir='ltr'>Ms.</span> <span class='ocrx_word' id='word_1_395' title='bbox 1303 2191 1368 2231; x_wconf 86' lang='lat' dir='ltr'>sic</span> <span class='ocrx_word' id='word_1_396' title='bbox 1386 2204 1396 2231; x_wconf 89' lang='lat'>:</span> <span class='ocrx_word' id='word_1_397' title='bbox 1435 2190 1528 2242; x_wconf 78' lang='lat' dir='ltr'>quia</span> <span class='ocrx_word' id='word_1_398' title='bbox 1555 2192 1686 2242; x_wconf 82' lang='lat' dir='ltr'>prima</span> <span class='ocrx_word' id='word_1_399' title='bbox 1714 2194 1796 2230; x_wconf 82' lang='lat' dir='ltr'>tam</span> <span class='ocrx_word' id='word_1_400' title='bbox 1816 2191 1909 2230; x_wconf 82' lang='lat' dir='ltr'>tris-</span> 
     </span>
     <span class='ocr_line' id='line_1_82' title="bbox 1027 2253 1909 2305; baseline 0.001 -12"><span class='ocrx_word' id='word_1_401' title='bbox 1027 2253 1101 2304; x_wconf 75' lang='lat' dir='ltr'>tia,</span> <span class='ocrx_word' id='word_1_402' title='bbox 1119 2255 1286 2294; x_wconf 79' lang='lat' dir='ltr'>secunda</span> <span class='ocrx_word' id='word_1_403' title='bbox 1305 2258 1387 2293; x_wconf 83' lang='lat' dir='ltr'>tam</span> <span class='ocrx_word' id='word_1_404' title='bbox 1405 2255 1497 2294; x_wconf 84' lang='lat' dir='ltr'>loeta</span> <span class='ocrx_word' id='word_1_405' title='bbox 1509 2253 1790 2305; x_wconf 79' lang='lat' dir='ltr'>apparuissent.</span> <span class='ocrx_word' id='word_1_406' title='bbox 1828 2256 1909 2294; x_wconf 87' lang='lat' dir='ltr'>Le-</span> 
     </span>
     <span class='ocr_line' id='line_1_83' title="bbox 1030 2314 1911 2369; baseline -0.001 -13"><span class='ocrx_word' id='word_1_407' title='bbox 1030 2314 1090 2367; x_wconf 69' lang='lat' dir='ltr'>go&#39;</span> <span class='ocrx_word' id='word_1_408' title='bbox 1116 2316 1279 2369; x_wconf 86' lang='lat' dir='ltr'>itaque,</span> <span class='ocrx_word' id='word_1_409' title='bbox 1305 2321 1388 2356; x_wconf 81' lang='lat' dir='ltr'>tam</span> <span class='ocrx_word' id='word_1_410' title='bbox 1419 2321 1569 2356; x_wconf 80' lang='lat' dir='ltr'>trunca.</span> <span class='ocrx_word' id='word_1_411' title='bbox 1623 2316 1734 2355; x_wconf 89' lang='lat' dir='ltr'>Item</span> <span class='ocrx_word' id='word_1_412' title='bbox 1763 2314 1911 2355; x_wconf 85' lang='lat' dir='ltr'>Livius</span> 
     </span>
     <span class='ocr_line' id='line_1_84' title="bbox 1030 2377 1912 2429; baseline -0.001 -13"><span class='ocrx_word' id='word_1_413' title='bbox 1030 2377 1167 2429; x_wconf 90' lang='lat' dir='ltr'>primo</span> <span class='ocrx_word' id='word_1_414' title='bbox 1194 2384 1346 2418; x_wconf 88' lang='lat' dir='ltr'>trunca</span> <span class='ocrx_word' id='word_1_415' title='bbox 1369 2384 1413 2417; x_wconf 84' lang='lat' dir='ltr'>et</span> <span class='ocrx_word' id='word_1_416' title='bbox 1434 2378 1578 2429; x_wconf 91' lang='lat' dir='ltr'>turpia</span> <span class='ocrx_word' id='word_1_417' title='bbox 1596 2384 1713 2427; x_wconf 85' lang='lat' dir='ltr'>exta,</span> <span class='ocrx_word' id='word_1_418' title='bbox 1730 2377 1828 2416; x_wconf 89' lang='lat' dir='ltr'>dein</span> <span class='ocrx_word' id='word_1_419' title='bbox 1848 2378 1912 2416; x_wconf 91' lang='lat' dir='ltr'>ni-</span> 
     </span>
     <span class='ocr_line' id='line_1_85' title="bbox 1029 2439 1909 2480; baseline 0.002 -2"><span class='ocrx_word' id='word_1_420' title='bbox 1029 2439 1108 2479; x_wconf 90' lang='lat' dir='ltr'>mis</span> <span class='ocrx_word' id='word_1_421' title='bbox 1145 2440 1249 2480; x_wconf 87' lang='lat' dir='ltr'>laeta</span> <span class='ocrx_word' id='word_1_422' title='bbox 1286 2440 1391 2479; x_wconf 91' lang='lat' dir='ltr'>dicit</span> <span class='ocrx_word' id='word_1_423' title='bbox 1420 2439 1568 2479; x_wconf 88' lang='lat' dir='ltr'>fuisse.</span> <span class='ocrx_word' id='word_1_424' title='bbox 1623 2440 1675 2479; x_wconf 92' lang='lat' dir='ltr'>In</span> <span class='ocrx_word' id='word_1_425' title='bbox 1709 2440 1909 2480; x_wconf 89' lang='lat' dir='ltr'>Gembla-</span> 
     </span>
     <span class='ocr_line' id='line_1_86' title="bbox 1030 2502 1910 2553; baseline 0.001 -11"><span class='ocrx_word' id='word_1_426' title='bbox 1030 2503 1149 2542; x_wconf 82' lang='lat' dir='ltr'>censi</span> <span class='ocrx_word' id='word_1_427' title='bbox 1168 2502 1264 2542; x_wconf 88' lang='lat' dir='ltr'>cod.</span> <span class='ocrx_word' id='word_1_428' title='bbox 1284 2502 1345 2541; x_wconf 90' lang='lat' dir='ltr'>sic</span> <span class='ocrx_word' id='word_1_429' title='bbox 1362 2515 1372 2541; x_wconf 72' lang='grc' dir='ltr'><strong><em>ε</em></strong></span> <span class='ocrx_word' id='word_1_430' title='bbox 1419 2502 1510 2553; x_wconf 81' lang='lat' dir='ltr'>quia</span> <span class='ocrx_word' id='word_1_431' title='bbox 1527 2504 1732 2542; x_wconf 83' lang='lat' dir='ltr'>secundum</span> <span class='ocrx_word' id='word_1_432' title='bbox 1752 2506 1910 2543; x_wconf 74' lang='lat' dir='ltr'>trunca-</span> 
     </span>
     <span class='ocr_line' id='line_1_87' title="bbox 1029 2565 1460 2615; baseline 0 -11"><span class='ocrx_word' id='word_1_433' title='bbox 1029 2569 1111 2605; x_wconf 81' lang='lat' dir='ltr'>tam</span> <span class='ocrx_word' id='word_1_434' title='bbox 1130 2566 1235 2605; x_wconf 82' lang='lat' dir='ltr'>loeta.</span> <span class='ocrx_word' id='word_1_435' title='bbox 1266 2565 1460 2615; x_wconf 81' lang='lat' dir='ltr'>Pighius.</span> 
     </span>
    </p>

    <p class='ocr_par' dir='ltr' id='par_1_15' title="bbox 1028 2627 1911 3119">
     <span class='ocr_line' id='line_1_88' title="bbox 1081 2627 1909 2679; baseline 0 -11"><span class='ocrx_word' id='word_1_436' title='bbox 1081 2627 1260 2679; x_wconf 77' lang='lat' dir='ltr'>Brutiis]</span> <span class='ocrx_word' id='word_1_437' title='bbox 1300 2628 1414 2668; x_wconf 91' lang='lat' dir='ltr'>Vide</span> <span class='ocrx_word' id='word_1_438' title='bbox 1445 2628 1499 2667; x_wconf 89' lang='lat' dir='ltr'>de</span> <span class='ocrx_word' id='word_1_439' title='bbox 1528 2627 1580 2667; x_wconf 91' lang='lat' dir='ltr'>iis</span> <span class='ocrx_word' id='word_1_440' title='bbox 1606 2628 1765 2669; x_wconf 88' lang='lat' dir='ltr'>Justin.</span> <span class='ocrx_word' id='word_1_441' title='bbox 1797 2627 1909 2668; x_wconf 90' lang='lat' dir='ltr'>libro</span> 
     </span>
     <span class='ocr_line' id='line_1_89' title="bbox 1029 2690 1909 2742; baseline 0 -12"><span class='ocrx_word' id='word_1_442' title='bbox 1029 2701 1204 2731; x_wconf 79' lang='lat' dir='ltr'>xxxin.</span> <span class='ocrx_word' id='word_1_443' title='bbox 1251 2690 1369 2730; x_wconf 87' lang='lat' dir='ltr'>Dicti</span> <span class='ocrx_word' id='word_1_444' title='bbox 1388 2703 1413 2730; x_wconf 89' lang='lat' dir='ltr'>a</span> <span class='ocrx_word' id='word_1_445' title='bbox 1431 2690 1586 2730; x_wconf 90' lang='lat' dir='ltr'>Brutia</span> <span class='ocrx_word' id='word_1_446' title='bbox 1601 2691 1794 2740; x_wconf 89' lang='lat' dir='ltr'>muliere,</span> <span class='ocrx_word' id='word_1_447' title='bbox 1813 2702 1909 2742; x_wconf 86' lang='lat' dir='ltr'>quae</span> 
     </span>
     <span class='ocr_line' id='line_1_90' title="bbox 1029 2753 1911 2806; baseline -0.001 -12"><span class='ocrx_word' id='word_1_448' title='bbox 1029 2754 1229 2806; x_wconf 88' lang='lat' dir='ltr'>Dionysii</span> <span class='ocrx_word' id='word_1_449' title='bbox 1246 2754 1403 2794; x_wconf 89' lang='lat' dir='ltr'>milites</span> <span class='ocrx_word' id='word_1_450' title='bbox 1429 2753 1693 2806; x_wconf 87' lang='lat' dir='ltr'>prodiderat.</span> <span class='ocrx_word' id='word_1_451' title='bbox 1748 2753 1911 2793; x_wconf 87' lang='lat' dir='ltr'>Diodo-</span> 
     </span>
     <span class='ocr_line' id='line_1_91' title="bbox 1028 2816 1908 2868; baseline 0.001 -12"><span class='ocrx_word' id='word_1_452' title='bbox 1028 2828 1099 2856; x_wconf 87' lang='lat' dir='ltr'>rus</span> <span class='ocrx_word' id='word_1_453' title='bbox 1115 2817 1191 2857; x_wconf 90' lang='lat' dir='ltr'>lib.</span> <span class='ocrx_word' id='word_1_454' title='bbox 1210 2828 1307 2856; x_wconf 75' lang='lat' dir='ltr'>xvi.</span> <span class='ocrx_word' id='word_1_455' title='bbox 1328 2816 1424 2856; x_wconf 87' lang='lat' dir='ltr'>ideo</span> <span class='ocrx_word' id='word_1_456' title='bbox 1442 2817 1636 2856; x_wconf 88' lang='lat' dir='ltr'>Brettios</span> <span class='ocrx_word' id='word_1_457' title='bbox 1667 2816 1908 2868; x_wconf 86' lang='lat' dir='ltr'>appellatos</span> 
     </span>
     <span class='ocr_line' id='line_1_92' title="bbox 1028 2878 1910 2932; baseline 0.001 -14"><span class='ocrx_word' id='word_1_458' title='bbox 1028 2878 1148 2930; x_wconf 87' lang='lat' dir='ltr'>dicit,</span> <span class='ocrx_word' id='word_1_459' title='bbox 1168 2884 1370 2932; x_wconf 90' lang='lat' dir='ltr'>tanquam</span> <span class='ocrx_word' id='word_1_460' title='bbox 1388 2879 1590 2931; x_wconf 90' lang='lat' dir='ltr'>fugitivos</span> <span class='ocrx_word' id='word_1_461' title='bbox 1625 2880 1910 2919; x_wconf 88' lang='lat' dir='ltr'>Lucanorum.</span> 
     </span>
     <span class='ocr_line' id='line_1_93' title="bbox 1029 2942 1907 2983; baseline 0 -2"><span class='ocrx_word' id='word_1_462' title='bbox 1029 2942 1208 2982; x_wconf 90' lang='lat' dir='ltr'>Limites</span> <span class='ocrx_word' id='word_1_463' title='bbox 1241 2942 1295 2983; x_wconf 87' lang='lat' dir='ltr'>ad</span> <span class='ocrx_word' id='word_1_464' title='bbox 1332 2943 1595 2983; x_wconf 88' lang='lat' dir='ltr'>Hetruscum</span> <span class='ocrx_word' id='word_1_465' title='bbox 1627 2954 1745 2982; x_wconf 88' lang='lat' dir='ltr'>mare</span> <span class='ocrx_word' id='word_1_466' title='bbox 1782 2943 1907 2983; x_wconf 90' lang='lat' dir='ltr'>Laris</span> 
     </span>
     <span class='ocr_line' id='line_1_94' title="bbox 1029 3004 1906 3056; baseline 0.001 -13"><span class='ocrx_word' id='word_1_467' title='bbox 1029 3005 1180 3056; x_wconf 91' lang='lat' dir='ltr'>amnis,</span> <span class='ocrx_word' id='word_1_468' title='bbox 1199 3004 1254 3045; x_wconf 89' lang='lat' dir='ltr'>ad</span> <span class='ocrx_word' id='word_1_469' title='bbox 1283 3005 1472 3045; x_wconf 90' lang='lat' dir='ltr'>Siculum</span> <span class='ocrx_word' id='word_1_470' title='bbox 1505 3016 1623 3045; x_wconf 88' lang='lat' dir='ltr'>mare</span> <span class='ocrx_word' id='word_1_471' title='bbox 1641 3010 1687 3045; x_wconf 89' lang='lat' dir='ltr'>et</span> <span class='ocrx_word' id='word_1_472' title='bbox 1705 3005 1906 3044; x_wconf 90' lang='lat' dir='ltr'>Tarenti-</span> 
     </span>
     <span class='ocr_line' id='line_1_95' title="bbox 1028 3068 1632 3119; baseline -0.002 -11"><span class='ocrx_word' id='word_1_473' title='bbox 1028 3080 1129 3108; x_wconf 91' lang='lat' dir='ltr'>num</span> <span class='ocrx_word' id='word_1_474' title='bbox 1149 3068 1325 3119; x_wconf 86' lang='lat' dir='ltr'>Sybaris</span> <span class='ocrx_word' id='word_1_475' title='bbox 1345 3068 1410 3108; x_wconf 87' lang='lat' dir='ltr'>Fl.</span> <span class='ocrx_word' id='word_1_476' title='bbox 1431 3068 1632 3107; x_wconf 71' lang='lat' dir='ltr'>Clavem.</span> 
     </span>
    </p>

    <p class='ocr_par' dir='ltr' id='par_1_16' title="bbox 1027 3130 1907 3307">
     <span class='ocr_line' id='line_1_96' title="bbox 1083 3130 1904 3183; baseline -0.002 -13"><span class='ocrx_word' id='word_1_477' title='bbox 1083 3132 1178 3183; x_wconf 71' lang='lat'>§10</span> <span class='ocrx_word' id='word_1_478' title='bbox 1209 3131 1395 3171; x_wconf 81' lang='lat' dir='ltr'>Octavius</span> <span class='ocrx_word' id='word_1_479' title='bbox 1411 3132 1558 3182; x_wconf 82' lang='lat' dir='ltr'>consul]</span> <span class='ocrx_word' id='word_1_480' title='bbox 1599 3131 1697 3171; x_wconf 82' lang='lat' dir='ltr'>Non</span> <span class='ocrx_word' id='word_1_481' title='bbox 1727 3130 1798 3168; x_wconf 91' lang='lat' dir='ltr'>ille</span> <span class='ocrx_word' id='word_1_482' title='bbox 1833 3130 1904 3179; x_wconf 90' lang='lat' dir='ltr'>qni</span> 
     </span>
     <span class='ocr_line' id='line_1_97' title="bbox 1028 3191 1907 3244; baseline -0.003 -12"><span class='ocrx_word' id='word_1_483' title='bbox 1028 3191 1247 3244; x_wconf 90' lang='lat' dir='ltr'>Augustus</span> <span class='ocrx_word' id='word_1_484' title='bbox 1280 3199 1428 3244; x_wconf 88' lang='lat' dir='ltr'>postea</span> <span class='ocrx_word' id='word_1_485' title='bbox 1459 3193 1600 3232; x_wconf 89' lang='lat' dir='ltr'>dictus</span> <span class='ocrx_word' id='word_1_486' title='bbox 1630 3196 1709 3241; x_wconf 89' lang='lat' dir='ltr'>est,</span> <span class='ocrx_word' id='word_1_487' title='bbox 1728 3191 1801 3230; x_wconf 86' lang='lat' dir='ltr'>sed</span> <span class='ocrx_word' id='word_1_488' title='bbox 1821 3191 1907 3230; x_wconf 89' lang='lat' dir='ltr'>col-</span> 
     </span>
     <span class='ocr_line' id='line_1_98' title="bbox 1027 3253 1806 3307; baseline -0.004 -13"><span class='ocrx_word' id='word_1_489' title='bbox 1027 3255 1126 3307; x_wconf 90' lang='lat' dir='ltr'>lega</span> <span class='ocrx_word' id='word_1_490' title='bbox 1144 3255 1291 3295; x_wconf 86' lang='lat' dir='ltr'>Cinnae</span> <span class='ocrx_word' id='word_1_491' title='bbox 1311 3255 1353 3294; x_wconf 89' lang='lat' dir='ltr'>in</span> <span class='ocrx_word' id='word_1_492' title='bbox 1372 3256 1609 3295; x_wconf 88' lang='lat' dir='ltr'>consulatu.</span> <span class='ocrx_word' id='word_1_493' title='bbox 1644 3253 1806 3293; x_wconf 81' lang='lat' dir='ltr'>Badius.</span> 
     </span>
    </p>

    <p class='ocr_par' dir='ltr' id='par_1_17' title="bbox 1027 3314 1904 3553">
     <span class='ocr_line' id='line_1_99' title="bbox 1084 3314 1904 3367; baseline -0.006 -10"><span class='ocrx_word' id='word_1_494' title='bbox 1084 3318 1272 3357; x_wconf 80' lang='lat' dir='ltr'>Octavius</span> <span class='ocrx_word' id='word_1_495' title='bbox 1286 3317 1437 3367; x_wconf 81' lang='lat' dir='ltr'>consul]</span> <span class='ocrx_word' id='word_1_496' title='bbox 1480 3316 1685 3356; x_wconf 91' lang='lat' dir='ltr'>Octavius</span> <span class='ocrx_word' id='word_1_497' title='bbox 1702 3319 1748 3353; x_wconf 90' lang='lat' dir='ltr'>et</span> <span class='ocrx_word' id='word_1_498' title='bbox 1767 3314 1904 3354; x_wconf 86' lang='lat' dir='ltr'>Cinna</span> 
     </span>
     <span class='ocr_line' id='line_1_100' title="bbox 1028 3376 1904 3420; baseline -0.007 0"><span class='ocrx_word' id='word_1_499' title='bbox 1028 3380 1235 3420; x_wconf 90' lang='lat' dir='ltr'>Consules</span> <span class='ocrx_word' id='word_1_500' title='bbox 1255 3379 1444 3420; x_wconf 87' lang='lat' dir='ltr'>fuerunt.</span> <span class='ocrx_word' id='word_1_501' title='bbox 1498 3378 1582 3417; x_wconf 89' lang='lat' dir='ltr'>Sed</span> <span class='ocrx_word' id='word_1_502' title='bbox 1600 3376 1736 3415; x_wconf 88' lang='lat' dir='ltr'>Cinna</span> <span class='ocrx_word' id='word_1_503' title='bbox 1754 3387 1904 3415; x_wconf 91' lang='lat' dir='ltr'>consu-</span> 
     </span>
     <span class='ocr_line' id='line_1_101' title="bbox 1027 3438 1901 3493; baseline -0.007 -12"><span class='ocrx_word' id='word_1_504' title='bbox 1027 3443 1159 3481; x_wconf 91' lang='lat' dir='ltr'>latum</span> <span class='ocrx_word' id='word_1_505' title='bbox 1179 3447 1378 3493; x_wconf 91' lang='lat' dir='ltr'>tanquam</span> <span class='ocrx_word' id='word_1_506' title='bbox 1396 3438 1664 3491; x_wconf 86' lang='lat' dir='ltr'>tyrannidem</span> <span class='ocrx_word' id='word_1_507' title='bbox 1684 3449 1901 3486; x_wconf 86' lang='lat' dir='ltr'>exercens,</span> 
     </span>
     <span class='ocr_line' id='line_1_102' title="bbox 1028 3498 1901 3553; baseline -0.006 -9"><span class='ocrx_word' id='word_1_508' title='bbox 1028 3504 1235 3544; x_wconf 81' lang='lat' dir='ltr'>saeviebat</span> <span class='ocrx_word' id='word_1_509' title='bbox 1256 3504 1299 3543; x_wconf 92' lang='lat' dir='ltr'>in</span> <span class='ocrx_word' id='word_1_510' title='bbox 1328 3503 1460 3553; x_wconf 85' lang='lat' dir='ltr'>cives,</span> <span class='ocrx_word' id='word_1_511' title='bbox 1476 3507 1521 3541; x_wconf 89' lang='lat' dir='ltr'>et</span> <span class='ocrx_word' id='word_1_512' title='bbox 1540 3502 1679 3552; x_wconf 86' lang='lat' dir='ltr'>legem</span> <span class='ocrx_word' id='word_1_513' title='bbox 1696 3498 1810 3540; x_wconf 88' lang='lat' dir='ltr'>ferre</span> <span class='ocrx_word' id='word_1_514' title='bbox 1831 3511 1901 3539; x_wconf 86' lang='lat' dir='ltr'>vo-</span> 
     </span>
    </p>
   </div>
  </div>
 </body>
</html>
