2288 3990
335 269 441 324 970

334 401 428 450 ipse
471 400 584 440 cives
631 400 843 440 Romanos
880 399 1043 439 indicta
1079 412 1208 439 causa

335 463 554 503 damnatos
572 462 813 512 occidisset,
841 461 883 499 in
912 461 1081 500 exilium
1115 462 1206 512 pul-

335 534 405 560 sus
426 524 573 565 fuerit.
603 525 751 563 Oliver.
850 519 854 523 ’

388 584 438 624 In
457 586 538 623 aede
562 585 677 624 Jovis
707 585 912 637 Mariana]
943 586 1082 628 Quam
1111 587 1205 626 Ma-

332 646 418 686 rius
454 647 497 686 in
526 647 727 688 honorem
770 649 892 690 Jovis
939 649 1206 699 condiderat,

331 711 473 764 ibique
504 718 776 753 monumenta
803 726 878 754 sua
906 715 1204 755 collocaverat.

383 777 406 826 ᾧ
426 779 452 815 6
486 776 582 815 Caio
606 780 734 816 autem
769 777 945 816 Graccho
970 777 1208 817 imminentis

330 849 440 876 casus
473 838 676 889 atrocitas]
720 839 846 878 Titus
888 840 1123 890 Gracchus,
1140 839 1205 878 vir

329 911 492 950 magnae
510 900 768 949 autoritatis,
796 901 902 941 duos
928 900 1036 940 filios
1055 900 1204 940 habuit

330 961 674 1002 seditiosissimus
717 963 847 1014 viros,
886 963 1102 1003 Tiberium
1159 968 1204 1002 et

330 1024 477 1063 Caium
515 1024 774 1077 Gracchum,
811 1038 987 1078 quorum
1024 1032 1203 1077 uterque

329 1086 480 1125 eodem
513 1087 644 1127 exitio
680 1088 933 1139 perierunt:
963 1100 1058 1127 nam
1077 1087 1204 1127 Tibe-

328 1147 415 1187 rius
430 1150 567 1202 major
581 1156 700 1202 natu,
713 1151 812 1190 dum
829 1151 964 1202 legem
977 1150 1202 1202 Agrariam

329 1218 478 1251 contra
492 1213 673 1252 Senatus
692 1213 966 1253 autoritatem
986 1212 1100 1252 ferre
1115 1225 1203 1251 mo-

333 1273 497 1325 liretur,
529 1279 577 1314 ut
595 1285 698 1325 ager
717 1275 892 1325 Stellas,
912 1274 984 1326 qui
1016 1274 1130 1314 bello
1157 1279 1203 1313 et

330 1336 455 1375 armis
483 1340 634 1387 captus
663 1334 821 1386 fuerat,
848 1336 961 1375 inter
986 1348 1131 1375 omnes
1147 1348 1202 1375 ae·

328 1398 510 1448 qualiter
524 1397 810 1447 divideretur,
825 1409 850 1436 a
863 1398 1062 1448 Scipione
1077 1397 1203 1437 Nasi-

326 1470 378 1497 ca
391 1458 674 1510 interemptus
690 1464 782 1508 est3
805 1465 901 1499 erat
919 1460 1029 1498 enim
1043 1460 1112 1498 lex
1127 1459 1202 1499 illa

326 1532 491 1571 magnae
518 1521 738 1560 seditionis
756 1533 898 1572 causa,
917 1521 1016 1572 quia
1036 1521 1201 1561 nobiles

328 1583 382 1621 de
417 1583 682 1634 possessione
719 1583 874 1623 cedere
917 1582 1199 1633 cogebantur.

327 1644 481 1696 ltaque
524 1657 618 1684 cum
655 1657 818 1696 magnae
853 1650 998 1684 essent
1033 1644 1198 1684 Tiberii

327 1719 444 1760 opes,
463 1715 507 1749 et
525 1710 665 1760 legem
684 1710 856 1749 omnino
884 1709 1049 1748 laturus
1070 1715 1202 1760 esset,

329 1782 456 1821 quam
488 1773 685 1822 populus,
713 1772 783 1824 qui
815 1771 894 1810 sibi
930 1771 1078 1810 utilem
1106 1772 1201 1810 fore

325 1832 518 1879 videbat,
543 1834 728 1873 libenter
765 1834 1013 1885 acciperet:
1055 1833 1200 1884 Scipio

329 1895 491 1936 Nasica
509 1897 658 1936 videns
672 1897 715 1936 id
730 1896 819 1936 fieri
840 1901 987 1936 contra
1005 1896 1202 1948 rempub-

324 1957 468 2008 licam,
523 1960 936 2010 tergiversantesque
981 1959 1204 2009 Consules,

326 2020 488 2071 inquit:
514 2022 768 2073 Quicunque
787 2022 877 2060 vult
895 2022 1202 2073 rempublicam

329 2095 422 2123 esse
451 2085 627 2135 salvam,
657 2086 691 2124 is
724 2097 791 2124 me
823 2090 1041 2136 sequatur,
1074 2091 1203 2137 atque

327 2146 389 2184 ita
420 2145 570 2186 fractis
606 2147 835 2196 subselliis,
866 2147 1072 2198 impetum
1099 2147 1205 2187 feeit

329 2206 372 2246 in
394 2214 548 2258 rostra,
567 2215 612 2248 et
633 2221 713 2248 uno
734 2210 821 2249 ictu
850 2209 1070 2248 Tiberium
1091 2208 1203 2248 occi-

328 2269 407 2308 dit.
431 2270 556 2309 Haud
571 2271 632 2310 ita
647 2272 780 2310 multo
802 2278 897 2321 post
914 2272 964 2312 C.
983 2272 1202 2311 Gracchus

327 2332 480 2372 'riberii
497 2332 643 2372 fratris
659 2333 843 2385 effigiem
855 2335 962 2374 vidit
977 2335 1019 2373 in
1035 2335 1203 2375 somniis

329 2393 525 2446 dicentis,
542 2402 740 2447 quantum
763 2397 893 2436 vellet
910 2403 1204 2448 cunctaretur,

329 2464 474 2498 tamen
505 2460 653 2499 eodem
685 2460 766 2499 sibi
799 2461 902 2510 leto,
930 2471 1013 2512 quo
1033 2460 1124 2511 ipse
1144 2461 1204 2499 in-

330 2522 533 2573 teriisset,
547 2534 638 2562 esse
660 2523 918 2574 pereundum
937 2535 948 2560 ε
967 2524 1096 2576 idque
1112 2525 1205 2564 Cae·

329 2585 411 2624 lius
441 2586 575 2625 tradit
604 2599 649 2625 se
682 2586 734 2625 ab
764 2586 913 2626 eodem
935 2587 984 2626 C.
1007 2587 1204 2627 Graccho

328 2647 554 2701 audivisse,
578 2653 802 2700 antequam
844 2650 1036 2688 tribunus
1071 2651 1206 2700 plebis

331 2708 474 2749 factus
494 2716 627 2750 esset:
650 2710 902 2761 quodetiam
915 2712 1077 2753 evenit.
1098 2713 1205 2752 Cum

331 2772 443 2811 enim
475 2777 643 2811 creatus
671 2773 880 2811 Tribunus
901 2780 1029 2824 esset,
1050 2776 1205 2814 multas

331 2834 448 2884 leges
468 2833 641 2872 Senatui
662 2846 868 2885 perquam
887 2835 1044 2874 invisas
1075 2837 1175 2876 tulit
1193 2851 1205 2887 ;

330 2895 442 2949 iuter
460 2908 563 2947 quas
582 2902 624 2934 et
653 2896 946 2936 Frumentaria
973 2904 1083 2950 erat,
1110 2912 1206 2951 quae

322 2956 522 3007 jubebat,
551 2963 597 2995 ut
633 2958 875 2996 semissibus
904 2964 947 2998 et
980 2961 1206 3001 trientibus

331 3018 547 3060 frumenta
566 3020 682 3071 plebi
698 3021 1011 3072 dividerentur;
1027 3025 1205 3066 alteram

331 3081 554 3135 Agrariam
600 3085 774 3123 candem
830 3097 954 3136 quam
990 3093 1035 3125 et
1069 3087 1207 3128 frater

333 3147 516 3194 tulerat3
546 3146 716 3186 tertiam
737 3158 920 3198 quoque,
949 3153 996 3186 ut
1014 3151 1207 3190 sexcenti

333 3208 500 3259 equites
523 3209 809 3248 miscerentur
827 3210 1102 3249 Senatoribus
1123 3226 1135 3259 ς
1164 3218 1208 3252 et

332 3275 572 3321 equestrem
588 3270 778 3310 ordinem
791 3271 852 3309 ita
867 3273 1089 3322 pervertit.
1123 3274 1207 3312 Hic

334 3333 583 3372 continuato
613 3333 882 3384 magistratu,
918 3338 962 3372 et
991 3334 1088 3373 latis
1109 3336 1210 3385 legi-

334 3394 412 3433 bus
430 3395 700 3444 turbulentis,
730 3395 773 3434 in
808 3395 979 3435 Italiam
1011 3396 1207 3436 Colonias

333 3456 524 3509 deduxit,
544 3463 589 3499 et
609 3469 731 3499 unam
750 3457 794 3499 in
813 3459 902 3499 solo
922 3458 1078 3499 dirutae
1107 3460 1209 3501 Car-

913 283 1091 324 NO'I'AE
1135 281 1466 322 VARIORUM
1508 284 1573 323 IN

1271 399 1469 451 tbagiffis,
1496 411 1578 452 quo
1594 398 1684 450 ipse
1706 397 1898 437 triumvir
1923 397 2141 441 Coloniam

1269 461 1450 502 deduxit
1470 475 1490 511 ς.
1538 462 1736 513 denique·
1775 461 2001 500 seditiosus
2046 473 2145 502 cum

1268 523 1528 563 Aventinum
1548 529 1734 562 montem
1751 535 1846 562 cum
1866 523 2143 569 multitudine

1267 590 1431 626 armata
1449 586 1749 638 oppressisset,
1765 597 1790 624 a
1805 586 1852 624 L.
1868 585 2057 636 Opimio,
2071 587 2144 637 qui

1268 650 1477 700 populum·
1502 648 1768 699 convocavit,
1799 648 1964 688 occisus
1985 654 2071 700 est,
2099 653 2146 689 et
2171 680 2173 682 -

1267 710 1330 750 ita
1350 709 1555 750 somnium
1575 709 1839 759 adimplevit.
1869 710 2019 749 Oliver.

1324 772 1410 817 Quo
1425 770 1527 823 ipse]
1555 772 1667 811 Nam
1685 771 1796 810 sicut
1813 771 1885 810 ille
1901 783 1927 810 a
1939 772 2139 823 Scipione

1267 846 1404 874 caesus
1427 840 1511 885 est,
1531 834 1593 874 ita
1611 833 1680 873 hic
1700 844 1724 871 a
1743 833 1794 873 1..
1821 833 1997 886 Opimio
2011 834 2144 875 inter·

1266 895 1425 936 fectus.

1324 960 1485 1012 Caelius]
1513 959 1592 999 Est
1625 959 1697 999 ille
1718 960 1766 1000 L.
1785 957 1943 1000 Caelius
1963 956 2143 1011 Antipa-

1267 1025 1351 1071 ter,
1380 1022 1468 1073 qui,
1487 1028 1535 1062 ut
1555 1035 1607 1061 ex
1634 1022 1714 1062 hoc
1733 1023 1829 1062 loco
1845 1026 1980 1072 patet,
2009 1021 2145 1062 Grac-

1265 1084 1436 1124 chorum
1465 1085 1725 1135 temporibus
1747 1084 1869 1124 vixit.
1924 1085 1973 1123 1..
2000 1084 2146 1125 Crassi

1265 1146 1512 1197 magistrum
1549 1146 1683 1185 fuisse
1725 1146 1855 1186 docet
1899 1146 2056 1186 Cicero
2099 1147 2144 1186 in

1265 1207 1418 1247 Bruto.
1474 1207 1620 1260 Atque
1640 1208 1856 1248 historiam
1873 1219 1992 1248 suam
2009 1209 2148 1261 scrip·

1265 1269 1323 1308 sit
1341 1270 1393 1308 ad
1423 1271 1473 1310 L.
1505 1271 1660 1311 lElium
1690 1271 1916 1321 Stilonem,
1933 1272 2143 1312 Varronis

1265 1331 1536 1382 Magistrum.
1619 1333 1742 1373 Inter
1787 1334 1926 1375 JCtos
1973 1345 2143 1387 quoque

1264 1402 1460 1435 recenset
1477 1396 1506 1437 J
1511 1397 1559 1436 C.
1578 1396 1619 1435 in
1641 1397 1709 1437 tit.
1725 1396 1779 1436 de
1801 1396 1977 1449 Origine
1995 1398 2025 1441 J
2029 1399 2114 1438 uris
2131 1412 2143 1448 ;

1263 1457 1338 1496 sed
1362 1458 1454 1509 plus
1483 1458 1758 1511 eloquentiae,
1790 1472 1916 1512 quam
1947 1461 2144 1502 scientiae

1256 1520 1369 1571 juris
1394 1533 1568 1573 operam
1588 1522 1761 1563 dedisse
1782 1524 1950 1565 asserit.
2005 1526 2074 1565 De
2090 1537 2143 1566 eo

1265 1582 1415 1622 Cicero
1446 1583 1573 1622 variis
1605 1584 1723 1624 loeis.
1776 1585 1898 1624 Unus
1930 1585 2000 1624 hic
2027 1585 2144 1625 suffi-

1263 1643 1349 1683 ciat
1377 1657 1430 1684 ex
1451 1645 1525 1685 lib.
1545 1656 1579 1685 1.
1608 1645 1662 1685 de
1698 1647 1784 1687 LL.
1816 1647 1828 1669 ‘
1848 1647 2145 1688 Fanniiaetate

1262 1706 1520 1757 conjunctus
1556 1706 1790 1759 Antipater
1820 1710 1948 1760 paulo
1979 1708 2146 1750 inflavit

1263 1769 1575 1820 vehementius,
1593 1771 1826 1818 habuitque
1846 1772 1976 1823 vires,
2005 1784 2147 1824 agres-

1264 1835 1331 1871 tes
1351 1831 1421 1871 ille
1441 1832 1631 1884 quidem,
1658 1839 1787 1886 atque
1817 1834 2027 1886 horridas,
2053 1835 2147 1875 sine

1263 1893 1406 1933 nitore
1439 1906 1489 1933 ac
1526 1895 1758 1945 palaestra3
1787 1896 1863 1936 sed
1897 1903 2039 1937 tamen
2073 1897 2150 1938 ad-

1264 1967 1440 1995 monere
1462 1957 1647 2008 reliquos
1667 1957 1824 2009 potuit,
1840 1963 1888 1998 ut
1906 1961 2148 2000 accuratius

1265 2020 1532 2060 scriberent!
1586 2021 1696 2061 Haec
1710 2021 1798 2063 ille.
1847 2022 1986 2063 ,Tanti
2006 2028 2148 2063 tamen

1265 2085 1379 2124 hunc
1399 2084 1630 2124 aestimavit
1650 2085 1826 2131 Brutus,
1845 2090 1894 2125 ut
1921 2085 1964 2124 in
1998 2086 2146 2137 Epito-

1265 2159 1363 2187 men
1407 2147 1642 2198 redegerit,
1690 2153 1740 2187 ut
1776 2152 1960 2188 testatur
1995 2148 2147 2188 Cicero

1266 2209 1319 2248 ad
1354 2208 1550 2254 Atticum
1585 2208 1661 2250 lib.
1681 2220 1788 2250 xut.
1819 2210 1957 2262 Epist.
1977 2213 2017 2250 8.
2053 2211 2147 2251 Vos-

1265 2274 1360 2313 sius.
2146 2297 2152 2308 ι

1322 2338 1387 2388 §7
1430 2336 1548 2388 Apud
1576 2337 1756 2388 Actium]
1801 2337 1923 2388 Epiri
1952 2349 2148 2389 promon-

1267 2402 1438 2451 torium,
1476 2401 1548 2440 ubi
1581 2412 1676 2440 cum
1713 2401 1939 2452 Cleopatra
1974 2401 2028 2440 ab
2061 2400 2150 2440 Au-

1266 2469 1395 2512 gusto
1417 2464 1556 2503 victus
1576 2469 1656 2502 est.
1700 2461 1826 2502 Unde
1846 2463 1968 2502 Maro
1985 2463 2149 2506 AEneid.

1267 2537 1380 2565 vnr.
1400 2526 1412 2548 ‘
1432 2524 1485 2564 In
1505 2525 1646 2564 medio
1661 2521 1825 2564 Classes
1840 2523 2150 2574 aeratas‚Actia

1268 2587 1397 2637 bella,
1444 2587 1636 2626 Cernere
1673 2590 1784 2633 erat,
1827 2591 2051 2636 totumque
2090 2585 2151 2624 in·

1268 2656 1433 2690 structo
1459 2649 1602 2687 Marte
1631 2648 1799 2687 videres
1836 2647 2021 2687 Fervere
2040 2647 2147 2688 Leu-

1268 2712 1436 2761 caten1‚'
1452 2715 1533 2750 διο.

1323 2775 1522 2815 Concubia
1537 2774 1667 2825 nocte]
1696 2773 1799 2814 vid.
1817 2786 1910 2825 sup.
1922 2773 1976 2814 ad
1992 2787 2089 2827 cap.
2106 2780 2147 2816 5.

1268 2839 1456 2889 exempl.
1477 2841 1516 2876 4.
1641 2890 1643 2892 .

1302 2899 1588 2949 Κακοδαίμονα]
1603 2898 1762 2938 Malum
1779 2898 2029 2939 doe-monem.
2047 2898 2149 2938 Duo

1268 2971 1368 3004 sunt
1388 2962 1713 3014 spiritus,juxta
1731 2962 2148 3014 Ethnicos,quidan-

1269 3033 1338 3066 tur
1370 3025 1543 3075 homini,
1578 3025 1710 3064 bonus
1745 3031 1789 3063 et
1821 3025 1969 3064 malus.
2023 3023 2150 3064 Unde

1264 3087 1499 3137 Virgilius:
1546 3087 1558 3109 ‘
1578 3086 1771 3137 Quisque
1819 3098 1916 3126 suos
1963 3086 2154 3138 patimur-

1267 3149 1447 3190 Manes:
1487 3149 1612 3199 Quia,
1632 3154 1681 3188 ut
1696 3148 1837 3200 inquit
1850 3149 2037 3200 Servius,
2053 3160 2150 3188 cnm

1266 3212 1478 3251 nascimur
1506 3211 1611 3250 duos
1643 3211 1788 3261 genios
1822 3211 2038 3261 sortimur,
2070 3211 2150 3250 hoc

1268 3286 1351 3324 est,
1371 3274 1477 3312 duos
1508 3273 1697 3324 spiritus,
1717 3285 1846 3311 unum
1868 3273 2033 3324 quinos
2051 3272 2149 3312 hor-

1240 3331 1244 3335 *
1268 3342 1383 3376 tatur
1402 3335 1456 3374 ad
1488 3335 1612 3385 bona,
1638 3337 1819 3375 alterum
1851 3335 1921 3386 qui
1941 3335 2151 3386 depravat

1270 3398 1324 3438 ad
1367 3399 1492 3437 mala.
1546 3397 1712 3438 Quibus
1743 3397 2040 3437 assistentibus
2074 3404 2151 3438 aut

1272 3461 1495 3501 asserimur
1536 3458 1589 3499 ad
1628 3458 1844 3499 meliorem
1883 3459 2028 3512 vitam,
2076 3467 2151 3501 aut
