2288 3990
514 286 773 326 VALEnn
819 283 1061 324 MAx1M1
1107 285 1226 323 me.
1266 284 1307 321 1.
1348 272 1555 323 GAP.7.

131 408 345 461 posterius
370 407 497 460 jussu
531 405 728 455 Antonii,
747 404 1009 458 connivente

131 471 344 523 Augusto,
359 469 522 510 crudeli
544 474 590 509 et
607 468 754 521 iniqua
771 467 893 508 crede
913 467 1010 507 sub-

131 534 253 575 letus
275 538 371 582 θοις
396 533 450 572 de
484 532 628 584 priore
661 543 762 582 ergo
793 530 1007 583 proscrip-

132 595 248 639 tione
274 594 500 648 loquitur)
529 595 847 646 conspiratione
869 593 1008 633 inimi·

131 669 293 707 corum,
310 658 549 710 praesertim
569 657 791 707 nobilium,
806 661 854 697 nt
874 655 1010 708 Appii

131 721 315 770 Claudii,
349 726 394 762 et
431 721 608 762 aliorum
646 721 883 762 invidorum
922 733 1011 760 mo-

126 783 240 824 leste
288 781 533 836 ferentium,
573 784 686 838 quod
715 785 839 824 homo
875 793 1010 823 novus

129 850 296 887 tantum
341 847 487 899 gloriae
533 848 577 888 in
623 854 725 900 toga
768 848 1012 898 meruisset,

131 914 336 962 quantum
354 911 574 965 quisquam
599 923 746 952 eorum
777 912 820 951 in
854 912 1011 960 armis;

130 972 246 1012 unde
262 974 594 1014 criminabantur
611 975 745 1025 illum,
763 973 875 1027 quod
895 973 1011 1014 Cati-

127 1034 277 1084 linam,
291 1036 544 1088 Cethegum,
559 1042 605 1077 et
618 1043 800 1078 caeteros
814 1037 909 1089 conj
917 1049 1012 1076 ura-

119 1104 199 1139 ta·
243 1098 360 1140 cives
406 1100 638 1151 Romanos,
679 1102 844 1142 indicta
877 1113 1011 1142 causa

131 1160 356 1203 damnatos
374 1164 624 1205 occidisset.
649 1165 821 1206 Badius.

183 1226 382 1279 dtinuit]
412 1228 497 1270 Qui
518 1227 570 1268 ab
585 1228 716 1269 Atina
743 1229 852 1269 urbe
879 1229 1012 1281 juxta

130 1287 387 1342 Pomptinas
407 1291 588 1342 paludes
600 1293 740 1344 posita
751 1293 910 1343 dictus,
928 1293 1016 1333 etsi

130 1350 230 1392 inde
248 1353 377 1406 longe
396 1363 603 1395 remotam
616 1357 1011 1398 sentiatClnverus.

129 1415 361 1467 Virgilius:
403 1418 416 1440 ⁴
437 1417 574 1459 Atina
609 1424 762 1471 potens
793 1420 1012 1472 Tiburque

129 1477 391 1529 superbum?
427 1480 563 1522 Atina
594 1487 642 1522 et
671 1481 873 1522 Atinates
910 1484 1012 1522 urbs

129 1545 175 1579 et
195 1542 344 1592 populi
358 1542 517 1584 Siciliae
536 1545 651 1596 apud
664 1546 916 1586 Ciceronem
934 1558 1013 1598 pro

130 1602 210 1643 Cn.
231 1603 426 1647 Plancio.
482 1607 607 1648 Inter
638 1610 828 1649 colonias
857 1611 1011 1651 Roma-

126 1675 203 1704 nas
219 1678 313 1707 eam
332 1676 531 1711 numerat
550 1672 796 1712 Frontinus.

180 1729 429 1785 Insignibus]
441 1735 550 1779 Sunt
567 1737 745 1789 insignia
763 1742 1015 1779 ornamenta

127 1795 323 1846 quaedam
342 1803 539 1852 externa,
559 1811 656 1852 quae
678 1800 881 1852 adjuncta
901 1801 1014 1841 Con-

125 1858 301 1906 sulibus,
346 1860 526 1914 aliisque
569 1863 911 1915 Magistratibus,
958 1865 1012 1905 ad

125 1921 367 1972 augendum
387 1925 675 1976 splendorem.
732 1928 900 1968 Horum
923 1940 1012 1968 om-

125 1986 243 2025 nium
283 1987 493 2040 originem
542 1991 598 2030 ab
644 1992 841 2032 Etruscis
901 2004 1011 2039 esse,

126 2047 274 2090 Livius
299 2050 378 2092 lib.
405 2063 438 2093 ι.
469 2057 515 2094 et
541 2054 820 2107 Symmachus
841 2055 915 2096 lib.
936 2066 1014 2096 ιιι.

128 2109 270 2162 Epist.
289 2117 357 2154 Π.
371 2115 628 2158 voluerunt:
656 2118 844 2171 itemque
861 2119 1013 2158 Florus

126 2173 200 2214 lib.
220 2186 253 2216 ι.
284 2187 382 2229 cap.
401 2182 443 2218 5.
472 2179 546 2232 qui
567 2180 773 2220 distincte
794 2181 925 2220 etiam
947 2193 1014 2220 re-

126 2243 276 2279 censet
290 2249 304 2277 2
332 2245 344 2263 ‘
358 2240 469 2281 Inde
490 2254 516 2281 a
532 2243 709 2293 Tuscis:
731 2244 887 2296 inquit,
903 2245 915 2266 ‘
931 2243 1015 2284 fas-

128 2311 219 2351 ces,
233 2302 397 2343 trabeae
417 2306 606 2356 curules,
626 2308 786 2358 annuli,
808 2307 1014 2358 phalerae.

127 2365 448 2417 paludamenta,
482 2375 726 2420 praetexta:
767 2370 868 2410 inde
899 2371 1012 2423 quod

128 2438 259 2467 aureo
277 2440 404 2469 curru
423 2437 607 2483 quatuor
625 2432 748 2485 equis
778 2434 1012 2486 triumpha-

129 2493 225 2528 tur:
243 2497 352 2542 togae
370 2492 515 2544 pictae,
528 2494 771 2547 tunicaeque
787 2496 1012 2546 palmatae:

128 2554 270 2594 omnia
281 2555 466 2609 deniqne
481 2557 638 2598 decora
653 2565 698 2599 et
709 2559 905 2611 insignia,
919 2559 1012 2611 qui-

128 2616 207 2657 bus
227 2617 402 2670 Imperii
431 2620 615 2673 dignitas
648 2621 842 2662 eminet!
899 2622 1011 2663 Haec

126 2678 171 2719 in
206 2679 462 2723 Consulibus
502 2685 634 2736 paulo
670 2684 841 2726 diversa
881 2685 1012 2726 fuisse

127 2743 314 2795 reperio,
344 2746 484 2786 veteri
526 2748 765 2800 Republica
801 2755 847 2789 et
885 2762 1012 2791 nova.

128 2805 280 2846 veteri
299 2805 539 2860 Republica
558 2811 651 2851 haec
670 2811 712 2850 in
727 2823 805 2851 usu
822 2826 833 2852 :
856 2813 1013 2853 Fasces

128 2869 353 2912 duodecim
371 2885 467 2914 cum
485 2875 728 2927 lictoribus,
753 2877 861 2916 sella
887 2889 1013 2917 curu-

127 2934 194 2985 lis,
213 2941 427 2987 praetexta
445 2942 565 2990 toga,
581 2951 718 2992 eaque
737 2939 852 2980 domi
868 2953 1011 2992 sump-

128 3002 174 3037 ta
193 2998 332 3049 primo
349 3001 628 3051 magistratus
658 3002 729 3042 die
757 3009 858 3043 ante
888 3004 1010 3044 Deos

127 3060 330 3102 Penates.
386 3063 534 3104 Livius
573 3064 646 3104 lib.
669 3075 794 3105 xxu.
826 3065 870 3105 in
898 3065 1010 3108 fine:

125 3123 139 3145 ⁸
155 3123 302 3175 Scipio
321 3125 532 3166 eburneus
551 3127 594 3166 in
613 3135 755 3178 manu,
776 3127 869 3167 sive
889 3140 1011 3180 scep-

129 3187 274 3228 trum?
327 3188 396 3229 De
415 3201 501 3242 quo
519 3190 726 3241 scipione,
754 3190 891 3231 minus
924 3191 1012 3243 qui-

113 3249 224 3297 dem
246 3250 418 3303 vulgata
437 3263 506 3292 res
525 3267 536 3293 ι
564 3253 726 3304 magnis
747 3258 891 3294 tamen
911 3266 1010 3295 auc-

127 3306 294 3352 tor-rbus
329 3320 398 3354 est
433 3315 537 3354 mihi
585 3322 720 3356 certa.
777 3316 1011 3368 Dionysius

128 3374 204 3416 lib.
222 3398 225 3402 Δ
242 3386 313 3417 ιιι.
365 3378 595 3431 Tarquinio
633 3379 742 3432 Regi
790 3374 1010 3432 sceptrum

131 3437 362 3480 eburneum
394 3442 623 3492 attribuit;
653 3442 1008 3496 idquemansisse

132 3503 444 3544 successoribus
463 3506 559 3557 ejus
579 3505 728 3557 tradit,
748 3511 794 3546 et
813 3506 1009 3547 Consuli—

1845 270 1954 322 969

1073 404 1151 444 bus
1185 402 1301 456 ipsis.
1362 403 1507 444 Livius
1538 400 1712 443 Gallum
1741 402 1954 454 quendam

1072 468 1265 519 scipione
1299 467 1490 508 eburneo
1537 473 1788 518 percussum
1827 478 1851 505 a
1887 467 1952 506 M.

1072 531 1263 582 Papyrio
1283 530 1450 575 scribit,
1473 529 1711 569 Consula're
1729 528 1810 567 hoc
1829 540 1955 580 scep-

1072 598 1184 632 trum
1203 594 1451 646 intelligens
1472 593 1546 633 lib.
1567 603 1641 632 ιιι.
1685 592 1882 632 Valerius
1901 591 1957 631 de

1074 655 1238 696 Priscis
1275 657 1535 697 Consulibus
1581 656 1658 696 lib.
1686 667 1750 696 lv.
1793 666 1890 707 cap.
1926 658 1951 694 4

1069 719 1082 742 ‘
1101 720 1193 760 Nec
1211 721 1271 760 eis
1286 719 1369 761 fuit
1383 720 1548 770 rubori,
1559 719 1750 760 eburneo
1764 719 1958 770 scipione

1073 784 1289 837 deposito,
1311 791 1527 837 agrestem
1544 785 1696 825 stivam
1724 783 1860 824 aratri
1890 795 1958 822 re-

1074 848 1255 899 petere.'
1312 848 1363 888 In
1384 848 1606 888 Valeriani
1626 847 1822 900 Epistola
1843 845 1960 898 apud

1071 912 1307 963 Vopiscum
1334 911 1377 951 in
1397 912 1500 952 Vita
1520 912 1744 952 Aureliani
1761 925 1772 952 ι
1815 912 1829 934 ‘
1847 912 1959 952 Nam

1074 980 1120 1015 te
1139 976 1367 1016 Consulem
1394 975 1522 1016 hodie
1551 975 1746 1027 designo,
1776 974 1961 1026 scriptu-

1072 1051 1144 1078 rus
1162 1039 1216 1079 ad
1236 1040 1460 1090 Senatum,
1481 1045 1528 1079 ut
1550 1039 1630 1079 tibi-
1665 1039 1849 1090 deputet
1879 1038 1962 1078 sci-

1074 1103 1263 1154 pionem,
1279 1102 1463 1155 deputet
1483 1103 1616 1143 etiam
1640 1101 1793 1143 fasces,
1850 1101 1961 1141 Haee

1073 1167 1186 1207 enim
1202 1167 1451 1219 Imperator
1470 1179 1552 1207 non
1578 1167 1687 1206 solet
1702 1166 1825 1216 dare,
1844 1164 1920 1223 sed
1937 1177 1962 1204 a

1074 1231 1251 1282 Senatu,
1269 1231 1440 1284 quando
1458 1231 1508 1272 fit
1529 1230 1704 1280 Consul,
1729 1227 1962 1280 accipere!

1075 1295 1356 1336 Cassiodorus
1390 1296 1464 1336 lib.
1479 1307 1544 1337 v1.
1574 1294 1618 1333 in
1651 1292 1835 1333 formula
1852 1293 1963 1332 Con-

1074 1360 1262 1400 sulatus:
1294 1359 1516 1399 ‘Validam
1547 1366 1721 1398 manum
1750 1355 1962 1396 victoriali

1076 1421 1270 1475 scipione
1290 1419 1521 1461 nobilitat!
1578 1419 1632 1459 In
1653 1418 1820 1460 Glossis
1847 1417 1966 1457 Pris-

1075 1485 1164 1525 cis:
1206 1486 1219 1508 ‘
1241 1485 1476 1537 Scipiones,
1524 1483 1655 1535 virgae
1704 1478 1963 1521 Consulum!

1076 1548 1135 1586 Et
1176 1546 1398 1586 Ennodius
1433 1547 1475 1585 iu
1527 1543 1800 1596 Panegyrico
1848 1547 1861 1565 ⁴
1883 1542 1964 1581 sci-

1075 1609 1256 1661 piones,'
1283 1621 1361 1661 pro
1388 1610 1483 1661 ipso
1517 1609 1756 1648 Consulatu
1785 1606 1929 1658 posuit
1953 1618 1963 1644 :

1074 1673 1088 1714 ἔ
1103 1673 1336 1713 Serranum
1355 1671 1619 1724 scipionibus
1627 1675 1770 1710 aratra
1783 1680 1964 1722 pepere-

1075 1737 1206 1779 runt:
1261 1737 1357 1777 Nec
1386 1735 1643 1776 Juvenalem
1677 1733 1807 1773 aliter
1839 1743 1964 1784 quam

1077 1800 1131 1839 de
1149 1801 1231 1840 hoc
1249 1799 1445 1852 scipione
1465 1798 1653 1850 ceperim
1674 1796 1767 1837 Sat.
1787 1806 1832 1835 x.
1861 1797 1874 1817 ‘
1892 1795 1965 1834 Da

1076 1875 1190 1904 nuuc
1207 1870 1253 1904 et
1273 1864 1505 1914 volucrem,
1522 1865 1698 1912 sceptro
1717 1871 1813 1912 quae
1827 1857 1966 1910 surgit

1077 1926 1272 1968 eburno.'
1348 1926 1575 1978 Praeitque
1611 1923 1750 1974 nobis,
1794 1921 1966 1974 Aquilae

1077 1991 1255 2044 figuram
1273 1990 1408 2031 fuisse
1428 1990 1470 2030 in
1490 2000 1654 2030 summo
1669 1987 1744 2027 illo
1761 1991 1936 2038 sceptro
1954 1998 1964 2024 :

1077 2055 1158 2095 nisi
1173 2061 1317 2095 tamen
1329 2054 1465 2105 magis
1482 2054 1646 2105 placet,
1661 2050 1713 2090 ad
1730 2049 1967 2102 scipionem

1078 2118 1380 2171 triumphalem
1402 2116 1445 2156 id
1480 2114 1648 2161 referri,
1675 2126 1803 2167 quem
1836 2113 1967 2165 plane

1075 2193 1127 2221 ea
1147 2181 1285 2221 forma
1297 2179 1493 2220 Isidorus
1513 2177 1727 2218 describit
1759 2176 1834 2216 lib.
1849 2185 1969 2215 xvir.

1075 2257 1172 2297 cap.
1194 2248 1237 2286 2.
1292 2245 1351 2284 Et
1370 2242 1554 2283 eundem
1577 2242 1621 2280 in
1641 2240 1860 2291 triumpho
1881 2239 1969 2291 Ap-

1075 2308 1230 2359 pianus
1247 2308 1378 2347 etiam
1400 2305 1593 2356 agnoscit
1626 2305 1701 2343 lib.
1737 2304 1793 2342 de
1832 2303 1967 2341 Bellis

1074 2371 1268 2411 Punicis.
1324 2369 1468 2422 Atque
1511 2368 1603 2407 haec
1649 2366 1741 2406 fere
1781 2366 1968 2416 insignia

1076 2434 1193 2473 olim.
1251 2433 1480 2472 Posterior
1499 2437 1607 2471 aetas
1635 2429 1716 2469 sub
1746 2428 1965 2480 Principi-

1074 2488 1153 2537 bus
1173 2495 1370 2549 quaedam
1390 2494 1576 2545 addidit,
1605 2493 1800 2546 quaedam
1820 2493 1969 2532 immu-

1075 2559 1214 2599 tavit:
1246 2563 1292 2598 et
1325 2558 1370 2598 id
1410 2558 1504 2598 fere
1534 2558 1576 2597 in
1617 2555 1881 2608 superbiam,
1918 2560 1967 2594 ut

1075 2624 1201 2674 solet,
1222 2627 1270 2663 et
1290 2634 1503 2674 pompam.
1533 2621 1709 2673 Lipsius.

1130 2687 1323 2726 Proximo
1342 2685 1490 2736 lictori]
1512 2685 1709 2736 Namque
1730 2695 1786 2722 ex
1804 2681 1968 2722 lictori-

1075 2750 1151 2790 bus
1167 2761 1294 2789 unum
1308 2760 1479 2801 semper
1494 2747 1711 2788 habebant
1726 2746 1966 2799 proximum

1074 2814 1298 2853 Consules.

1128 2874 1450 2926 Monumentum]
1478 2874 1694 2914 Sacellum
1710 2873 1967 2921 Marianum,

1074 2937 1149 2978 ubi
1179 2937 1352 2978 fuerant
1381 2938 1472 2990 ejus
1490 2942 1801 2976 monumenta:
1832 2942 1878 2975 et
1906 2936 1967 2974 ita

1075 3001 1264 3043 accidit:
1293 3013 1409 3052 nam,
1438 3006 1487 3040 ut
1505 3000 1704 3050 diximus,
1721 3011 1816 3039 cum
1841 2998 1963 3037 Cice-

1074 3075 1122 3104 ro
1142 3064 1277 3105 totius
1303 3063 1441 3104 ferme
1475 3063 1617 3103 Italiae
1637 3074 1866 3102 consensu
1899 3073 1966 3100 re-

1072 3128 1251 3168 stitutus
1272 3133 1403 3179 esset,
1423 3128 1465 3166 in
1492 3127 1711 3167 Sacellum
1749 3125 1894 3174 Marii,
1921 3125 1964 3163 in

1075 3202 1159 3243 quo
1186 3188 1351 3230 factum
1370 3189 1515 3230 fuerat
1533 3188 1963 3229 senatusconsultum

1072 3253 1127 3294 de
1148 3254 1244 3306 ejus
1265 3253 1425 3305 reditu,
1456 3253 1673 3292 deductus
1703 3256 1787 3300 est,
1820 3254 1866 3288 et
1900 3249 1963 3288 in·

1072 3317 1191 3367 genti
1237 3317 1421 3355 Senatus
1468 3325 1679 3354 consensu
1740 3312 1964 3363 liberatus,

1073 3378 1321 3430 summaque
1339 3389 1436 3418 cum
1469 3377 1681 3427 dignitate
1717 3374 1961 3415 restitutus.

1070 3442 1238 3482 Scimus
1262 3441 1385 3480 >enim
1424 3451 1507 3491 quo
1545 3437 1672 3477 modo
1706 3438 1768 3477 M.
1805 3437 1962 3477 Cicero

1071 3506 1170 3557 lege
1188 3503 1322 3556 Appii
1342 3501 1512 3543 Claudii
1531 3500 1633 3540 trib.
1653 3500 1714 3552 pl.
1742 3500 1848 3553 lata,
1877 3512 1961 3553 qua
