2346 3996
337 308 480 361 1252

341 445 491 500 quibus
510 445 581 486 ille
599 444 791 498 petebat.
825 444 930 484 Oliv.

392 511 586 552 Plurimis
617 509 747 560 vitiis]
783 509 895 548 Nam
928 519 1077 548 eversa
1109 507 1213 548 Car·

339 575 528 628 tliagine,
570 575 711 614 deleta
758 572 1006 623 Numantia,
1050 571 1214 622 domita,

339 638 461 691 Asia,
502 638 729 679 debellatis
770 637 957 689 denique
996 636 1211 688 gentibus,

337 716 432 757 quae
467 704 678 742 Romanos
717 702 758 740 in
792 701 919 739 armis
954 706 999 739 et
1040 699 1210 750 negotio

337 765 636 816 continebant,
667 763 767 804 urbs
801 768 890 803 tota
918 763 961 802 in
993 763 1138 801 luxum
1167 766 1212 801 et

334 828 553 868 lasciviam
579 829 770 867 resoluta
798 833 877 866 est.
927 825 1050 868 Quod
1078 829 1210 864 testa-

335 896 408 932 tur
438 892 659 934 Juvenalis
693 891 757 931 his
787 889 1002 930 versibus:
1048 889 1060 910 ‘
1083 888 1219 928 Nunc-

335 955 524 1008 patimur
561 956 696 1007 longae
738 954 854 1007 pacis
895 954 1019 1005 mala,
1057 953 1210 993 saevior

333 1020 460 1060 armis
497 1020 682 1060 Luxuria
718 1020 926 1067 incubuit,
962 1020 1210 1072 victumque

333 1084 556 1124 ulciscitur
602 1083 764 1125 orbem.
828 1084 1002 1123 Nullum
1048 1085 1208 1123 crimen

333 1147 456 1187 abest
500 1146 749 1200 facinusque
791 1147 995 1197 libidinis,
1031 1159 1085 1187 ex
1127 1159 1209 1199 quo

332 1211 575 1263 Paupertas
593 1212 784 1251 Romana
803 1210 945 1262 perit.’
983 1211 1145 1250 Rursus
1166 1211 1208 1249 in

334 1274 485 1314 eadem
529 1279 652 1315 sexta
699 1275 877 1326 Satyra:
930 1276 942 1296 ‘
971 1274 1210 1314 Praebebat

332 1343 473 1378 castas
486 1338 651 1377 humilis
666 1336 839 1377 fortuna
857 1334 1058 1377 Latinas?
1087 1337 1205 1376 [dem.

386 1404 451 1453 §2
480 1403 571 1442 Non
597 1401 797 1454 putaram]
846 1401 967 1441 Sicut
993 1406 1038 1441 et
1068 1401 1209 1452 Vege-

331 1465 416 1506 tius
445 1465 498 1505 de
525 1467 589 1506 Re
619 1465 799 1506 Militari
831 1466 964 1506 dicit:
994 1465 1006 1487 ‘
1031 1465 1209 1505 Proelio-

331 1540 423 1568 rum
443 1529 605 1569 delicta
623 1529 962 1571 emendationem
992 1541 1075 1569 nou
1101 1529 1209 1569 reci-

329 1592 469 1643 piunt,
488 1604 583 1632 cum
606 1604 728 1644 poena
747 1593 893 1632 statim
921 1598 1124 1645 sequatur
1142 1603 1209 1631 er-

330 1655 501 1697 rorem.’
541 1656 666 1696 Idem.
721 1657 866 1697 Dicere
894 1668 971 1696 non
1003 1655 1207 1708 putaram]

330 1719 495 1759 Seneca
515 1719 647 1759 Fabio
679 1719 832 1761 tribuit
861 1719 933 1760 lib.
954 1731 1006 1760 11.
1026 1732 1121 1772 cap.
1138 1723 1208 1760 31.

332 1782 385 1821 de
406 1783 495 1823 Ira.
524 1783 691 1824 Cor-rad.

905 322 1083 362 NOTAE
1122 322 1454 363 VARIORUM
1498 324 1563 364 IN

1274 443 1367 483 acie
1389 444 1648 495 constitum
1672 444 1743 486 ubi
1773 457 1907 485 caesus
1940 446 2151 487 mendacii

1278 519 1424 557 poenas
1446 507 1577 548 dedit.
1636 508 1745 547 Nam
1771 508 1872 560 quia
1901 509 2086 560 prudens
2107 515 2152 550 et

1275 570 1412 609 sciens
1455 571 1660 611 mentitus
1695 571 1852 623 fuerat,
1892 585 2026 612 caesus
2068 579 2152 621 est,

1275 633 1341 671 vel
1370 645 1486 683 casu,
1507 634 1571 672 vel
1598 633 1742 673 divina
1774 635 2073 686 providentia3
2103 643 2150 676 et

1274 696 1334 735 sic
1375 698 1615 748 Imperator
1653 698 1815 749 potitus
1852 704 1920 738 est
1955 698 2152 738 victoria.

1278 761 1385 801 Oliv.

1330 822 1595 877 Aquiloniam]
1652 823 1775 864 Livio
1820 829 1866 864 et
1909 824 2150 865 Ptolemaeo

1275 887 1552 939 Hirpinorum
1587 887 1754 928 civitas.

1329 953 1421 991 Non
1470 951 1786 1003 prosperantibus
1832 950 1986 1002 avibus]
2029 951 2150 992 Nihil

1274 1014 1469 1067 prosperi
1497 1014 1865 1066 promittentibus.

1327 1078 1486 1118 Bonum
1520 1077 1648 1128 omen]
1686 1079 1753 1118 Ex
1787 1091 1838 1118 eo
1870 1079 1998 1130 enim,
2034 1078 2150 1131 quod

1272 1142 1464 1192 oportuit
1491 1146 1710 1193 petentem
1739 1142 1932 1193 auspicia
1972 1141 2150 1182 credere

1273 1204 1568 1254 pronuntianti
1585 1216 1652 1256 ea,
1671 1205 1839 1258 putavit
1859 1217 1924 1256 ea,
1941 1217 2035 1258 quae
2057 1206 2151 1258 pul-

1271 1267 1401 1306 larius
1420 1267 1604 1319 dixerat,
1623 1280 1718 1309 esse
1737 1268 1950 1308 facienda.
1978 1270 2083 1309 Bad.

1326 1331 1376 1370 Id
1396 1335 1441 1370 ut
1470 1332 1648 1382 cognovit
1679 1334 1822 1382 consul,
1828 1332 1980 1383 fidente
2006 1333 2150 1383 animo,

1271 1399 1311 1434 et
1354 1394 1500 1434 invasit
1536 1395 1805 1446 Aquiloniam,
1841 1398 1880 1434 et
1915 1394 2034 1447 cepit]
2077 1394 2152 1434 Ita

1271 1458 1400 1510 vulgo
1445 1464 1637 1498 truncam
1677 1470 1768 1498 esse
1804 1458 2058 1498 sententiam
2097 1469 2153 1497 ex

1271 1521 1366 1562 Liv.
1394 1521 1569 1561 historia
1598 1521 1850 1573 colligimus.
1906 1520 2007 1560 Non
2035 1522 2151 1560 enim

1270 1584 1434 1625 occisus
1455 1584 1661 1636 pullarius
1688 1585 1732 1624 in
1751 1583 2071 1636 oppugnatione
2093 1582 2153 1623 A-

1270 1647 1484 1701 quiloniae,
1507 1647 1582 1687 sed
1603 1652 1730 1687 antea
1756 1647 1799 1686 in
1821 1645 1985 1698 proelio.
2041 1646 2152 1686 Rec-

1271 1713 1355 1752 tius
1371 1712 1516 1765 itaque
1535 1712 1579 1752 in
1595 1712 1839 1765 Campensi,
1860 1715 1986 1764 atque
2001 1711 2151 1757 ordine

1269 1777 1578 1817 luculentiore:
1610 1778 1660 1817 Id
1689 1777 1755 1816 ubi
1786 1777 1931 1816 Consul
1956 1776 2150 1826 cognovit,

386 1847 408 1898 ξ
439 1848 463 1885 3
512 1845 612 1895 Ejus
647 1846 751 1886 enim
792 1845 986 1896 transitu]
1032 1844 1210 1886 Scilicet
1259 1840 1413 1893 fidente
1429 1841 1559 1880 animo
1573 1845 1612 1881 et
1631 1840 1774 1881 hosteis
1792 1839 1953 1891 invasit,
1973 1844 2011 1880 et
2029 1841 2152 1892 Aqui-

330 1907 553 1948 Annibalis
594 1921 648 1949 ex
687 1909 898 1962 Hispania
938 1919 1017 1962 per
1060 1907 1210 1961 Alpes.

331 1973 501 2013 Badius.

385 2037 553 2078 Roboris
568 2038 708 2092 prisci]
738 2037 790 2079 Id
810 2042 894 2090 est,
918 2037 1103 2091 antiquae
1126 2038 1208 2079 vir·

331 2101 453 2143 tutis.

385 2166 407 2217 ᾧ
427 2169 453 2206 4
479 2166 613 2206 Judex
630 2165 780 2217 aditus]
809 2165 878 2206 Ita
895 2165 1005 2206 liber
1026 2165 1136 2205 Dan.
1163 2170 1208 2206 et

329 2226 522 2279 Pighius.
568 2229 652 2268 Sed
678 2228 1078 2280 jampridemy‘udex
1097 2228 1208 2268 addi-

326 2295 392 2330 tus
420 2291 609 2331 correxit
626 2292 816 2333 Jacobus
838 2291 1037 2344 Cujacius
1054 2293 1096 2331 in
1117 2291 1206 2332 Ob-

327 2359 486 2394 servat.
517 2354 585 2395 Ita
605 2355 732 2395 etiam
749 2354 974 2407 legendum
991 2355 1103 2407 apud
1122 2356 1207 2395 Va-

325 2417 478 2458 lerium
512 2430 607 2458 esse
641 2418 716 2459 lib.
753 2430 853 2460 vm.
891 2431 986 2470 cap.
1020 2423 1059 2460 2.
1095 2419 1206 2459 idem

326 2481 598 2532 praescribit:
628 2482 640 2504 ‘
663 2483 732 2521 De
752 2495 836 2534 qna
861 2495 907 2522 re
936 2483 984 2523 C.
1006 2482 1206 2536 Aquilius

317 2542 457 2594 judex
493 2543 694 2584 additus!
736 2545 958 2600 Videndus
996 2547 1068 2587 ille
1091 2547 1205 2598 juris

324 2606 542 2660 interpres
564 2608 713 2649 unicus
734 2608 788 2648 ad
803 2608 949 2653 Instit.
972 2610 1039 2650 tit.
1060 2610 1114 2650 de
1130 2608 1203 2651 off.

322 2669 420 2721 jud.
453 2671 583 2710 Coler.

378 2733 599 2786 Judicium]
626 2734 805 2775 Scilicet
820 2734 1105 2776 arbitrarium.

381 2798 449 2848 §5
492 2797 684 2850 Papirius
722 2797 888 2849 Cursor]
929 2798 1015 2838 Hic
1047 2798 1204 2839 bellum

324 2865 476 2901 contra
506 2861 719 2901 Samnites
761 2861 960 2913 gerebat,
993 2867 1038 2902 et
1076 2875 1204 2914 quum

326 2923 441 2962 acies
470 2921 690 2964 instructae
723 2924 958 2975 stetissent,
978 2924 1113 2976 jussit
1132 2937 1204 2965 au·

325 2986 462 3037 spicia
490 2987 612 3038 capi:
645 2987 752 3038 pulli
772 2992 1026 3039 respuerant
1053 2999 1202 3029 escas:

324 3049 545 3101 pullarius,
570 3062 623 3090 ne
651 3050 961 3102 Imperatorem
982 3051 1204 3102 perturba-

326 3116 411 3163 ret,
426 3112 660 3164 auspicium
683 3112 946 3163 solistimum,
966 3112 1008 3152 id
1026 3119 1111 3163 est,
1129 3126 1205 3165 op-

326 3176 474 3216 timum
497 3188 590 3217 esse
609 3176 848 3229 respondit.
906 3176 985 3217 Cui
1005 3177 1205 3228 Papirius

325 3241 522 3288 credens,
543 3242 735 3294 proelium
756 3242 964 3283 committi
969 3242 1114 3294 jussit.
1134 3242 1205 3282 In·

326 3310 445 3345 terea
476 3304 648 3357 quidam
680 3305 846 3345 monuit
879 3305 1208 3356 Imperatorem,

324 3373 374 3408 ut
393 3367 560 3408 videret
593 3368 691 3420 quid
727 3373 889 3421 ageret,
921 3368 1019 3420 quia
1038 3368 1205 3408 Solisti·

324 3442 435 3469 mum
475 3430 717 3470 nuntiatum
761 3442 787 3469 a
830 3430 1012 3482 pullario
1053 3429 1206 3470 falsum

325 3492 466 3533 fuerit.
517 3495 624 3533 Tum
645 3493 864 3546 Papirius,
887 3493 976 3533 Pro
997 3493 1127 3544 bono,
1146 3493 1207 3532 in-

324 3556 433 3609 quit,
468 3556 622 3608 habeo,
658 3561 704 3596 et
740 3557 965 3610 pullarium
993 3556 1038 3596 in
1068 3556 1207 3608 prima

1270 1903 1415 1943 lonium
1435 1903 1553 1955 cepit.
1594 1902 1722 1954 Pigh.

1330 1966 1471 2007 Virum
1488 1966 1682 2018 severum]
1714 1965 1824 2008 Quia
1852 1964 2048 2007 mendaci
2066 1976 2149 2006 non

1270 2032 1486 2084 pepercit.

1326 2097 1528 2136 Consulem
1549 2094 1795 2147 religiosum]
1829 2093 1920 2136 Aut
1952 2093 2054 2148 quia'
2085 2106 2150 2134 re-

1269 2160 1594 2212 nuntiationem,
1616 2161 1722 2200 licet
1742 2158 1914 2212 falsam,
1939 2160 2057 2212 sequi
2079 2171 2151 2198 vo-

1268 2224 1363 2275 luit,
1383 2231 1457 2264 aut
1476 2225 1575 2278 quia
1593 2236 1685 2264 eam
1701 2224 1918 2275 religiose,
1932 2229 1976 2263 et
1991 2229 2039 2264 ut
2051 2223 2150 2263 Diis

1269 2288 1475 2340 placitum
1506 2293 1613 2339 erat,
1632 2286 1836 2339 expiavit.
1865 2285 1972 2326 Bad.

1323 2350 1604 2403 Imperatorem
1624 2347 1847 2400 strenuum]
1874 2348 1990 2392 Quia
2015 2347 2150 2401 Aqui·

1267 2415 1426 2456 Ioniam
1445 2416 1578 2468 cepit.
2130 2440 2131 2443 =

1323 2480 1345 2531 ξ
1366 2483 1392 2519 6
1423 2480 1525 2519 Cum
1541 2479 1743 2529 adversus,
1759 2476 1846 2530 ξω]
1880 2475 1979 2517 Hoc
2007 2488 2150 2517 exem-

1267 2542 1383 2594 plum
1416 2543 1602 2594 positum
1633 2547 1701 2582 est
1732 2553 1862 2594 supra
1891 2540 1936 2580 in
1965 2551 2064 2592 cap.
2094 2539 2150 2579 de

1270 2607 1476 2658 Censura,
1495 2611 1540 2646 et
1559 2606 1602 2646 in
1627 2617 1725 2657 cap.
1746 2604 1801 2644 de
1827 2603 2149 2644 Reconciliatis.

1267 2670 1352 2711 Ubi
1372 2683 1523 2722 graves
1543 2669 1659 2709 inter
1689 2668 1969 2709 Salinatorem
1990 2672 2036 2708 et
2064 2666 2152 2707 Ne-

1267 2747 1414 2774 ronem
1467 2733 1710 2774 inimicitias
1755 2731 1888 2771 fuisse
1937 2730 2148 2780 diximus3

1267 2797 1381 2850 quod
1402 2796 1549 2837 Livius
1570 2801 1802 2851 accusante
1830 2794 2006 2836 Nerone
2032 2793 2151 2834 dam-

1268 2865 1396 2900 natus
1429 2863 1546 2900 esset
1578 2872 1602 2898 a
1637 2858 1824 2911 populo:
1855 2869 1959 2911 quos
1992 2856 2150 2897 deinde

1267 2924 1449 2964 Senatus
1490 2927 1641 2962 octavo
1686 2927 1784 2974 post
1831 2919 2150 2960 damnationem

1267 2999 1395 3039 anuo,
1412 2992 1606 3039 tempore
1635 2983 1812 3025 secundi
1842 2982 2000 3024 Punici
2027 2982 2149 3033 belli,

1266 3063 1360 3092 cum
1395 3050 1546 3090 iisdem
1577 3048 1762 3089 comitiis
1783 3047 1934 3088 consul
1965 3051 2149 3099 uterque

1265 3119 1437 3154 creatus
1457 3117 1592 3162 esset,
1612 3112 1653 3152 in
1674 3111 1854 3163 gratiam
1875 3121 2040 3151 summo
2057 3114 2147 3148 stu-

1267 3178 1338 3217 dio
1359 3182 1404 3217 et
1433 3176 1656 3228 diligentia
1685 3173 1874 3221 reduxit,
1906 3184 1959 3211 ne
1979 3171 2146 3212 illorum

1266 3240 1530 3280 dissensione
1551 3236 1739 3288 respubl.
1759 3234 2011 3276 detrimenti
2032 3234 2150 3287 quic·

1268 3315 1393 3356 quam
1415 3305 1604 3352 caperet.
1636 3299 1745 3339 oliv.

1322 3361 1500 3415 Edendi]
1535 3358 1776 3401 Emittendi
1805 3362 1850 3399 et
1883 3357 2151 3411 producendi

1266 3426 1309 3466 in
1330 3427 1484 3465 lucem.

1322 3489 1502 3537 Eosdem,
1519 3485 1608 3538 lya]
1638 3485 1696 3526 Et
1721 3484 1802 3525 hoc
1830 3495 1996 3537 quoque
2016 3483 2148 3524 Sena-

1267 3557 1335 3592 tus
1355 3549 1515 3591 factum
1535 3549 1659 3590 laude
1681 3547 1870 3600 dignum,
1886 3547 1958 3601 qui
1975 3545 2146 3605 eosdem
