2288 3990
375 253 483 313 972

377 381 419 420 id
441 385 573 432 esset,
591 381 701 433 quod
719 380 931 432 respicere
948 380 1104 419 vetitus
1119 384 1249 430 esset,

377 444 562 495 agitaret
576 444 729 495 animo,
745 448 986 494 temperare
1002 443 1248 483 oculosani-

376 519 445 545 mo
458 506 719 558 nequivisse,
729 519 821 545 eum
832 505 990 545 vidisse
1001 511 1100 557 post
1109 518 1154 546 se
1166 518 1251 545 ser-

377 573 552 619 pentem
563 568 669 608 mira
681 568 970 619 magnitudine
978 580 1074 608 cum
1086 568 1252 619 ingenti

375 630 574 670 arborum
595 635 640 670 et
659 631 938 681 virgultorum
967 635 1112 680 strage
1130 629 1251 677 ferri,

376 704 427 731 ac
458 698 557 743 post
591 693 758 745 insequi
806 705 901 732 cum
937 691 1109 744 fragore
1155 693 1252 733 coeli

375 755 580 796 nimbum.
622 756 733 795 Tum
751 768 847 808 quaa
864 757 998 796 moles
1016 769 1080 807 ea,
1095 756 1252 808 quidve

376 814 558 868 prodigii
583 824 698 858 esset
727 824 1006 871 quaerentem,
1025 820 1251 869 audivisse,

375 881 623 919 vastitatem
673 880 814 920 Italiae
861 893 967 922 esse.
1045 882 1254 933 pergeret

375 954 503 994 porro
521 943 596 994 ire,
611 955 696 985 nec
724 944 838 983 ultra
866 944 1118 995 inquireret,
1142 944 1252 983 sine-

306 1007 310 1010 ”
375 1010 529 1056 retque
545 1003 636 1045 fata
664 1006 708 1044 in
738 1007 906 1046 occulto
937 1018 1045 1046 esse.
1101 1007 1253 1047 Cicero

372 1066 447 1108 lib.
488 1078 535 1106 v.
580 1067 632 1107 de
669 1068 866 1108 Divinat.
937 1070 949 1091 ‘
966 1068 1252 1119 Annibalem,’

374 1130 529 1182 inquit,
559 1132 571 1153 ‘
587 1143 683 1171 cum
704 1132 893 1183 cepisset
909 1132 1160 1184 Saguntum,
1192 1133 1254 1172 vi-

375 1203 466 1231 sum
496 1204 590 1232 esse
617 1194 661 1232 in
692 1194 865 1233 somniis
886 1207 912 1234 a
929 1194 1039 1235 Jove
1070 1196 1113 1234 in
1137 1196 1254 1235 Deo-

374 1265 468 1293 rum
496 1255 723 1295 concilium
752 1257 909 1303 vocari,
941 1269 1023 1309 quo
1052 1270 1148 1297 cum
1182 1270 1254 1297 ve-

375 1317 524 1368 nisset,
562 1318 716 1358 Jovem
754 1320 994 1370 imperasse
1027 1325 1077 1359 ut
1115 1321 1254 1360 Italiae

375 1378 537 1419 bellum
573 1379 767 1426 inferret,
799 1382 1038 1433 ducemque
1065 1383 1106 1421 ei
1127 1395 1255 1422 unum

375 1452 429 1479 ex
449 1442 630 1482 concilio
650 1443 811 1494 datum,
830 1455 914 1496 quo
941 1445 1059 1484 illum
1080 1452 1255 1485 euntem

375 1515 472 1543 cum
501 1505 697 1546 exercitu
727 1507 930 1558 progredi
959 1508 1180 1560 coepisset,
1201 1522 1256 1551 ne

372 1568 628 1620 respiceret,
663 1569 911 1622 imperasse,
950 1571 1068 1610 illum
1107 1578 1253 1613 autem

374 1631 534 1672 diutius
553 1632 702 1674 facere
731 1647 814 1675 non
845 1636 1048 1687 potuisse,
1078 1638 1255 1677 elatum-

375 1706 458 1745 que
477 1696 729 1748 cupiditate,
747 1700 1006 1750 respexisse.
1037 1702 1142 1740 Tum
1163 1713 1255 1740 vas·

375 1762 462 1796 tam
485 1758 668 1799 belluam
688 1765 734 1800 et
753 1760 980 1801 immanem
1000 1762 1153 1813 visam,
1172 1763 1254 1802 cir-

376 1820 670 1871 cumplicitam
728 1823 1019 1874 serpentibus,
1069 1836 1256 1876 quacun·

377 1894 459 1934 que
477 1882 714 1934 incederet,
734 1886 875 1924 omnia
893 1886 1082 1936 arbusta,
1098 1887 1255 1937 virgul-

376 1952 437 1997 ta,
469 1952 602 1998 tecta,
635 1954 902 1999 pervertere,
929 1954 975 1988 et
1005 1948 1257 1989 cumadmi-

376 2014 516 2049 ratnm
551 2012 754 2062 quaesisse
789 2011 843 2051 de
890 2013 1001 2062 Deo,
1039 2012 1255 2053 Quidnam

374 2070 481 2111 illud
498 2079 614 2113 esset
642 2075 727 2113 tale
745 2079 979 2114 monstrum
999 2075 1013 2113 ?
1042 2080 1088 2115 et
1117 2076 1255 2115 Deum

375 2135 663 2187 respondisse,
690 2136 828 2176 Italiae
865 2149 959 2176 esse
992 2138 1255 2190 vastitatem,

375 2196 741 2249 praecepisseque,
760 2203 806 2237 ut
825 2205 1027 2250 pergeret
1045 2201 1256 2251 protinus,

375 2257 477 2308 quid
499 2264 614 2299 retro
632 2265 707 2300 aut
725 2273 751 2299 a
768 2265 891 2311 tergo
911 2260 1052 2313 fieret,
1071 2262 1179 2302 scire
1199 2276 1256 2304 ne

374 2320 627 2363 laboraret!
673 2323 824 2364 Oliver.
881 2324 1073 2376 Contigit
1109 2325 1167 2367 A.
1200 2327 1256 2368 U.

375 2395 576 2425 nxxxlv.
888 2412 892 2419 -

436 2447 616 2499 Vigilioe]
646 2449 746 2500 Non
765 2451 902 2490 solum
919 2449 1019 2490 dum
1041 2451 1255 2503 vigilaret,

379 2509 456 2556 sed
484 2511 615 2551 etiam
644 2511 747 2553 dum
779 2514 1037 2566 quiesceret,
1063 2516 1257 2567 agitabat

378 2574 518 2612 animo
533 2579 701 2625 pestem
721 2575 863 2615 Italiae
878 2575 1051 2618 inferre.

432 2638 596 2678 Nullam
614 2638 657 2677 in
682 2643 836 2689 partem
864 2640 981 2679 motis
997 2645 1150 2681 secutus
1169 2655 1258 2682 ocu-

376 2700 447 2752 lis]
475 2702 586 2741 Sunt
622 2703 695 2754 qui
722 2703 885 2754 legant,
909 2706 1079 2754 suntin
1106 2710 1155 2746 ut
1185 2706 1258 2758 sit,

378 2764 518 2803 oculis
536 2763 764 2804 Annibalis
783 2766 958 2807 secutis.

417 2826 556 2866 Primo
564 2828 732 2877 vestigia
743 2829 889 2868 nullam
899 2829 940 2869 in
951 2834 1103 2880 partem
1116 2832 1261 2871 secutis

378 2888 516 2939 oculis]
539 2889 758 2930 Obscurus
778 2897 824 2931 et
839 2903 1013 2932 mancus
1029 2899 1096 2934 est
1109 2907 1257 2934 sensus

378 2951 467 3003 ejus
483 2953 662 3006 loci,qui
678 2954 778 2993 mihi
793 2955 965 3007 quidem
978 2967 1032 2995 ex
1049 2957 1151 2996 Cam
1159 2970 1260 3009 pen-

379 3015 438 3054 sis
457 3016 714 3068 exemplaris
729 3017 952 3057 Scholiolis
977 3019 1260 3059 interlineari·

379 3076 460 3117 bus
478 3079 645 3118 restitui
673 3091 800 3130 posse
818 3079 1004 3120 videtur.
1061 3079 1258 3122 Annota-

380 3147 469 3180 tum
486 3141 597 3181 enim
618 3153 761 3194 supra,
776 3143 921 3182 nullam
940 3143 983 3182 in
998 3148 1168 3194 partem,
1183 3145 1261 3194 sic,

380 3204 534 3255 supple
562 3204 693 3246 motis.
746 3204 858 3245 Inde
891 3205 933 3244 in
967 3208 1259 3258 conjecturam

379 3266 516 3317 venio,
536 3267 801 3308 ,vocabulum
828 3268 908 3308 hoc
935 3270 1070 3309 solum
1090 3270 1259 3311 deside·

379 3329 480 3368 rari.
534 3331 680 3373 Quare
706 3331 741 3371 si
760 3331 848 3372 eboc
883 3332 1010 3372 modo
1040 3333 1258 3385 legamus:

375 3390 505 3441 pn‘mo
534 3394 702 3444 vestigia
726 3395 873 3435 nullam
902 3395 955 3434 in·
972 3400 1131 3446 partem
1144 3397 1260 3437 motis

378 3459 565 3506 sequutus
582 3457 715 3511 oculis,
733 3459 950 3500 sententia
972 3459 1057 3501 erit
1074 3458 1259 3512 integra,

954 266 1130 303 NO'PAE
1177 264 1501 303 VARIORUM
1546 264 1610 301 IN

1315 385 1358 419 et
1393 377 1638 427 manifesta,
1672 383 1803 430 atque
1840 377 1970 418 etiam
2001 377 2199 419 Liviana».

1312 440 2198 494 narrationiconveniens,quiremeandem

1313 506 1375 544 ita
1395 504 1695 556 persequitur:
1718 502 1909 542 Proinde
1928 507 2200 554 sequeretur,

1312 579 1449 619 neque
1465 578 1639 618 usquam
1656 578 1680 605 a
1699 578 1747 605 se
1763 564 2021 605 deflecteret
2037 565 2201 616 oculos,

1314 630 1517 681 pavidum
1547 630 1684 681 primo
1712 640 1922 680 nusquam
1949 628 2199 678 circumspi-

1315 692 1518 740 cientem,
1565 697 1637 730 aut
1691 690 1998 742 respicientem
2045 700 2200 741 sequu-

1314 757 1419 794 tum.
1475 753 1572 793 Hoc
1602 758 1683 804 est,
1700 760 1750 792 ut
1780 753 1982 793 Valerius
2017 753 2093 804 ait,
2109 754 2200 794 nul-

1314 818 1394 856 lam
1427 816 1472 855 in
1514 820 1671 867 partem
1706 815 1822 855 motis
1868 816 2005 855 oeulis-⁴
2032 819 2200 856 securae.

1315 878 1514 930 Pighius.

1375 943 1510 982 Vetita
1526 939 1747 992 scrutandi]
1777 940 1972 982 Imitatio
1989 935 2201 982 Salustia-

1315 1017 1391 1045 na:
1424 1009 1436 1028 ‘
1458 1006 1581 1044 More
1618 1003 1791 1042 humani
1829 1003 2005 1054 ingenii,
2040 1003 2201 1055 cupido

1314 1067 1466 1118 ignara
1500 1067 1667 1114 visundi
1700 1066 1886 1105 animum
1916 1064 2076 1107 vortit.’
2132 1065 2204 1105 Sic

1316 1136 1363 1170 et
1406 1130 1666 1170 Petronius:
1699 1128 1852 1168 ‘Vitio
1881 1129 2025 1180 gentis
2056 1129 2203 1169 huma-

1315 1205 1384 1233 nae
1422 1194 1643 1245 concupiit
1689 1192 1819 1244 scire,
1861 1192 1956 1245 quis
1987 1197 2066 1233 aut
2099 1192 2204 1246 quid

1316 1255 1514 1297 faceret!

1370 1319 1454 1358 Hic
1479 1318 1582 1369 dux]
1610 1318 1696 1361 Qui
1717 1322 1983 1370 apparuerat
2011 1317 2051 1357 ei
2071 1316 2204 1371 prius,

1317 1386 1368 1421 ut
1387 1381 1562 1431 juvenis
1579 1382 1728 1422 divina
1747 1382 1911 1434 specie.

1372 1446 1434 1497 §2
1457 1445 1588 1490 Quam
1600 1445 1692 1485 bene
1704 1445 1955 1486 Macedonia
1959 1443 2059 1496 rex]
2070 1441 2204 1484 Alex-

1318 1509 1449 1549 ander
1480 1509 1670 1550 Macedo
1689 1508 1798 1550 vidit
1825 1510 1869 1550 in
1898 1509 2076 1550 somniis
2107 1508 2212 1548 ima·

1318 1571 1458 1622 ginem
1488 1572 1633 1611 nescio
1665 1583 1810 1623 quam,
1839 1583 1938 1612 eum
1973 1571 2206 1611 admonen-

1318 1639 1420 1685 tem,
1442 1639 1490 1673 ut
1528 1634 1780 1686 diligentior
1822 1638 1942 1674 esset
1978 1645 2067 1673 suae
2103 1631 2206 1672 vitae

1319 1702 1482 1747 custos,
1518 1697 1618 1749 quia
1638 1695 1850 1748 pestifera
1869 1694 2101 1737 Cassandri
2117 1707 2206 1735 ma-

1318 1771 1373 1799 nu
1393 1760 1613 1810 periturus
1628 1763 1756 1811 esset,
1769 1759 1883 1812 quod
1901 1758 2031 1798 etiam
2044 1755 2207 1797 factum

1319 1826 1412 1861 est:
1459 1834 1558 1861 nam
1599 1822 1743 1861 Iolaus
1786 1819 2020 1862 Cassandri
2070 1818 2208 1861 frater

1318 1883 1526 1936 pincerna
1556 1890 1653 1924 erat
1686 1883 1944 1935 Alexandri,
1980 1888 2029 1924 et
2070 1894 2210 1935 nuper

1319 1951 1514 1996 venerat,
1533 1947 1682 1999 itaque
1712 1946 1966 1988 facultatem
1995 1945 2119 1987 dedit
2136 1957 2209 1986 ac-

1319 2019 1470 2048 cusare
1507 2009 1755 2049 volentibus
1803 2008 2114 2060 Cassandrum,
2156 2013 2206 2050 et

1318 2072 1508 2112 nonnulli
1530 2072 1726 2124 proxime
1744 2078 1965 2126 venerant,
1999 2073 2072 2125 qui
2091 2071 2208 2112 dice-

1317 2140 1433 2185 rent,
1449 2134 1728 2186 Antipatrum
1751 2148 1847 2176 cum
1863 2135 1963 2176 filiis
1983 2136 2140 2188 egisse,
2157 2141 2208 2176 ut

1318 2196 1612 2237 Alexandrum
1634 2211 1796 2239 veneno
1815 2206 2052 2248 necarent;
2089 2197 2205 2251 quod

1319 2271 1416 2299 cum
1429 2260 1491 2299 illi
1506 2260 1702 2300 dicerent
1718 2267 1934 2312 praesente
1948 2260 2211 2311 Cassandro,

1319 2328 1409 2362 tum
1429 2322 1518 2374 ille,
1541 2323 1656 2365 Quid
1689 2323 1839 2374 audes,
1867 2323 2026 2376 inquit,
2059 2323 2208 2371 dicere

1319 2385 1525 2436 homines,
1555 2386 1627 2438 qui
1675 2391 1764 2426 tam
1797 2387 1950 2438 procul
1982 2391 2211 2438 venerunt,

1318 2449 1442 2488 nulla
1459 2448 1581 2488 nobis
1602 2449 1758 2500 injuria
1790 2449 1970 2490 affectos
1989 2450 2209 2496 cavillari?

1320 2511 1380 2550 Et
1411 2511 1502 2560 ille,
1529 2511 1684 2563 inquit,
1715 2523 1768 2552 eo
1796 2514 1947 2563 magis,
1977 2513 2078 2565 quia
2109 2524 2211 2564 pro·

1321 2575 1393 2617 cul
1412 2580 1642 2624 venerunt,
1663 2575 1917 2615 calumniari
1936 2588 1982 2616 se
2001 2576 2208 2616 indicant.

1321 2639 1434 2679 Haec
1471 2643 1588 2687 sunt,
1625 2637 1783 2690 inquit,
1819 2637 2087 2689 Alexander,
2132 2638 2207 2678 illa

1321 2700 1569 2741 Aristotelis
1588 2702 1863 2753 sophismata,
1882 2702 2036 2755 quibus
2054 2702 2205 2754 utitur,

1322 2769 1369 2803 ut
1389 2763 1433 2802 in
1455 2770 1680 2815 utramque
1701 2769 1868 2815 partem
1895 2770 2060 2817 arguat.
2113 2766 2206 2806 De·

1322 2826 1423 2866 inde
1457 2839 1553 2866 cum
1588 2827 1770 2879 vidisset
1806 2828 2053 2868 Cassander
2088 2839 2209 2870 more

1322 2888 1461 2941 prisco
1481 2889 1650 2928 adorari
1672 2888 1984 2942 Alexandrum,
2017 2891 2117 2943 quia
2138 2903 2206 2931 res

1321 2963 1432 2991 nova
1450 2957 1580 3000 esset,
1600 2953 1685 2991 risu
1705 2958 1848 2992 actum
1867 2955 1982 3002 hunc
2001 2965 2203 3004 prosecu-

1322 3021 1390 3056 tus
1428 3021 1508 3055 est.
1566 3014 1813 3056 Alexander
1844 3016 2106 3069 indignatus,
2132 3028 2205 3056 ca-

1321 3077 1437 3130 pillis
1455 3077 1651 3117 manibus
1671 3078 1858 3129 injectis,
1889 3079 2025 3131 ipsum
2053 3083 2204 3130 ter-que

1321 3146 1560 3193 quaterque
1578 3148 1703 3181 terrae
1722 3141 1897 3182 collisit.
1944 3141 2072 3182 Haud
2095 3143 2204 3182 mul-

1321 3209 1367 3244 to
1396 3210 1511 3255 post,
1533 3205 1615 3244 etsi
1640 3205 1830 3244 nonnulli
1849 3205 1976 3246 aliter
1994 3206 2203 3256 sentiunt,

1321 3265 1563 3306 Cassander
1577 3267 1776 3317 poculum
1794 3272 2053 3307 venenatum
2068 3265 2206 3308 Alex-

1321 3328 1454 3368 andro
1483 3328 1744 3380 propinavit.
1797 3329 2022 3369 Venenum
2053 3333 2202 3369 autem

1319 3389 1519 3442 frigidam
1537 3402 1691 3442 aquam
1720 3389 1850 3430 fuisse
1877 3390 2202 3438 deNonacride

1319 3454 1491 3506 regione
1528 3457 1760 3505 testantur,
1789 3465 1886 3506 quae
1915 3453 2118 3505 guttatim
2147 3452 2202 3493 de
