2288 3990
510 280 768 321 VALERH
812 278 1055 318 MAXIMI
1100 279 1217 316 mu.
1258 279 1298 316 1.
1338 278 1473 317 cap,
1496 266 1547 316 7.

134 405 223 445 sive
253 401 406 452 hostia,
435 399 525 440 sive
554 412 638 453 quo
666 399 750 439 alio
770 399 913 448 vellet,
933 399 1006 450 jus

134 479 253 508 esset
279 465 399 515 Telo,
425 474 553 516 super
581 475 665 515 quo
698 468 815 502 stans
849 462 1007 502 Consul

135 535 333 583 precatus
367 529 439 579 sit,
472 529 638 568 hostem
670 528 797 579 potiri
830 527 894 567 fas
921 538 1007 566 non

134 604 252 633 esse:
281 592 315 632 si
342 592 547 643 potiatur,
573 591 703 631 Marti
726 589 1009 630 Suovetauri-

133 655 246 696 libus
269 655 482 707 piaculum
513 653 855 707 fierioporte1·e.'
911 654 1009 695 Qua

133 730 235 761 vero
265 719 445 766 ratione,
474 719 627 770 quibus
647 717 929 767 caeremoniis,
964 720 1009 755 et

133 794 218 833 qua
234 782 458 822 verborum
472 781 607 823 forma
622 794 716 822 sese
730 781 1010 826 devoverent,

132 844 244 884 idem
277 845 404 897 paulo
430 852 547 897 aute,
573 845 628 885 de
662 846 797 885 Decio
825 845 1010 885 Consule

127 907 321 960 loquens,
341 908 544 950 ostendit.
599 908 712 949 Vide
731 921 874 960 supra.

185 972 210 1022 §
238 975 264 1011 4
291 971 493 1024 Sequitur]
520 972 633 1012 Vide
654 972 819 1013 Livium
832 972 942 1012 libro
956 983 1007 1013 11.

133 1038 181 1074 et
199 1035 328 1075 Dion.
348 1035 460 1075 libro
478 1047 563 1077 vu.
667 1048 670 1051 ⁴

128 1139 133 1142 ,
186 1095 359 1137 Plebeiis
375 1096 496 1149 ludis]
525 1098 658 1146 QuoS,
676 1103 789 1139 teste
806 1097 1008 1150 Asconio,

132 1158 296 1199 exactis
322 1159 508 1212 regibus,
534 1173 611 1213 pro
629 1161 834 1203 libertate
855 1162 1011 1214 plebis,

132 1227 209 1266 aut
226 1234 304 1274 pro
321 1223 669 1265 reconciliatione
685 1223 899 1266 fecerunt.
937 1225 1012 1264 Di-

131 1285 303 1337 onysius
341 1297 442 1326 vero
478 1286 769 1328 Halicarnass.
817 1288 891 1328 lib.
929 1299 1012 1329 vn.

132 1349 249 1389 circa
278 1347 406 1388 finem
433 1349 509 1389 hos
537 1350 661 1390 ludos
688 1351 891 1391 Senatum
917 1350 1012 1392 fieri

134 1409 376 1451 decrevisse
404 1411 528 1463 dicit,
555 1425 652 1453 cum
671 1420 922 1467 nuncupata
947 1427 1010 1457 es-

134 1478 229 1513 sent
257 1481 358 1514 vota
375 1474 428 1515 ab
445 1473 560 1515 Aulo
578 1476 832 1518 Posthumio
859 1478 1012 1519 Dicta-

133 1542 230 1579 tote
266 1542 505 1588 pugnaturo
540 1550 636 1578 cum
671 1539 1011 1581 desciscentibus

131 1599 380 1641 Latinorum
434 1600 626 1652 urbibus,
673 1602 1012 1656 conantibusque

131 1661 404 1714 Tarquinium
422 1663 652 1704 restituere
667 1677 680 1714 ς
710 1669 756 1704 et
771 1665 1026 1705 decrevisse.

133 1725 359 1776 quotannis
395 1725 439 1765 in
470 1725 680 1766 sacrificia
710 1733 839 1779 atque
873 1733 1013 1768 certa·

132 1787 248 1829 mina
282 1789 535 1841 quingentas
567 1791 737 1842 argenti
770 1792 923 1843 minas,
967 1797 1013 1833 et

131 1863 268 1904 usque
286 1853 338 1892 ad
361 1852 516 1893 bellum
531 1855 740 1894 Punicum
755 1855 833 1895 hoc
848 1856 1013 1907 impen-

133 1914 246 1955 disse
273 1915 318 1954 in
346 1928 439 1956 eam
468 1908 783 1971 solennitatem,
806 1919 920 1971 ipsos
938 1919 1013 1960 de-

134 1979 233 2020 inde
249 1981 386 2028 ludos,
403 1982 552 2034 quales
566 1990 725 2035 essent,
742 1989 786 2024 et
800 1985 1014 2036 quomodo

133 2042 304 2094 fierent,
322 2045 451 2096 longa
469 2046 662 2086 oratione
682 2047 907 2088 describit.

189 2106 359 2152 Quidam
384 2109 690 2160 paterfamilias]
720 2110 815 2151 Liv.
853 2111 926 2152 lib.
960 2124 1014 2152 ιι.

75 2223 78 2226 ξ
134 2175 146 2192 ·
166 2168 298 2209 Mane
325 2181 494 2211 servum
524 2173 737 2224 quendam
769 2173 1016 2225 paterfami-

132 2232 213 2274 lias
232 2233 419 2274 nondum
434 2235 657 2276 commisso
671 2237 923 2287 spectaculo
937 2238 1024 2278 sub.

135 2295 260 2338 furca
294 2309 451 2338 coesum
484 2291 627 2338 medio
663 2305 815 2350 egerat
857 2300 1016 2341 Circo.’

138 2360 387 2401 Macrobius
419 2361 636 2402 saturnal.
663 2362 739 2402 lib.
759 2374 791 2403 1.
812 2362 919 2403 dicit
935 2365 1017 2404 boc

137 2421 271 2464 fnisse
302 2435 418 2464 anno
454 2424 508 2464 ab
552 2424 657 2464 urbe
694 2425 870 2466 condita
917 2439 1018 2479 qua-

139 2486 475 2538 dringentesimo
508 2489 820 2540 septuagesimo
851 2492 1017 2543 quinto,

138 2553 184 2589 et
216 2548 565 2599 patremfamilias
592 2557 792 2592 vocatum
831 2552 1016 2595 Annium

138 2612 390 2652 Maximum.
419 2613 543 2654 Idem.

193 2675 352 2715 Circum
382 2676 642 2728 Flaminium]
700 2679 810 2719 Tres
850 2687 1019 2723 constat

138 2737 285 2778 circos
321 2737 452 2779 fuisse
487 2740 531 2779 iu
564 2741 670 2782 urbe
702 2742 858 2795 Roma,
894 2746 1017 2786 Max-

139 2801 285 2849 imum,
321 2803 591 2855 Flaminium,
622 2810 668 2844 et
704 2806 1015 2850 Neronianum.

138 2867 368 2908 Flaminius
397 2874 540 2909 autem
574 2871 726 2911 Circus
758 2872 900 2913 dictus
932 2881 1017 2926 est,

138 2941 221 2973 non
257 2930 369 2983 quod
405 2932 636 2973 Flaminius
682 2935 920 2989 quisquam,
970 2945 1018 2978 ut

135 2994 328 3033 nonnulli
340 3000 510 3046 putant,
523 2995 930 3051 aedificarijusserit‚
943 3002 1019 3040 sed

138 3060 240 3111 quia
271 3059 314 3098 in
339 3060 476 3110 pratis
507 3061 727 3102 Flaminiis
757 3063 888 3105 fuerit
920 3079 1018 3107 con-

138 3126 343 3161 structus.
371 3122 499 3162 Unde
520 3124 694 3166 Livius:
722 3126 736 3148 ⁴
752 3127 845 3178 Ea‚'
865 3129 1021 3180 inquit,

145 3183 314 3223 ‘omnia
342 3185 386 3223 in
419 3185 554 3236 pratis
588 3187 805 3229 Flaminiis
840 3193 1019 3233 consilio

139 3246 278 3296 plebis
297 3251 408 3296 acta,
426 3260 520 3299 quae
537 3261 649 3289 nunc
671 3251 841 3292 Circum
862 3255 1018 3295 Flami-

144 3308 260 3347 nium
288 3310 539 3360 appellant!
580 3312 730 3353 Oliver.

198 3369 356 3410 Circum
377 3372 629 3425 Flaminium]
648 3375 881 3430 Incoepisse
902 3381 1017 3421 vide-

145 3437 215 3470 tur
234 3433 351 3472 circa
369 3434 506 3474 aedem
535 3436 579 3476 S.
611 3438 760 3490 Angeli
781 3441 822 3480 in
842 3442 1019 3495 piscina,

146 3498 368 3544 protensus
413 3497 467 3537 ad
510 3511 707 3553 campum
739 3515 872 3557 usque
906 3505 1015 3559 Ago-

1844 264 1951 316 967

1069 399 1198 439 nium.
1254 399 1360 451 Ejus
1406 399 1519 438 inter
1557 395 1702 436 ruinas
1754 396 1958 448 plurimas

1069 462 1252 513 vestigia
1270 466 1369 501 sunt
1388 460 1503 512 apud
1541 459 1774 511 apothecas
1810 458 1959 499 obscu-

1070 535 1153 574 ras,
1175 535 1309 574 prope
1322 524 1459 564 aedem
1471 523 1514 563 S.
1536 522 1734 571 Rosae‚et
1753 522 1955 562 sacellum

1071 586 1284 637 sepulchri
1313 586 1466 625 sancti.
1522 583 1592 623 Ab
1613 581 1826 634 Apollinis
1848 587 1954 622 tem-

1071 649 1159 700 plo,
1210 649 1322 700 quod
1375 649 1468 688 aliis
1501 647 1632 698 magis
1669 645 1951 697 conspicuum

1071 710 1168 760 fnit,
1192 712 1275 752 alio
1291 713 1460 753 nomine
1490 709 1764 763 Apollinaris.
1796 709 1955 749 GuFa·

1071 776 1227 817 britius,
1326 820 1328 822 ,

1126 842 1364 893 Priusquam
1379 841 1540 893 pompa]
1565 840 1759 880 Solennis
1774 850 1958 891 appara-

1071 909 1141 944 tus
1161 911 1207 945 et
1221 904 1454 945 ostentatio
1469 905 1523 944 ad
1539 904 1820 944 celebrandos
1834 903 1959 943 ludos

1072 967 1363 1008 induceretur.
1393 967 1562 1007 Badius.

1127 1031 1365 1082 Priusquam
1401 1043 1544 1083 pompa
1586 1022 1851 1081 induceretur]
1906 1028 1959 1068 In

1073 1094 1380 1135 Gemblacensi
1415 1100 1460 1134 et
1491 1093 1800 1134 Atrebatensi:
1824 1093 1959 1144 prius-

1072 1171 1188 1209 quam
1203 1158 1359 1198 chroma
1378 1158 1640 1198 induceretur.
1686 1156 1813 1199 Quod
1833 1168 1960 1197 voca-

1075 1223 1237 1274 bulum,
1254 1223 1289 1262 si
1309 1228 1376 1263 est
1396 1222 1555 1262 autoris
1574 1220 1726 1272 ipsius,
1744 1218 1962 1271 significat

1075 1290 1308 1338 apparatus
1356 1291 1403 1326 et
1454 1289 1708 1325 ornamenta
1743 1283 1959 1324 ludorum.

1075 1349 1265 1400 Pighius.

1129 1411 1280 1463 Furca]
1324 1411 1463 1451 Furca
1482 1410 1610 1451 trium
1635 1420 1841 1461 generum
1860 1407 1961 1450 fuit.

1076 1475 1176 1515 Una
1205 1475 1364 1526 liguum
1403 1474 1596 1526 plaustri,
1636 1472 1749 1526 quod
1798 1472 1960 1512 temoni

1075 1538 1316 1590 subjicitur,
1329 1543 1374 1578 et
1389 1538 1525 1578 servis
1539 1549 1624 1578 non
1637 1542 1725 1577 tam
1740 1536 1962 1588 supplicii,

1074 1614 1201 1655 quam
1244 1602 1487 1654 ignominiae
1542 1614 1686 1652 causa,
1731 1599 1960 1641 ferendum

1075 1665 1194 1705 circa
1239 1664 1416 1711 vicinos,
1463 1665 1779 1717 imponebatur.
1850 1664 1962 1704 Inde

1074 1726 1318 1768 ‘furciferi'
1367 1727 1489 1778 dicti,
1534 1727 1623 1781 qui,
1668 1732 1718 1766 ut
1762 1727 1962 1768 Donatus

1076 1790 1242 1842 scribit,
1275 1789 1330 1830 ob
1348 1791 1443 1830 leve
1464 1791 1670 1831 delictum
1697 1790 1965 1842 cogebantur

1076 1868 1101 1895 a
1121 1854 1300 1895 dominis
1317 1853 1482 1896 furcam
1511 1855 1554 1895 in
1575 1855 1685 1894 collo
1710 1854 1844 1906 ferre,
1861 1855 1961 1895 sub—

1075 1919 1221 1970 ligatis
1236 1918 1290 1958 ad
1310 1918 1638 1969 eamfmanibus‚
1659 1923 1703 1958 et
1721 1917 1961 1969 praedicare

1075 1986 1302 2033 peccatum
1348 1993 1497 2031 suum;
1540 1981 1750 2033 simulque
1786 1993 1963 2021 monere

1075 2050 1272 2096 caeteros,
1309 2057 1363 2084 ne
1401 2045 1502 2097 quid
1539 2044 1676 2084 simile
1712 2044 1961 2085 admittant.

1077 2107 1244 2159 Altera,
1276 2108 1436 2159 lignum
1467 2108 1644 2159 duplex,
1666 2107 1788 2159 cujus
1821 2106 1964 2147 media

1078 2176 1200 2223 parte
1223 2171 1335 2212 collo
1347 2172 1510 2212 inserto
1525 2171 1797 2211 vinciebatur
1808 2172 1962 2223 laqueo

1077 2235 1226 2275 cervix
1244 2234 1333 2284 rei;
1363 2236 1431 2274 vel
1451 2240 1500 2274 ut
1518 2234 1767 2286 expeditius
1787 2235 1841 2275 ad
1862 2247 1963 2287 sup-

1078 2298 1253 2350 plicium
1266 2297 1527 2350 traheretur,
1542 2300 1624 2350 vel,
1637 2304 1684 2338 ut
1699 2299 1790 2338 aliis
1803 2299 1965 2351 placet,

1078 2367 1129 2402 ut
1142 2362 1404 2403 commodius
1427 2369 1594 2415 tergum
1626 2363 1758 2416 virgis
1796 2363 1964 2414 praebe·

1079 2431 1159 2466 ret.
1179 2460 1181 2462 .
1206 2427 1407 2476 Figuram
1431 2427 1475 2466 in
1496 2426 1873 2467 observationibus
1890 2439 1963 2467 ex-

1077 2489 1197 2530 hibet
1219 2491 1433 2542 Cujacius.
1464 2491 1655 2531 Tertium
1673 2489 1810 2530 furcae
1829 2503 1964 2543 genus

1077 2553 1175 2605 fuit,
1209 2567 1293 2607 quo
1323 2555 1448 2595 hodie
1476 2555 1634 2607 passim
1667 2555 1844 2607 utimur,
1870 2567 1966 2595 cum

1078 2617 1270 2656 damnati
1290 2619 1388 2669 gula
1407 2619 1560 2670 laqueo
1575 2617 1799 2670 frangitur.
1845 2619 1967 2658 Pati·

1077 2680 1224 2721 bulum
1282 2682 1472 2722 isidorus
1515 2682 1726 2733 appellat,
1773 2681 1880 2721 licet
1921 2681 1966 2720 id

1080 2745 1257 2784 verbum
1290 2744 1426 2785 furcae
1456 2757 1628 2798 quoque
1648 2745 1809 2786 tribuat
1832 2746 1963 2785 Plau-

1080 2815 1167 2858 tus,
1188 2809 1304 2848 cruci
1326 2808 1559 2849 Arnobius.
1618 2810 1883 2861 Patibulum‚
1902 2810 1965 2848 in-

1082 2872 1175 2923 quit
1190 2871 1401 2925 Isidorus,
1415 2874 1541 2925 vulgo
1554 2871 1678 2914 furca
1695 2874 1962 2925 appellatur:

1082 2935 1157 2974 sed
1174 2936 1359 2987 patibuli
1371 2936 1510 2976 minor
1526 2949 1654 2988 poena
1666 2949 1793 2989 quam
1806 2938 1967 2986 crucis;

1081 3011 1180 3038 nam
1198 2999 1441 3050 patibulum
1471 3013 1688 3052 appensos
1718 3001 1864 3040 statim
1897 3013 1968 3040 ex-

1082 3063 1253 3107 animat,
1275 3075 1381 3101 crux
1400 3070 1544 3103 autem
1562 3062 1710 3103 affixos
1725 3063 1798 3103 diu
1815 3075 1967 3102 excru-

1082 3126 1183 3165 ciat.
1211 3126 1436 3167 Anthonius
1456 3127 1690 3167 Matthoeus.

1141 3189 1185 3228 Τ.
1205 3189 1347 3229 Atinio
1365 3190 1514 3229 homini
1531 3202 1582 3229 ex
1596 3190 1725 3240 plebe]
1754 3189 1799 3228 Is
1831 3188 1968 3239 Livio,

1082 3251 1335 3300 Plutarcho,
1364 3259 1413 3297 et
1447 3253 1659 3303 Dionysio
1695 3254 1874 3290 vocatur
1911 3251 1959 3290 Τ.

1082 3313 1272 3354 Latinus.-
1300 3314 1549 3353 Macrobius
1584 3314 1798 3354 Saturnal.
1834 3313 1907 3353 lib.
1931 3326 1963 3354 1.

1082 3389 1118 3417 c.
1137 3380 1178 3418 2.
1224 3379 1401 3417 Annium
1421 3378 1611 3416 nominat
1630 3389 1639 3413 z
1663 3378 1864 3417 Lactant.
1884 3379 1965 3418 Di-

1083 3441 1170 3480 vin.
1202 3440 1346 3481 Instit.
1381 3441 1456 3480 lib.
1486 3451 1538 3479 11.
1575 3451 1670 3490 cap.
1697 3435 1738 3480 8.
1770 3440 1816 3481 T.
1837 3440 1962 3481 Anto-

1080 3503 1203 3542 nium.
1242 3502 1383 3555 Atque
1402 3506 1613 3542 correcte.
1642 3500 1834 3556 Antiqua
1850 3504 1963 3543 enim
