<?xml version="1.0" encoding="UTF-8"?>
<!DOCTYPE html PUBLIC "-//W3C//DTD XHTML 1.0 Transitional//EN"
    "http://www.w3.org/TR/xhtml1/DTD/xhtml1-transitional.dtd">
<html xmlns="http://www.w3.org/1999/xhtml" xml:lang="en" lang="en">
 <head>
  <title>
</title>
<meta http-equiv="Content-Type" content="text/html;charset=utf-8" />
  <meta name='ocr-system' content='tesseract 3.04.00' />
  <meta name='ocr-capabilities' content='ocr_page ocr_carea ocr_par ocr_line ocrx_word'/>
</head>
<body>
  <div class='ocr_page' id='page_1' title='image "./factorumdictorum03valeuoft_0470.png"; bbox 0 0 2346 3996; ppageno 0'>
   <div class='ocr_carea' id='block_1_1' title="bbox 357 299 496 351">
    <p class='ocr_par' dir='ltr' id='par_1_1' title="bbox 357 299 496 351">
     <span class='ocr_line' id='line_1_1' title="bbox 357 299 496 351; baseline 0.007 -2"><span class='ocrx_word' id='word_1_1' title='bbox 357 299 496 351; x_wconf 83' lang='lat'>1370</span> 
     </span>
    </p>
   </div>
   <div class='ocr_carea' id='block_1_2' title="bbox 354 429 1245 3570">
    <p class='ocr_par' dir='ltr' id='par_1_2' title="bbox 354 429 1234 596">
     <span class='ocr_line' id='line_1_2' title="bbox 354 429 1234 477; baseline 0.005 -11"><span class='ocrx_word' id='word_1_2' title='bbox 354 439 469 477; x_wconf 89' lang='lat' dir='ltr'>cere,</span> <span class='ocrx_word' id='word_1_3' title='bbox 494 438 579 468; x_wconf 91' lang='lat' dir='ltr'>non</span> <span class='ocrx_word' id='word_1_4' title='bbox 606 429 740 469; x_wconf 89' lang='lat' dir='ltr'>video.</span> <span class='ocrx_word' id='word_1_5' title='bbox 795 429 1030 469; x_wconf 81' lang='lat' dir='ltr'>Pausanias</span> <span class='ocrx_word' id='word_1_6' title='bbox 1062 435 1107 469; x_wconf 86' lang='lat' dir='ltr'>et</span> <span class='ocrx_word' id='word_1_7' title='bbox 1142 430 1234 470; x_wconf 86' lang='lat' dir='ltr'>Sui-</span> 
     </span>
     <span class='ocr_line' id='line_1_3' title="bbox 356 490 1231 545; baseline 0.003 -15"><span class='ocrx_word' id='word_1_8' title='bbox 356 490 432 530; x_wconf 90' lang='lat' dir='ltr'>das</span> <span class='ocrx_word' id='word_1_9' title='bbox 452 498 598 541; x_wconf 82' lang='lat' dir='ltr'>aestus,</span> <span class='ocrx_word' id='word_1_10' title='bbox 626 504 709 531; x_wconf 91' lang='lat' dir='ltr'>non</span> <span class='ocrx_word' id='word_1_11' title='bbox 736 492 881 531; x_wconf 87' lang='lat' dir='ltr'>imbris</span> <span class='ocrx_word' id='word_1_12' title='bbox 902 504 1030 532; x_wconf 89' lang='lat' dir='ltr'>causa</span> <span class='ocrx_word' id='word_1_13' title='bbox 1050 494 1231 545; x_wconf 83' lang='lat' dir='ltr'>petitam</span> 
     </span>
     <span class='ocr_line' id='line_1_4' title="bbox 354 555 948 596; baseline 0.003 -3"><span class='ocrx_word' id='word_1_14' title='bbox 354 555 563 594; x_wconf 87' lang='lat' dir='ltr'>latebram</span> <span class='ocrx_word' id='word_1_15' title='bbox 583 555 790 595; x_wconf 82' lang='lat' dir='ltr'>scribunt.</span> <span class='ocrx_word' id='word_1_16' title='bbox 823 556 948 596; x_wconf 83' lang='lat' dir='ltr'>Coler.</span> 
     </span>
    </p>

    <p class='ocr_par' dir='ltr' id='par_1_3' title="bbox 355 618 1231 794">
     <span class='ocr_line' id='line_1_5' title="bbox 409 618 1231 671; baseline 0.001 -14"><span class='ocrx_word' id='word_1_17' title='bbox 409 619 614 658; x_wconf 82' lang='lat' dir='ltr'>Dementis</span> <span class='ocrx_word' id='word_1_18' title='bbox 631 618 735 669; x_wconf 84' lang='lat' dir='ltr'>fati]</span> <span class='ocrx_word' id='word_1_19' title='bbox 764 619 922 658; x_wconf 89' lang='lat' dir='ltr'>Mortis</span> <span class='ocrx_word' id='word_1_20' title='bbox 955 631 1032 671; x_wconf 89' lang='lat' dir='ltr'>per</span> <span class='ocrx_word' id='word_1_21' title='bbox 1063 620 1231 658; x_wconf 84' lang='lat' dir='ltr'>demen-</span> 
     </span>
     <span class='ocr_line' id='line_1_6' title="bbox 355 681 1231 734; baseline 0.002 -15"><span class='ocrx_word' id='word_1_22' title='bbox 355 681 457 720; x_wconf 80' lang='lat' dir='ltr'>tiam</span> <span class='ocrx_word' id='word_1_23' title='bbox 476 681 608 731; x_wconf 68' lang='lat' dir='ltr'>inita»,</span> <span class='ocrx_word' id='word_1_24' title='bbox 634 681 733 733; x_wconf 87' lang='lat' dir='ltr'>quia</span> <span class='ocrx_word' id='word_1_25' title='bbox 752 693 965 734; x_wconf 89' lang='lat' dir='ltr'>nunquam</span> <span class='ocrx_word' id='word_1_26' title='bbox 999 682 1113 721; x_wconf 85' lang='lat' dir='ltr'>aliud</span> <span class='ocrx_word' id='word_1_27' title='bbox 1143 694 1231 722; x_wconf 90' lang='lat' dir='ltr'>sor-</span> 
     </span>
     <span class='ocr_line' id='line_1_7' title="bbox 355 744 1039 794; baseline 0.001 -11"><span class='ocrx_word' id='word_1_28' title='bbox 355 744 460 784; x_wconf 82' lang='lat' dir='ltr'>titus</span> <span class='ocrx_word' id='word_1_29' title='bbox 479 750 546 782; x_wconf 91' lang='lat' dir='ltr'>est</span> <span class='ocrx_word' id='word_1_30' title='bbox 565 745 845 794; x_wconf 87' lang='lat' dir='ltr'>sepulchrum.</span> <span class='ocrx_word' id='word_1_31' title='bbox 879 745 1039 784; x_wconf 83' lang='lat' dir='ltr'>Badius.</span> 
     </span>
    </p>

    <p class='ocr_par' dir='ltr' id='par_1_4' title="bbox 355 806 1231 984">
     <span class='ocr_line' id='line_1_8' title="bbox 409 806 1231 860; baseline 0.004 -16"><span class='ocrx_word' id='word_1_32' title='bbox 409 807 518 845; x_wconf 71' lang='lat' dir='ltr'>CAP.</span> <span class='ocrx_word' id='word_1_33' title='bbox 539 817 642 845; x_wconf 83' lang='lat' dir='ltr'>xm.</span> <span class='ocrx_word' id='word_1_34' title='bbox 673 806 892 857; x_wconf 84' lang='lat' dir='ltr'>Fortuitos]</span> <span class='ocrx_word' id='word_1_35' title='bbox 918 808 1003 848; x_wconf 83' lang='lat' dir='ltr'>Qui</span> <span class='ocrx_word' id='word_1_36' title='bbox 1013 820 1112 847; x_wconf 89' lang='lat' dir='ltr'>casu</span> <span class='ocrx_word' id='word_1_37' title='bbox 1130 820 1231 860; x_wconf 89' lang='lat' dir='ltr'>quo·</span> 
     </span>
     <span class='ocr_line' id='line_1_9' title="bbox 355 868 1230 920; baseline 0.005 -14"><span class='ocrx_word' id='word_1_38' title='bbox 355 868 453 906; x_wconf 89' lang='lat' dir='ltr'>dam</span> <span class='ocrx_word' id='word_1_39' title='bbox 475 868 763 920; x_wconf 87' lang='lat' dir='ltr'>contigerunt,</span> <span class='ocrx_word' id='word_1_40' title='bbox 792 877 837 908; x_wconf 88' lang='lat' dir='ltr'>ut</span> <span class='ocrx_word' id='word_1_41' title='bbox 865 870 993 920; x_wconf 88' lang='lat' dir='ltr'>Tulli,</span> <span class='ocrx_word' id='word_1_42' title='bbox 1021 878 1066 910; x_wconf 89' lang='lat' dir='ltr'>et</span> <span class='ocrx_word' id='word_1_43' title='bbox 1095 870 1230 910; x_wconf 84' lang='lat' dir='ltr'>foemi-</span> 
     </span>
     <span class='ocr_line' id='line_1_10' title="bbox 355 932 1035 984; baseline 0.003 -14"><span class='ocrx_word' id='word_1_44' title='bbox 355 944 520 977; x_wconf 88' lang='lat' dir='ltr'>narum,</span> <span class='ocrx_word' id='word_1_45' title='bbox 549 939 674 984; x_wconf 87' lang='lat' dir='ltr'>atque</span> <span class='ocrx_word' id='word_1_46' title='bbox 697 932 898 984; x_wconf 83' lang='lat' dir='ltr'>AEschyli.</span> <span class='ocrx_word' id='word_1_47' title='bbox 930 934 1035 973; x_wconf 85' lang='lat' dir='ltr'>Oliv.</span> 
     </span>
    </p>

    <p class='ocr_par' dir='ltr' id='par_1_5' title="bbox 417 994 1215 1045">
     <span class='ocr_line' id='line_1_11' title="bbox 417 994 1215 1045; baseline 0.004 -13"><span class='ocrx_word' id='word_1_48' title='bbox 417 994 578 1045; x_wconf 75' lang='lat' dir='ltr'>Virites]</span> <span class='ocrx_word' id='word_1_49' title='bbox 607 996 667 1034; x_wconf 92' lang='lat' dir='ltr'>Ut</span> <span class='ocrx_word' id='word_1_50' title='bbox 687 996 830 1035; x_wconf 88' lang='lat' dir='ltr'>Catuli</span> <span class='ocrx_word' id='word_1_51' title='bbox 850 1002 895 1035; x_wconf 84' lang='lat' dir='ltr'>et</span> <span class='ocrx_word' id='word_1_52' title='bbox 914 997 1070 1036; x_wconf 82' lang='lat' dir='ltr'>Comae.</span> <span class='ocrx_word' id='word_1_53' title='bbox 1091 996 1215 1035; x_wconf 80' lang='lat' dir='ltr'>Idem.</span> 
     </span>
    </p>

    <p class='ocr_par' dir='ltr' id='par_1_6' title="bbox 356 1058 1229 1175">
     <span class='ocr_line' id='line_1_12' title="bbox 411 1058 1229 1109; baseline 0 -13"><span class='ocrx_word' id='word_1_54' title='bbox 411 1058 670 1109; x_wconf 84' lang='lat' dir='ltr'>Temerarios]</span> <span class='ocrx_word' id='word_1_55' title='bbox 700 1059 760 1098; x_wconf 88' lang='lat' dir='ltr'>Ut</span> <span class='ocrx_word' id='word_1_56' title='bbox 778 1058 949 1097; x_wconf 87' lang='lat' dir='ltr'>Milonis</span> <span class='ocrx_word' id='word_1_57' title='bbox 967 1058 1229 1098; x_wconf 82' lang='lat' dir='ltr'>Crotoniatae</span> 
     </span>
     <span class='ocr_line' id='line_1_13' title="bbox 356 1120 911 1175; baseline 0.002 -15"><span class='ocrx_word' id='word_1_58' title='bbox 356 1125 400 1160; x_wconf 83' lang='lat' dir='ltr'>et</span> <span class='ocrx_word' id='word_1_59' title='bbox 420 1120 757 1175; x_wconf 84' lang='lat' dir='ltr'>Polydamantis.</span> <span class='ocrx_word' id='word_1_60' title='bbox 787 1121 911 1161; x_wconf 83' lang='lat' dir='ltr'><strong><em>Idem.</em></strong></span> 
     </span>
    </p>

    <p class='ocr_par' dir='ltr' id='par_1_7' title="bbox 354 1183 1240 2299">
     <span class='ocr_line' id='line_1_14' title="bbox 411 1183 1234 1236; baseline -0.001 -14"><span class='ocrx_word' id='word_1_61' title='bbox 411 1185 433 1235; x_wconf 58' lang='grc' dir='ltr'>ς</span> <span class='ocrx_word' id='word_1_62' title='bbox 464 1188 485 1222; x_wconf 92' lang='lat' dir='ltr'>l</span> <span class='ocrx_word' id='word_1_63' title='bbox 518 1185 579 1224; x_wconf 90' lang='lat' dir='ltr'>M.</span> <span class='ocrx_word' id='word_1_64' title='bbox 615 1185 813 1236; x_wconf 80' lang='lat' dir='ltr'><strong><em>Aquilius]</em></strong></span> <span class='ocrx_word' id='word_1_65' title='bbox 863 1183 1171 1223; x_wconf 80' lang='lat' dir='ltr'><strong>Ariobarzanes</strong></span> <span class='ocrx_word' id='word_1_66' title='bbox 1207 1194 1234 1220; x_wconf 89' lang='lat' dir='ltr'>a</span> 
     </span>
     <span class='ocr_line' id='line_1_15' title="bbox 354 1244 1234 1299; baseline -0.003 -13"><span class='ocrx_word' id='word_1_67' title='bbox 354 1247 538 1299; x_wconf 83' lang='lat' dir='ltr'>Tigrane</span> <span class='ocrx_word' id='word_1_68' title='bbox 551 1247 671 1298; x_wconf 89' lang='lat' dir='ltr'>jussu</span> <span class='ocrx_word' id='word_1_69' title='bbox 685 1247 944 1286; x_wconf 84' lang='lat' dir='ltr'>Mithridatis</span> <span class='ocrx_word' id='word_1_70' title='bbox 960 1244 1234 1297; x_wconf 83' lang='lat' dir='ltr'>Cappadocia</span> 
     </span>
     <span class='ocr_line' id='line_1_16' title="bbox 356 1309 1233 1362; baseline -0.003 -13"><span class='ocrx_word' id='word_1_71' title='bbox 356 1311 518 1362; x_wconf 86' lang='lat' dir='ltr'>pulsus,</span> <span class='ocrx_word' id='word_1_72' title='bbox 537 1311 712 1349; x_wconf 88' lang='lat' dir='ltr'>Romam</span> <span class='ocrx_word' id='word_1_73' title='bbox 733 1310 866 1360; x_wconf 85' lang='lat' dir='ltr'>venit,</span> <span class='ocrx_word' id='word_1_74' title='bbox 894 1315 938 1348; x_wconf 89' lang='lat' dir='ltr'>et</span> <span class='ocrx_word' id='word_1_75' title='bbox 958 1309 1106 1349; x_wconf 89' lang='lat' dir='ltr'>eodem</span> <span class='ocrx_word' id='word_1_76' title='bbox 1127 1314 1233 1347; x_wconf 90' lang='lat' dir='ltr'>tem-</span> 
     </span>
     <span class='ocr_line' id='line_1_17' title="bbox 356 1370 1234 1424; baseline -0.002 -12"><span class='ocrx_word' id='word_1_77' title='bbox 356 1385 460 1424; x_wconf 86' lang='lat' dir='ltr'><strong>pore</strong></span> <span class='ocrx_word' id='word_1_78' title='bbox 497 1378 663 1412; x_wconf 91' lang='lat' dir='ltr'>mortuo</span> <span class='ocrx_word' id='word_1_79' title='bbox 701 1371 951 1422; x_wconf 81' lang='lat' dir='ltr'>Nicomede,</span> <span class='ocrx_word' id='word_1_80' title='bbox 989 1370 1100 1410; x_wconf 89' lang='lat' dir='ltr'>filius</span> <span class='ocrx_word' id='word_1_81' title='bbox 1142 1370 1234 1421; x_wconf 89' lang='lat' dir='ltr'>ejus</span> 
     </span>
     <span class='ocr_line' id='line_1_18' title="bbox 357 1434 1235 1485; baseline -0.005 -10"><span class='ocrx_word' id='word_1_82' title='bbox 357 1435 616 1475; x_wconf 86' lang='lat' dir='ltr'>Nicomedes</span> <span class='ocrx_word' id='word_1_83' title='bbox 637 1434 930 1474; x_wconf 83' lang='lat' dir='ltr'>aMithridate</span> <span class='ocrx_word' id='word_1_84' title='bbox 951 1434 1124 1485; x_wconf 79' lang='lat' dir='ltr'>pellitur</span> <span class='ocrx_word' id='word_1_85' title='bbox 1141 1445 1235 1484; x_wconf 88' lang='lat' dir='ltr'>reg-</span> 
     </span>
     <span class='ocr_line' id='line_1_19' title="bbox 356 1496 1235 1550; baseline -0.005 -13"><span class='ocrx_word' id='word_1_86' title='bbox 356 1510 426 1549; x_wconf 86' lang='lat' dir='ltr'>no,</span> <span class='ocrx_word' id='word_1_87' title='bbox 455 1499 640 1550; x_wconf 88' lang='lat' dir='ltr'>quicum</span> <span class='ocrx_word' id='word_1_88' title='bbox 661 1497 817 1548; x_wconf 88' lang='lat' dir='ltr'>etipse</span> <span class='ocrx_word' id='word_1_89' title='bbox 848 1496 1030 1547; x_wconf 84' lang='lat' dir='ltr'>supplex</span> <span class='ocrx_word' id='word_1_90' title='bbox 1059 1497 1235 1535; x_wconf 85' lang='lat' dir='ltr'>Romam</span> 
     </span>
     <span class='ocr_line' id='line_1_20' title="bbox 355 1559 1235 1611; baseline -0.005 -11"><span class='ocrx_word' id='word_1_91' title='bbox 355 1561 560 1611; x_wconf 87' lang='lat' dir='ltr'>venisset,</span> <span class='ocrx_word' id='word_1_92' title='bbox 577 1559 825 1600; x_wconf 81' lang='lat' dir='ltr'>decernitur</span> <span class='ocrx_word' id='word_1_93' title='bbox 847 1559 887 1597; x_wconf 90' lang='lat' dir='ltr'>in</span> <span class='ocrx_word' id='word_1_94' title='bbox 902 1559 1077 1610; x_wconf 87' lang='lat' dir='ltr'>Senatu,</span> <span class='ocrx_word' id='word_1_95' title='bbox 1091 1563 1138 1597; x_wconf 88' lang='lat' dir='ltr'>ut</span> <span class='ocrx_word' id='word_1_96' title='bbox 1159 1569 1235 1597; x_wconf 82' lang='lat' dir='ltr'>rex</span> 
     </span>
     <span class='ocr_line' id='line_1_21' title="bbox 357 1622 1235 1676; baseline -0.003 -13"><span class='ocrx_word' id='word_1_97' title='bbox 357 1630 537 1676; x_wconf 85' lang='lat' dir='ltr'>uterque</span> <span class='ocrx_word' id='word_1_98' title='bbox 552 1624 805 1663; x_wconf 85' lang='lat' dir='ltr'>restituatur</span> <span class='ocrx_word' id='word_1_99' title='bbox 820 1624 863 1661; x_wconf 88' lang='lat' dir='ltr'>in</span> <span class='ocrx_word' id='word_1_100' title='bbox 879 1634 1067 1674; x_wconf 85' lang='lat' dir='ltr'>regnum.</span> <span class='ocrx_word' id='word_1_101' title='bbox 1098 1622 1235 1663; x_wconf 85' lang='lat' dir='ltr'>Quam</span> 
     </span>
     <span class='ocr_line' id='line_1_22' title="bbox 359 1686 1236 1738; baseline -0.002 -10"><span class='ocrx_word' id='word_1_102' title='bbox 359 1688 413 1728; x_wconf 85' lang='lat' dir='ltr'>ad</span> <span class='ocrx_word' id='word_1_103' title='bbox 453 1701 541 1728; x_wconf 88' lang='lat' dir='ltr'>rem</span> <span class='ocrx_word' id='word_1_104' title='bbox 573 1688 689 1728; x_wconf 87' lang='lat' dir='ltr'>missi</span> <span class='ocrx_word' id='word_1_105' title='bbox 725 1693 822 1727; x_wconf 89' lang='lat' dir='ltr'>snut</span> <span class='ocrx_word' id='word_1_106' title='bbox 862 1688 922 1728; x_wconf 92' lang='lat' dir='ltr'>M.</span> <span class='ocrx_word' id='word_1_107' title='bbox 955 1686 1152 1738; x_wconf 84' lang='lat' dir='ltr'>Aquilius</span> <span class='ocrx_word' id='word_1_108' title='bbox 1190 1691 1236 1726; x_wconf 86' lang='lat' dir='ltr'>et</span> 
     </span>
     <span class='ocr_line' id='line_1_23' title="bbox 357 1750 1235 1803; baseline -0.003 -12"><span class='ocrx_word' id='word_1_109' title='bbox 357 1753 545 1791; x_wconf 88' lang='lat' dir='ltr'>Manlius</span> <span class='ocrx_word' id='word_1_110' title='bbox 566 1750 713 1801; x_wconf 74' lang='lat' dir='ltr'>legati,</span> <span class='ocrx_word' id='word_1_111' title='bbox 743 1753 814 1803; x_wconf 91' lang='lat' dir='ltr'>qui</span> <span class='ocrx_word' id='word_1_112' title='bbox 835 1757 1082 1801; x_wconf 86' lang='lat' dir='ltr'>comparato</span> <span class='ocrx_word' id='word_1_113' title='bbox 1113 1761 1235 1789; x_wconf 87' lang='lat' dir='ltr'>exer-</span> 
     </span>
     <span class='ocr_line' id='line_1_24' title="bbox 358 1812 1235 1866; baseline -0.005 -12"><span class='ocrx_word' id='word_1_114' title='bbox 358 1815 463 1866; x_wconf 87' lang='lat' dir='ltr'>citu,</span> <span class='ocrx_word' id='word_1_115' title='bbox 490 1826 586 1856; x_wconf 89' lang='lat' dir='ltr'>cum</span> <span class='ocrx_word' id='word_1_116' title='bbox 617 1814 820 1853; x_wconf 83' lang='lat' dir='ltr'>adversus</span> <span class='ocrx_word' id='word_1_117' title='bbox 849 1812 1143 1852; x_wconf 77' lang='lat' dir='ltr'>Mithridatem</span> <span class='ocrx_word' id='word_1_118' title='bbox 1174 1812 1235 1850; x_wconf 92' lang='lat' dir='ltr'>iu-</span> 
     </span>
     <span class='ocr_line' id='line_1_25' title="bbox 355 1874 1239 1930; baseline -0.006 -12"><span class='ocrx_word' id='word_1_119' title='bbox 355 1877 542 1918; x_wconf 80' lang='lat' dir='ltr'>feliciter</span> <span class='ocrx_word' id='word_1_120' title='bbox 558 1882 831 1930; x_wconf 82' lang='lat' dir='ltr'>pugnassent,</span> <span class='ocrx_word' id='word_1_121' title='bbox 859 1880 1010 1927; x_wconf 84' lang='lat' dir='ltr'>captus</span> <span class='ocrx_word' id='word_1_122' title='bbox 1030 1874 1239 1927; x_wconf 77' lang='lat' dir='ltr'>AquiliuS,</span> 
     </span>
     <span class='ocr_line' id='line_1_26' title="bbox 359 1937 1237 1989; baseline -0.006 -8"><span class='ocrx_word' id='word_1_123' title='bbox 359 1941 508 1981; x_wconf 87' lang='lat' dir='ltr'>maluit</span> <span class='ocrx_word' id='word_1_124' title='bbox 542 1940 584 1980; x_wconf 92' lang='lat' dir='ltr'>in</span> <span class='ocrx_word' id='word_1_125' title='bbox 622 1940 872 1980; x_wconf 85' lang='lat' dir='ltr'>servitutem</span> <span class='ocrx_word' id='word_1_126' title='bbox 916 1938 1028 1989; x_wconf 83' lang='lat' dir='ltr'>regis</span> <span class='ocrx_word' id='word_1_127' title='bbox 1078 1937 1237 1984; x_wconf 86' lang='lat' dir='ltr'>venire,</span> 
     </span>
     <span class='ocr_line' id='line_1_27' title="bbox 359 2000 1236 2055; baseline -0.006 -11"><span class='ocrx_word' id='word_1_128' title='bbox 359 2015 484 2055; x_wconf 86' lang='lat' dir='ltr'>quam</span> <span class='ocrx_word' id='word_1_129' title='bbox 529 2002 704 2042; x_wconf 85' lang='lat' dir='ltr'>fortiter</span> <span class='ocrx_word' id='word_1_130' title='bbox 750 2000 995 2053; x_wconf 83' lang='lat' dir='ltr'>pugnando,</span> <span class='ocrx_word' id='word_1_131' title='bbox 1039 2005 1114 2040; x_wconf 87' lang='lat' dir='ltr'>aut</span> <span class='ocrx_word' id='word_1_132' title='bbox 1156 2000 1236 2040; x_wconf 82' lang='lat' dir='ltr'>sibi</span> 
     </span>
     <span class='ocr_line' id='line_1_28' title="bbox 359 2063 1240 2117; baseline -0.007 -8"><span class='ocrx_word' id='word_1_133' title='bbox 359 2074 541 2108; x_wconf 87' lang='lat' dir='ltr'>mortem</span> <span class='ocrx_word' id='word_1_134' title='bbox 568 2065 806 2114; x_wconf 88' lang='lat' dir='ltr'>inferendo,</span> <span class='ocrx_word' id='word_1_135' title='bbox 834 2063 1016 2117; x_wconf 86' lang='lat' dir='ltr'>gloriose</span> <span class='ocrx_word' id='word_1_136' title='bbox 1045 2064 1240 2104; x_wconf 88' lang='lat' dir='ltr'>interire.</span> 
     </span>
     <span class='ocr_line' id='line_1_29' title="bbox 363 2128 1238 2182; baseline -0.005 -11"><span class='ocrx_word' id='word_1_137' title='bbox 363 2133 470 2173; x_wconf 82' lang='lat' dir='ltr'>Oliv.</span> <span class='ocrx_word' id='word_1_138' title='bbox 525 2132 588 2171; x_wconf 89' lang='lat' dir='ltr'>M.</span> <span class='ocrx_word' id='word_1_139' title='bbox 607 2130 807 2182; x_wconf 79' lang='lat' dir='ltr'>Aquilius]</span> <span class='ocrx_word' id='word_1_140' title='bbox 836 2128 1057 2181; x_wconf 87' lang='lat' dir='ltr'>Appianus</span> <span class='ocrx_word' id='word_1_141' title='bbox 1091 2128 1238 2168; x_wconf 91' lang='lat' dir='ltr'>Attili-</span> 
     </span>
     <span class='ocr_line' id='line_1_30' title="bbox 360 2190 1238 2243; baseline -0.005 -9"><span class='ocrx_word' id='word_1_142' title='bbox 360 2207 431 2234; x_wconf 88' lang='lat' dir='ltr'>um</span> <span class='ocrx_word' id='word_1_143' title='bbox 451 2200 592 2235; x_wconf 84' lang='lat' dir='ltr'>vocat.</span> <span class='ocrx_word' id='word_1_144' title='bbox 625 2194 834 2233; x_wconf 84' lang='lat' dir='ltr'>Corradus.</span> <span class='ocrx_word' id='word_1_145' title='bbox 889 2191 1082 2243; x_wconf 87' lang='lat' dir='ltr'>Contigit</span> <span class='ocrx_word' id='word_1_146' title='bbox 1107 2191 1163 2231; x_wconf 87' lang='lat' dir='ltr'>A.</span> <span class='ocrx_word' id='word_1_147' title='bbox 1183 2190 1238 2230; x_wconf 88' lang='lat' dir='ltr'>U.</span> 
     </span>
     <span class='ocr_line' id='line_1_31' title="bbox 360 2269 525 2299; baseline -0.012 0"><span class='ocrx_word' id='word_1_148' title='bbox 360 2269 525 2299; x_wconf 64' lang='lat' dir='ltr'>Demus.</span> 
     </span>
    </p>

    <p class='ocr_par' dir='ltr' id='par_1_8' title="bbox 359 2317 1245 3570">
     <span class='ocr_line' id='line_1_32' title="bbox 415 2317 1238 2375; baseline -0.006 -13"><span class='ocrx_word' id='word_1_149' title='bbox 415 2324 438 2375; x_wconf 61' lang='grc' dir='ltr'><strong>ς</strong></span> <span class='ocrx_word' id='word_1_150' title='bbox 458 2326 483 2362; x_wconf 88' lang='grc'><strong>2</strong></span> <span class='ocrx_word' id='word_1_151' title='bbox 514 2322 588 2362; x_wconf 81' lang='lat' dir='ltr'>Cn.</span> <span class='ocrx_word' id='word_1_152' title='bbox 603 2332 747 2373; x_wconf 82' lang='lat' dir='ltr'>quoque</span> <span class='ocrx_word' id='word_1_153' title='bbox 764 2319 909 2371; x_wconf 85' lang='lat' dir='ltr'>Carbo]</span> <span class='ocrx_word' id='word_1_154' title='bbox 927 2318 1121 2358; x_wconf 84' lang='lat' dir='ltr'>Historia</span> <span class='ocrx_word' id='word_1_155' title='bbox 1140 2317 1238 2358; x_wconf 91' lang='lat' dir='ltr'>Car-</span> 
     </span>
     <span class='ocr_line' id='line_1_33' title="bbox 359 2383 1239 2435; baseline -0.006 -8"><span class='ocrx_word' id='word_1_156' title='bbox 359 2387 483 2427; x_wconf 89' lang='lat' dir='ltr'>bonis</span> <span class='ocrx_word' id='word_1_157' title='bbox 502 2392 655 2427; x_wconf 84' lang='lat' dir='ltr'>notata</span> <span class='ocrx_word' id='word_1_158' title='bbox 673 2391 740 2425; x_wconf 90' lang='lat' dir='ltr'>est</span> <span class='ocrx_word' id='word_1_159' title='bbox 757 2385 799 2424; x_wconf 92' lang='lat' dir='ltr'>in</span> <span class='ocrx_word' id='word_1_160' title='bbox 820 2397 916 2435; x_wconf 87' lang='lat' dir='ltr'>cap.</span> <span class='ocrx_word' id='word_1_161' title='bbox 932 2383 986 2423; x_wconf 91' lang='lat' dir='ltr'>de</span> <span class='ocrx_word' id='word_1_162' title='bbox 1004 2383 1239 2435; x_wconf 85' lang='lat' dir='ltr'>Ingratitu-</span> 
     </span>
     <span class='ocr_line' id='line_1_34' title="bbox 361 2446 1239 2490; baseline -0.006 0"><span class='ocrx_word' id='word_1_163' title='bbox 361 2450 486 2490; x_wconf 86' lang='lat' dir='ltr'>dine:</span> <span class='ocrx_word' id='word_1_164' title='bbox 533 2448 607 2490; x_wconf 91' lang='lat' dir='ltr'>ubi</span> <span class='ocrx_word' id='word_1_165' title='bbox 653 2448 915 2488; x_wconf 88' lang='lat' dir='ltr'>ostendimus</span> <span class='ocrx_word' id='word_1_166' title='bbox 962 2447 1079 2486; x_wconf 90' lang='lat' dir='ltr'>illum</span> <span class='ocrx_word' id='word_1_167' title='bbox 1125 2458 1151 2485; x_wconf 90' lang='lat' dir='ltr'>a</span> <span class='ocrx_word' id='word_1_168' title='bbox 1182 2446 1239 2488; x_wconf 77' lang='lat' dir='ltr'>Q.</span> 
     </span>
     <span class='ocr_line' id='line_1_35' title="bbox 361 2509 1241 2565; baseline -0.006 -13"><span class='ocrx_word' id='word_1_169' title='bbox 361 2512 572 2565; x_wconf 89' lang='lat' dir='ltr'>Pompeio</span> <span class='ocrx_word' id='word_1_170' title='bbox 588 2512 748 2552; x_wconf 89' lang='lat' dir='ltr'>victum</span> <span class='ocrx_word' id='word_1_171' title='bbox 763 2517 808 2550; x_wconf 85' lang='lat' dir='ltr'>et</span> <span class='ocrx_word' id='word_1_172' title='bbox 824 2510 950 2550; x_wconf 89' lang='lat' dir='ltr'>morti</span> <span class='ocrx_word' id='word_1_173' title='bbox 965 2509 1241 2559; x_wconf 85' lang='lat' dir='ltr'>destinatum,</span> 
     </span>
     <span class='ocr_line' id='line_1_36' title="bbox 363 2572 1239 2626; baseline -0.008 -8"><span class='ocrx_word' id='word_1_174' title='bbox 363 2589 462 2618; x_wconf 88' lang='lat' dir='ltr'>cum</span> <span class='ocrx_word' id='word_1_175' title='bbox 489 2577 718 2618; x_wconf 86' lang='lat' dir='ltr'>duceretur</span> <span class='ocrx_word' id='word_1_176' title='bbox 751 2573 806 2614; x_wconf 91' lang='lat' dir='ltr'>ad</span> <span class='ocrx_word' id='word_1_177' title='bbox 834 2573 1109 2626; x_wconf 88' lang='lat' dir='ltr'>supplicium,</span> <span class='ocrx_word' id='word_1_178' title='bbox 1139 2572 1239 2612; x_wconf 89' lang='lat' dir='ltr'>vitae</span> 
     </span>
     <span class='ocr_line' id='line_1_37' title="bbox 363 2636 1241 2690; baseline -0.007 -11"><span class='ocrx_word' id='word_1_179' title='bbox 363 2638 605 2690; x_wconf 87' lang='lat' dir='ltr'>cupiditate</span> <span class='ocrx_word' id='word_1_180' title='bbox 659 2644 838 2688; x_wconf 89' lang='lat' dir='ltr'>motum,</span> <span class='ocrx_word' id='word_1_181' title='bbox 885 2636 1015 2676; x_wconf 89' lang='lat' dir='ltr'>breve</span> <span class='ocrx_word' id='word_1_182' title='bbox 1073 2641 1241 2685; x_wconf 88' lang='lat' dir='ltr'>tempus</span> 
     </span>
     <span class='ocr_line' id='line_1_38' title="bbox 364 2700 1240 2752; baseline -0.007 -11"><span class='ocrx_word' id='word_1_183' title='bbox 364 2701 739 2752; x_wconf 82' lang='lat' dir='ltr'>orasse,tantisper</span> <span class='ocrx_word' id='word_1_184' title='bbox 753 2700 853 2740; x_wconf 92' lang='lat' dir='ltr'>dum</span> <span class='ocrx_word' id='word_1_185' title='bbox 868 2702 1125 2738; x_wconf 88' lang='lat' dir='ltr'>exoneraret</span> <span class='ocrx_word' id='word_1_186' title='bbox 1140 2708 1240 2736; x_wconf 89' lang='lat' dir='ltr'>ven-</span> 
     </span>
     <span class='ocr_line' id='line_1_39' title="bbox 364 2760 1241 2815; baseline -0.006 -12"><span class='ocrx_word' id='word_1_187' title='bbox 364 2770 492 2803; x_wconf 87' lang='lat' dir='ltr'>trem.</span> <span class='ocrx_word' id='word_1_188' title='bbox 547 2764 614 2802; x_wconf 92' lang='lat' dir='ltr'>De</span> <span class='ocrx_word' id='word_1_189' title='bbox 633 2776 715 2815; x_wconf 92' lang='lat' dir='ltr'>quo</span> <span class='ocrx_word' id='word_1_190' title='bbox 737 2763 889 2802; x_wconf 88' lang='lat' dir='ltr'>Cicero</span> <span class='ocrx_word' id='word_1_191' title='bbox 908 2761 952 2801; x_wconf 90' lang='lat' dir='ltr'>in</span> <span class='ocrx_word' id='word_1_192' title='bbox 968 2760 1102 2812; x_wconf 86' lang='lat' dir='ltr'>Epist.</span> <span class='ocrx_word' id='word_1_193' title='bbox 1122 2761 1241 2799; x_wconf 89' lang='lat' dir='ltr'>Fam.</span> 
     </span>
     <span class='ocr_line' id='line_1_40' title="bbox 364 2823 1240 2874; baseline -0.006 -8"><span class='ocrx_word' id='word_1_194' title='bbox 364 2827 440 2866; x_wconf 87' lang='lat' dir='ltr'>lib.</span> <span class='ocrx_word' id='word_1_195' title='bbox 462 2837 529 2865; x_wconf 88' lang='lat' dir='ltr'>1x.</span> <span class='ocrx_word' id='word_1_196' title='bbox 550 2826 803 2865; x_wconf 88' lang='lat' dir='ltr'>mentionem</span> <span class='ocrx_word' id='word_1_197' title='bbox 825 2823 946 2874; x_wconf 83' lang='lat' dir='ltr'>facit,</span> <span class='ocrx_word' id='word_1_198' title='bbox 963 2829 1009 2863; x_wconf 90' lang='lat' dir='ltr'>et</span> <span class='ocrx_word' id='word_1_199' title='bbox 1028 2834 1125 2862; x_wconf 93' lang='lat' dir='ltr'>eum</span> <span class='ocrx_word' id='word_1_200' title='bbox 1145 2833 1240 2862; x_wconf 90' lang='lat' dir='ltr'>cum</span> 
     </span>
     <span class='ocr_line' id='line_1_41' title="bbox 365 2884 1242 2938; baseline -0.007 -9"><span class='ocrx_word' id='word_1_201' title='bbox 365 2888 503 2929; x_wconf 88' lang='lat' dir='ltr'>fratre</span> <span class='ocrx_word' id='word_1_202' title='bbox 523 2889 721 2928; x_wconf 90' lang='lat' dir='ltr'>Scurram</span> <span class='ocrx_word' id='word_1_203' title='bbox 750 2887 954 2938; x_wconf 87' lang='lat' dir='ltr'>appellat.</span> <span class='ocrx_word' id='word_1_204' title='bbox 1011 2884 1242 2925; x_wconf 87' lang='lat' dir='ltr'>Sciendum</span> 
     </span>
     <span class='ocr_line' id='line_1_42' title="bbox 365 2949 1241 2995; baseline -0.006 -3"><span class='ocrx_word' id='word_1_205' title='bbox 365 2958 431 2992; x_wconf 88' lang='lat' dir='ltr'>est</span> <span class='ocrx_word' id='word_1_206' title='bbox 451 2958 593 2992; x_wconf 87' lang='lat' dir='ltr'>autem</span> <span class='ocrx_word' id='word_1_207' title='bbox 613 2951 716 2992; x_wconf 88' lang='lat' dir='ltr'>duos</span> <span class='ocrx_word' id='word_1_208' title='bbox 733 2950 863 2990; x_wconf 83' lang='lat' dir='ltr'>fuisse</span> <span class='ocrx_word' id='word_1_209' title='bbox 883 2949 1116 2995; x_wconf 84' lang='lat' dir='ltr'>Carbones,</span> <span class='ocrx_word' id='word_1_210' title='bbox 1136 2950 1241 2988; x_wconf 82' lang='lat' dir='ltr'>alte-</span> 
     </span>
     <span class='ocr_line' id='line_1_43' title="bbox 365 3013 1242 3066; baseline -0.006 -10"><span class='ocrx_word' id='word_1_211' title='bbox 365 3029 458 3056; x_wconf 78' lang='lat' dir='ltr'>rum</span> <span class='ocrx_word' id='word_1_212' title='bbox 479 3016 686 3056; x_wconf 84' lang='lat' dir='ltr'>Marianae</span> <span class='ocrx_word' id='word_1_213' title='bbox 707 3015 860 3066; x_wconf 80' lang='lat' dir='ltr'>partis,</span> <span class='ocrx_word' id='word_1_214' title='bbox 880 3013 950 3066; x_wconf 90' lang='lat' dir='ltr'>qui</span> <span class='ocrx_word' id='word_1_215' title='bbox 970 3025 1065 3053; x_wconf 90' lang='lat' dir='ltr'>cum</span> <span class='ocrx_word' id='word_1_216' title='bbox 1085 3013 1242 3063; x_wconf 90' lang='lat' dir='ltr'>Mario,</span> 
     </span>
     <span class='ocr_line' id='line_1_44' title="bbox 366 3078 1243 3128; baseline -0.006 -8"><span class='ocrx_word' id='word_1_217' title='bbox 366 3080 519 3128; x_wconf 87' lang='lat' dir='ltr'>Cinna,</span> <span class='ocrx_word' id='word_1_218' title='bbox 548 3085 594 3118; x_wconf 89' lang='lat' dir='ltr'>et</span> <span class='ocrx_word' id='word_1_219' title='bbox 628 3078 816 3118; x_wconf 86' lang='lat' dir='ltr'>Sertorio</span> <span class='ocrx_word' id='word_1_220' title='bbox 849 3078 1025 3116; x_wconf 86' lang='lat' dir='ltr'>Romam</span> <span class='ocrx_word' id='word_1_221' title='bbox 1061 3087 1243 3127; x_wconf 90' lang='lat' dir='ltr'>occupa-</span> 
     </span>
     <span class='ocr_line' id='line_1_45' title="bbox 366 3137 1242 3192; baseline -0.006 -10"><span class='ocrx_word' id='word_1_222' title='bbox 366 3148 482 3192; x_wconf 88' lang='lat' dir='ltr'>runt,</span> <span class='ocrx_word' id='word_1_223' title='bbox 512 3148 559 3181; x_wconf 92' lang='lat' dir='ltr'>et</span> <span class='ocrx_word' id='word_1_224' title='bbox 574 3145 742 3181; x_wconf 88' lang='lat' dir='ltr'>mortuo</span> <span class='ocrx_word' id='word_1_225' title='bbox 761 3140 900 3179; x_wconf 84' lang='lat' dir='ltr'>Mario</span> <span class='ocrx_word' id='word_1_226' title='bbox 923 3139 1069 3179; x_wconf 89' lang='lat' dir='ltr'>consul</span> <span class='ocrx_word' id='word_1_227' title='bbox 1101 3137 1242 3178; x_wconf 85' lang='lat' dir='ltr'>factus</span> 
     </span>
     <span class='ocr_line' id='line_1_46' title="bbox 368 3200 1243 3256; baseline -0.006 -11"><span class='ocrx_word' id='word_1_228' title='bbox 368 3212 433 3245; x_wconf 88' lang='lat' dir='ltr'>est</span> <span class='ocrx_word' id='word_1_229' title='bbox 449 3217 542 3245; x_wconf 90' lang='lat' dir='ltr'>cum</span> <span class='ocrx_word' id='word_1_230' title='bbox 557 3205 730 3256; x_wconf 85' lang='lat' dir='ltr'>juniore</span> <span class='ocrx_word' id='word_1_231' title='bbox 750 3202 907 3249; x_wconf 86' lang='lat' dir='ltr'>Mario,</span> <span class='ocrx_word' id='word_1_232' title='bbox 927 3203 999 3255; x_wconf 91' lang='lat' dir='ltr'>qui</span> <span class='ocrx_word' id='word_1_233' title='bbox 1014 3202 1150 3241; x_wconf 91' lang='lat' dir='ltr'>multa</span> <span class='ocrx_word' id='word_1_234' title='bbox 1168 3200 1243 3241; x_wconf 85' lang='lat' dir='ltr'>foe-</span> 
     </span>
     <span class='ocr_line' id='line_1_47' title="bbox 367 3263 1242 3307; baseline -0.007 0"><span class='ocrx_word' id='word_1_235' title='bbox 367 3267 424 3307; x_wconf 90' lang='lat' dir='ltr'>da</span> <span class='ocrx_word' id='word_1_236' title='bbox 460 3267 504 3305; x_wconf 90' lang='lat' dir='ltr'>in</span> <span class='ocrx_word' id='word_1_237' title='bbox 546 3266 652 3306; x_wconf 90' lang='lat' dir='ltr'>urbe</span> <span class='ocrx_word' id='word_1_238' title='bbox 693 3265 887 3305; x_wconf 86' lang='lat' dir='ltr'>facinora</span> <span class='ocrx_word' id='word_1_239' title='bbox 925 3263 1242 3303; x_wconf 84' lang='lat' dir='ltr'>commiserunt.</span> 
     </span>
     <span class='ocr_line' id='line_1_48' title="bbox 367 3327 1245 3379; baseline -0.007 -9"><span class='ocrx_word' id='word_1_240' title='bbox 367 3332 438 3370; x_wconf 94' lang='lat' dir='ltr'>De</span> <span class='ocrx_word' id='word_1_241' title='bbox 470 3330 550 3369; x_wconf 88' lang='lat' dir='ltr'>hoc</span> <span class='ocrx_word' id='word_1_242' title='bbox 584 3328 780 3369; x_wconf 87' lang='lat' dir='ltr'>Carbone</span> <span class='ocrx_word' id='word_1_243' title='bbox 811 3339 926 3367; x_wconf 92' lang='lat' dir='ltr'>nunc</span> <span class='ocrx_word' id='word_1_244' title='bbox 953 3327 1144 3379; x_wconf 83' lang='lat' dir='ltr'>loquitur</span> <span class='ocrx_word' id='word_1_245' title='bbox 1162 3327 1245 3365; x_wconf 85' lang='lat' dir='ltr'>Va·</span> 
     </span>
     <span class='ocr_line' id='line_1_49' title="bbox 367 3388 1245 3438; baseline -0.006 -6"><span class='ocrx_word' id='word_1_246' title='bbox 367 3394 512 3432; x_wconf 89' lang='lat' dir='ltr'>lerius.</span> <span class='ocrx_word' id='word_1_247' title='bbox 567 3391 762 3432; x_wconf 88' lang='lat' dir='ltr'>Alterum</span> <span class='ocrx_word' id='word_1_248' title='bbox 796 3390 931 3430; x_wconf 90' lang='lat' dir='ltr'>virum</span> <span class='ocrx_word' id='word_1_249' title='bbox 961 3388 1245 3438; x_wconf 86' lang='lat' dir='ltr'>Senatorium,</span> 
     </span>
     <span class='ocr_line' id='line_1_50' title="bbox 366 3451 1244 3508; baseline -0.008 -12"><span class='ocrx_word' id='word_1_250' title='bbox 366 3457 553 3508; x_wconf 72' lang='lat' dir='ltr'>Syllanae</span> <span class='ocrx_word' id='word_1_251' title='bbox 575 3455 722 3507; x_wconf 80' lang='lat' dir='ltr'>partis,</span> <span class='ocrx_word' id='word_1_252' title='bbox 736 3465 862 3506; x_wconf 90' lang='lat' dir='ltr'>quem</span> <span class='ocrx_word' id='word_1_253' title='bbox 879 3452 1019 3493; x_wconf 85' lang='lat' dir='ltr'>Car-bo</span> <span class='ocrx_word' id='word_1_254' title='bbox 1038 3451 1244 3503; x_wconf 85' lang='lat' dir='ltr'>superior,</span> 
     </span>
     <span class='ocr_line' id='line_1_51' title="bbox 370 3513 1241 3570; baseline -0.006 -11"><span class='ocrx_word' id='word_1_255' title='bbox 370 3530 466 3559; x_wconf 87' lang='lat' dir='ltr'>cum</span> <span class='ocrx_word' id='word_1_256' title='bbox 487 3518 578 3558; x_wconf 85' lang='lat' dir='ltr'>aliis</span> <span class='ocrx_word' id='word_1_257' title='bbox 612 3516 863 3570; x_wconf 87' lang='lat' dir='ltr'>quibusdam</span> <span class='ocrx_word' id='word_1_258' title='bbox 895 3513 1172 3557; x_wconf 87' lang='lat' dir='ltr'>Senatoribus</span> <span class='ocrx_word' id='word_1_259' title='bbox 1199 3514 1241 3554; x_wconf 91' lang='lat' dir='ltr'>in</span> 
     </span>
    </p>
   </div>
   <div class='ocr_carea' id='block_1_3' title="bbox 934 313 1595 355">
    <p class='ocr_par' dir='ltr' id='par_1_9' title="bbox 934 313 1595 355">
     <span class='ocr_line' id='line_1_52' title="bbox 934 313 1595 355; baseline 0.008 -5"><span class='ocrx_word' id='word_1_260' title='bbox 934 313 1111 351; x_wconf 88' lang='lat' dir='ltr'>NOTAE</span> <span class='ocrx_word' id='word_1_261' title='bbox 1153 313 1487 354; x_wconf 78' lang='lat' dir='ltr'>VARloRUM</span> <span class='ocrx_word' id='word_1_262' title='bbox 1529 315 1595 355; x_wconf 87' lang='lat' dir='ltr'>IN</span> 
     </span>
    </p>
   </div>
   <div class='ocr_carea' id='block_1_4' title="bbox 1293 432 2170 800">
    <p class='ocr_par' dir='ltr' id='par_1_10' title="bbox 1293 432 2170 800">
     <span class='ocr_line' id='line_1_53' title="bbox 1294 432 2168 483; baseline 0.003 -12"><span class='ocrx_word' id='word_1_263' title='bbox 1294 432 1452 472; x_wconf 88' lang='lat' dir='ltr'>curiam</span> <span class='ocrx_word' id='word_1_264' title='bbox 1475 438 1687 483; x_wconf 90' lang='lat' dir='ltr'>vocatum,</span> <span class='ocrx_word' id='word_1_265' title='bbox 1714 432 2003 473; x_wconf 84' lang='lat' dir='ltr'>crudelissime</span> <span class='ocrx_word' id='word_1_266' title='bbox 2036 433 2168 474; x_wconf 85' lang='lat' dir='ltr'>truci-</span> 
     </span>
     <span class='ocr_line' id='line_1_54' title="bbox 1294 495 2168 547; baseline 0.003 -13"><span class='ocrx_word' id='word_1_267' title='bbox 1294 495 1426 535; x_wconf 81' lang='lat' dir='ltr'>davit.</span> <span class='ocrx_word' id='word_1_268' title='bbox 1485 498 1552 535; x_wconf 88' lang='lat' dir='ltr'>De</span> <span class='ocrx_word' id='word_1_269' title='bbox 1569 508 1651 547; x_wconf 91' lang='lat' dir='ltr'>quo</span> <span class='ocrx_word' id='word_1_270' title='bbox 1671 496 1847 536; x_wconf 88' lang='lat' dir='ltr'>Orosius</span> <span class='ocrx_word' id='word_1_271' title='bbox 1875 496 1948 537; x_wconf 85' lang='lat' dir='ltr'>lib.</span> <span class='ocrx_word' id='word_1_272' title='bbox 1969 509 2014 537; x_wconf 89' lang='lat' dir='ltr'>v.</span> <span class='ocrx_word' id='word_1_273' title='bbox 2047 499 2060 520; x_wconf 89' lang='lat'>‘</span> <span class='ocrx_word' id='word_1_274' title='bbox 2078 498 2168 537; x_wconf 86' lang='lat' dir='ltr'>Da-</span> 
     </span>
     <span class='ocr_line' id='line_1_55' title="bbox 1293 558 2170 611; baseline 0.002 -13"><span class='ocrx_word' id='word_1_275' title='bbox 1293 558 1540 610; x_wconf 85' lang='lat' dir='ltr'>masippus‚&#39;</span> <span class='ocrx_word' id='word_1_276' title='bbox 1566 560 1718 611; x_wconf 89' lang='lat' dir='ltr'>iuquit,</span> <span class='ocrx_word' id='word_1_277' title='bbox 1747 561 1760 582; x_wconf 85' lang='lat'>‘</span> <span class='ocrx_word' id='word_1_278' title='bbox 1789 564 1962 610; x_wconf 83' lang='lat' dir='ltr'>praetor,</span> <span class='ocrx_word' id='word_1_279' title='bbox 1991 560 2170 600; x_wconf 81' lang='lat' dir='ltr'>incitan-</span> 
     </span>
     <span class='ocr_line' id='line_1_56' title="bbox 1294 623 2169 674; baseline 0.002 -13"><span class='ocrx_word' id='word_1_280' title='bbox 1294 628 1337 661; x_wconf 87' lang='lat' dir='ltr'>te</span> <span class='ocrx_word' id='word_1_281' title='bbox 1358 623 1406 663; x_wconf 88' lang='lat' dir='ltr'>C.</span> <span class='ocrx_word' id='word_1_282' title='bbox 1429 623 1568 661; x_wconf 88' lang='lat' dir='ltr'>Mario</span> <span class='ocrx_word' id='word_1_283' title='bbox 1588 624 1758 662; x_wconf 91' lang='lat' dir='ltr'>consule</span> <span class='ocrx_word' id='word_1_284' title='bbox 1779 624 1832 664; x_wconf 82' lang='lat' dir='ltr'>Q.</span> <span class='ocrx_word' id='word_1_285' title='bbox 1852 624 2103 674; x_wconf 82' lang='lat' dir='ltr'>Scaevo1am‚</span> <span class='ocrx_word' id='word_1_286' title='bbox 2120 623 2169 663; x_wconf 89' lang='lat' dir='ltr'>C.</span> 
     </span>
     <span class='ocr_line' id='line_1_57' title="bbox 1294 685 2169 737; baseline 0.002 -13"><span class='ocrx_word' id='word_1_287' title='bbox 1294 685 1546 737; x_wconf 83' lang='lat' dir='ltr'>Carbonem,</span> <span class='ocrx_word' id='word_1_288' title='bbox 1575 686 1623 725; x_wconf 83' lang='lat'>1..</span> <span class='ocrx_word' id='word_1_289' title='bbox 1645 687 1880 726; x_wconf 90' lang='lat' dir='ltr'>Domitium</span> <span class='ocrx_word' id='word_1_290' title='bbox 1915 687 1958 726; x_wconf 90' lang='lat' dir='ltr'>in</span> <span class='ocrx_word' id='word_1_291' title='bbox 1992 687 2169 736; x_wconf 84' lang='lat' dir='ltr'>curiam,</span> 
     </span>
     <span class='ocr_line' id='line_1_58' title="bbox 1293 747 2170 800; baseline 0 -13"><span class='ocrx_word' id='word_1_292' title='bbox 1293 748 1409 800; x_wconf 88' lang='lat' dir='ltr'>quasi</span> <span class='ocrx_word' id='word_1_293' title='bbox 1429 747 1483 787; x_wconf 93' lang='lat' dir='ltr'>ad</span> <span class='ocrx_word' id='word_1_294' title='bbox 1502 748 1824 788; x_wconf 90' lang='lat' dir='ltr'>consultandum</span> <span class='ocrx_word' id='word_1_295' title='bbox 1843 760 1921 799; x_wconf 86' lang='lat' dir='ltr'>per</span> <span class='ocrx_word' id='word_1_296' title='bbox 1933 747 2170 788; x_wconf 80' lang='lat' dir='ltr'>Antistium</span> 
     </span>
    </p>
   </div>
   <div class='ocr_carea' id='block_1_5' title="bbox 1293 809 2238 862">
    <p class='ocr_par' dir='ltr' id='par_1_11' title="bbox 1293 809 2238 862">
     <span class='ocr_line' id='line_1_59' title="bbox 1293 809 2238 862; baseline 0.001 -14"><span class='ocrx_word' id='word_1_297' title='bbox 1293 814 1481 859; x_wconf 88' lang='lat' dir='ltr'>vocatos,</span> <span class='ocrx_word' id='word_1_298' title='bbox 1498 810 1789 849; x_wconf 84' lang='lat' dir='ltr'>crudelissime</span> <span class='ocrx_word' id='word_1_299' title='bbox 1801 809 1974 860; x_wconf 82' lang='lat' dir='ltr'>occidit,</span> <span class='ocrx_word' id='word_1_300' title='bbox 1987 822 2170 862; x_wconf 86' lang='lat' dir='ltr'>corpora</span> <span class='ocrx_word' id='word_1_301' title='bbox 2236 822 2238 825; x_wconf 88' lang='lat'>·</span> 
     </span>
    </p>
   </div>
   <div class='ocr_carea' id='block_1_6' title="bbox 1292 871 2181 3555">
    <p class='ocr_par' dir='ltr' id='par_1_12' title="bbox 1292 871 2170 1036">
     <span class='ocr_line' id='line_1_60' title="bbox 1292 871 2170 923; baseline 0.001 -13"><span class='ocrx_word' id='word_1_302' title='bbox 1292 871 1619 912; x_wconf 86' lang='lat' dir='ltr'>interfectorum</span> <span class='ocrx_word' id='word_1_303' title='bbox 1665 884 1742 923; x_wconf 90' lang='lat' dir='ltr'>per</span> <span class='ocrx_word' id='word_1_304' title='bbox 1788 871 2008 911; x_wconf 83' lang='lat' dir='ltr'>carnifices</span> <span class='ocrx_word' id='word_1_305' title='bbox 2059 883 2170 911; x_wconf 88' lang='lat' dir='ltr'>unco</span> 
     </span>
     <span class='ocr_line' id='line_1_61' title="bbox 1293 932 2170 986; baseline 0.001 -14"><span class='ocrx_word' id='word_1_306' title='bbox 1293 939 1450 984; x_wconf 87' lang='lat' dir='ltr'>tracta,</span> <span class='ocrx_word' id='word_1_307' title='bbox 1478 939 1607 986; x_wconf 85' lang='lat' dir='ltr'>atque</span> <span class='ocrx_word' id='word_1_308' title='bbox 1629 933 1670 972; x_wconf 92' lang='lat' dir='ltr'>in</span> <span class='ocrx_word' id='word_1_309' title='bbox 1691 932 1884 973; x_wconf 89' lang='lat' dir='ltr'>Tiberim</span> <span class='ocrx_word' id='word_1_310' title='bbox 1905 933 2031 972; x_wconf 88' lang='lat' dir='ltr'>missa</span> <span class='ocrx_word' id='word_1_311' title='bbox 2045 932 2170 973; x_wconf 66' lang='lat' dir='ltr'>sunt?</span> 
     </span>
     <span class='ocr_line' id='line_1_62' title="bbox 1296 997 1443 1036; baseline -0.007 -1"><span class='ocrx_word' id='word_1_312' title='bbox 1296 997 1443 1036; x_wconf 85' lang='lat' dir='ltr'>Oliver.</span> 
     </span>
    </p>

    <p class='ocr_par' dir='ltr' id='par_1_13' title="bbox 1348 1061 1737 1112">
     <span class='ocr_line' id='line_1_63' title="bbox 1348 1061 1737 1112; baseline 0.003 -11"><span class='ocrx_word' id='word_1_313' title='bbox 1348 1061 1546 1112; x_wconf 81' lang='lat' dir='ltr'>Pompeii]</span> <span class='ocrx_word' id='word_1_314' title='bbox 1575 1062 1737 1103; x_wconf 85' lang='lat' dir='ltr'>Quinti.</span> 
     </span>
    </p>

    <p class='ocr_par' dir='ltr' id='par_1_14' title="bbox 1295 1123 2173 1228">
     <span class='ocr_line' id='line_1_64' title="bbox 1348 1123 2173 1176; baseline -0.001 -12"><span class='ocrx_word' id='word_1_315' title='bbox 1348 1125 1587 1176; x_wconf 81' lang='lat' dir='ltr'>Flagitium]</span> <span class='ocrx_word' id='word_1_316' title='bbox 1628 1126 1813 1176; x_wconf 90' lang='lat' dir='ltr'>Turpem</span> <span class='ocrx_word' id='word_1_317' title='bbox 1854 1123 2173 1176; x_wconf 82' lang='lat' dir='ltr'>pusillanimita-</span> 
     </span>
     <span class='ocr_line' id='line_1_65' title="bbox 1295 1193 1396 1228; baseline 0.02 -2"><span class='ocrx_word' id='word_1_318' title='bbox 1295 1193 1396 1228; x_wconf 88' lang='lat' dir='ltr'>tem.</span> 
     </span>
    </p>

    <p class='ocr_par' dir='ltr' id='par_1_15' title="bbox 1296 1248 2172 1414">
     <span class='ocr_line' id='line_1_66' title="bbox 1352 1248 2171 1300; baseline 0 -13"><span class='ocrx_word' id='word_1_319' title='bbox 1352 1249 1436 1288; x_wconf 83' lang='lat' dir='ltr'>Nec</span> <span class='ocrx_word' id='word_1_320' title='bbox 1453 1249 1610 1289; x_wconf 79' lang='lat' dir='ltr'>silentio</span> <span class='ocrx_word' id='word_1_321' title='bbox 1629 1248 1774 1300; x_wconf 86' lang='lat' dir='ltr'>amica]</span> <span class='ocrx_word' id='word_1_322' title='bbox 1804 1248 1918 1291; x_wconf 80' lang='lat' dir='ltr'>Quia</span> <span class='ocrx_word' id='word_1_323' title='bbox 1933 1248 2050 1288; x_wconf 90' lang='lat' dir='ltr'>nullo</span> <span class='ocrx_word' id='word_1_324' title='bbox 2083 1259 2171 1288; x_wconf 87' lang='lat' dir='ltr'>mo-</span> 
     </span>
     <span class='ocr_line' id='line_1_67' title="bbox 1297 1310 2172 1363; baseline -0.002 -12"><span class='ocrx_word' id='word_1_325' title='bbox 1297 1311 1350 1350; x_wconf 93' lang='lat' dir='ltr'>do</span> <span class='ocrx_word' id='word_1_326' title='bbox 1386 1312 1611 1351; x_wconf 86' lang='lat' dir='ltr'>tacendum</span> <span class='ocrx_word' id='word_1_327' title='bbox 1650 1312 1719 1361; x_wconf 86' lang='lat' dir='ltr'>sit,</span> <span class='ocrx_word' id='word_1_328' title='bbox 1750 1323 1846 1350; x_wconf 86' lang='lat' dir='ltr'>cum</span> <span class='ocrx_word' id='word_1_329' title='bbox 1878 1310 2172 1363; x_wconf 88' lang='lat' dir='ltr'>reprehensio-</span> 
     </span>
     <span class='ocr_line' id='line_1_68' title="bbox 1296 1373 1772 1414; baseline 0 -1"><span class='ocrx_word' id='word_1_330' title='bbox 1296 1386 1392 1413; x_wconf 90' lang='lat' dir='ltr'>nem</span> <span class='ocrx_word' id='word_1_331' title='bbox 1413 1382 1635 1414; x_wconf 78' lang='lat' dir='ltr'>mereatur.</span> <span class='ocrx_word' id='word_1_332' title='bbox 1666 1373 1772 1413; x_wconf 76' lang='lat' dir='ltr'>otiu.</span> 
     </span>
    </p>

    <p class='ocr_par' dir='ltr' id='par_1_16' title="bbox 1292 1435 2178 2935">
     <span class='ocr_line' id='line_1_69' title="bbox 1351 1435 2173 1489; baseline -0.004 -12"><span class='ocrx_word' id='word_1_333' title='bbox 1351 1439 1418 1489; x_wconf 72' lang='lat'>§3</span> <span class='ocrx_word' id='word_1_334' title='bbox 1449 1437 1517 1477; x_wconf 82' lang='lat' dir='ltr'>Ita</span> <span class='ocrx_word' id='word_1_335' title='bbox 1534 1442 1578 1477; x_wconf 83' lang='lat' dir='ltr'>ut</span> <span class='ocrx_word' id='word_1_336' title='bbox 1597 1437 1744 1488; x_wconf 81' lang='lat' dir='ltr'>vivam]</span> <span class='ocrx_word' id='word_1_337' title='bbox 1775 1437 1844 1476; x_wconf 92' lang='lat' dir='ltr'>Ita</span> <span class='ocrx_word' id='word_1_338' title='bbox 1875 1435 1977 1476; x_wconf 83' lang='lat' dir='ltr'>mihi</span> <span class='ocrx_word' id='word_1_339' title='bbox 2007 1435 2173 1476; x_wconf 86' lang='lat' dir='ltr'>contin-</span> 
     </span>
     <span class='ocr_line' id='line_1_70' title="bbox 1298 1498 2175 1552; baseline -0.003 -12"><span class='ocrx_word' id='word_1_340' title='bbox 1298 1509 1373 1552; x_wconf 79' lang='lat' dir='ltr'>gat</span> <span class='ocrx_word' id='word_1_341' title='bbox 1395 1501 1554 1549; x_wconf 87' lang='lat' dir='ltr'>vivere,</span> <span class='ocrx_word' id='word_1_342' title='bbox 1583 1506 1632 1540; x_wconf 93' lang='lat' dir='ltr'>ut</span> <span class='ocrx_word' id='word_1_343' title='bbox 1651 1512 1797 1539; x_wconf 87' lang='lat' dir='ltr'>verum</span> <span class='ocrx_word' id='word_1_344' title='bbox 1818 1499 1930 1550; x_wconf 87' lang='lat' dir='ltr'>dico,</span> <span class='ocrx_word' id='word_1_345' title='bbox 1959 1505 2005 1538; x_wconf 87' lang='lat' dir='ltr'>et</span> <span class='ocrx_word' id='word_1_346' title='bbox 2037 1498 2175 1538; x_wconf 82' lang='lat' dir='ltr'>cervi·</span> 
     </span>
     <span class='ocr_line' id='line_1_71' title="bbox 1298 1564 2173 1617; baseline -0.003 -12"><span class='ocrx_word' id='word_1_347' title='bbox 1298 1577 1390 1605; x_wconf 88' lang='lat' dir='ltr'>cem</span> <span class='ocrx_word' id='word_1_348' title='bbox 1408 1565 1668 1606; x_wconf 86' lang='lat' dir='ltr'>constantius</span> <span class='ocrx_word' id='word_1_349' title='bbox 1696 1564 1912 1617; x_wconf 85' lang='lat' dir='ltr'>praebebo.</span> <span class='ocrx_word' id='word_1_350' title='bbox 1969 1564 2067 1604; x_wconf 89' lang='lat' dir='ltr'>Hoc</span> <span class='ocrx_word' id='word_1_351' title='bbox 2100 1575 2173 1603; x_wconf 87' lang='lat' dir='ltr'>au-</span> 
     </span>
     <span class='ocr_line' id='line_1_72' title="bbox 1300 1627 2172 1679; baseline -0.006 -11"><span class='ocrx_word' id='word_1_352' title='bbox 1300 1635 1385 1668; x_wconf 89' lang='lat' dir='ltr'>tem</span> <span class='ocrx_word' id='word_1_353' title='bbox 1409 1627 1678 1668; x_wconf 66' lang='lat' dir='ltr'>confirmavit</span> <span class='ocrx_word' id='word_1_354' title='bbox 1701 1629 1966 1679; x_wconf 73' lang='lat' dir='ltr'>Juramento,</span> <span class='ocrx_word' id='word_1_355' title='bbox 1994 1632 2068 1665; x_wconf 83' lang='lat' dir='ltr'>aut</span> <span class='ocrx_word' id='word_1_356' title='bbox 2099 1637 2172 1674; x_wconf 84' lang='lat' dir='ltr'>ne·</span> 
     </span>
     <span class='ocr_line' id='line_1_73' title="bbox 1299 1688 2174 1743; baseline -0.006 -11"><span class='ocrx_word' id='word_1_357' title='bbox 1299 1692 1434 1732; x_wconf 89' lang='lat' dir='ltr'>sciens</span> <span class='ocrx_word' id='word_1_358' title='bbox 1464 1691 1565 1743; x_wconf 88' lang='lat' dir='ltr'>quid</span> <span class='ocrx_word' id='word_1_359' title='bbox 1599 1691 1782 1740; x_wconf 88' lang='lat' dir='ltr'>diceret,</span> <span class='ocrx_word' id='word_1_360' title='bbox 1819 1689 1919 1742; x_wconf 85' lang='lat' dir='ltr'>quia</span> <span class='ocrx_word' id='word_1_361' title='bbox 1954 1700 2051 1729; x_wconf 89' lang='lat' dir='ltr'>cum</span> <span class='ocrx_word' id='word_1_362' title='bbox 2080 1688 2174 1739; x_wconf 84' lang='lat' dir='ltr'>jam</span> 
     </span>
     <span class='ocr_line' id='line_1_74' title="bbox 1299 1751 2174 1806; baseline -0.003 -12"><span class='ocrx_word' id='word_1_363' title='bbox 1299 1754 1402 1794; x_wconf 84' lang='lat' dir='ltr'>mori</span> <span class='ocrx_word' id='word_1_364' title='bbox 1423 1754 1618 1806; x_wconf 88' lang='lat' dir='ltr'>deberet,</span> <span class='ocrx_word' id='word_1_365' title='bbox 1645 1754 1821 1792; x_wconf 89' lang='lat' dir='ltr'>stultum</span> <span class='ocrx_word' id='word_1_366' title='bbox 1839 1757 1932 1792; x_wconf 89' lang='lat' dir='ltr'>erat</span> <span class='ocrx_word' id='word_1_367' title='bbox 1951 1762 2028 1802; x_wconf 85' lang='lat' dir='ltr'>per</span> <span class='ocrx_word' id='word_1_368' title='bbox 2043 1751 2174 1794; x_wconf 83' lang='lat' dir='ltr'>vitam</span> 
     </span>
     <span class='ocr_line' id='line_1_75' title="bbox 1292 1813 2177 1869; baseline -0.003 -14"><span class='ocrx_word' id='word_1_369' title='bbox 1292 1817 1439 1869; x_wconf 87' lang='lat' dir='ltr'>jurare</span> <span class='ocrx_word' id='word_1_370' title='bbox 1457 1829 1468 1865; x_wconf 91' lang='lat'><strong>;</strong></span> <span class='ocrx_word' id='word_1_371' title='bbox 1498 1815 1571 1854; x_wconf 89' lang='lat' dir='ltr'>sed</span> <span class='ocrx_word' id='word_1_372' title='bbox 1590 1815 1689 1867; x_wconf 89' lang='lat' dir='ltr'>quia</span> <span class='ocrx_word' id='word_1_373' title='bbox 1707 1815 1811 1854; x_wconf 88' lang='lat' dir='ltr'>nihil</span> <span class='ocrx_word' id='word_1_374' title='bbox 1826 1813 1993 1855; x_wconf 89' lang='lat' dir='ltr'>charius</span> <span class='ocrx_word' id='word_1_375' title='bbox 2013 1813 2177 1863; x_wconf 87' lang='lat' dir='ltr'>habuit,</span> 
     </span>
     <span class='ocr_line' id='line_1_76' title="bbox 1299 1875 2174 1930; baseline -0.003 -13"><span class='ocrx_word' id='word_1_376' title='bbox 1299 1889 1377 1930; x_wconf 90' lang='lat' dir='ltr'>per</span> <span class='ocrx_word' id='word_1_377' title='bbox 1395 1890 1486 1917; x_wconf 90' lang='lat' dir='ltr'>eam</span> <span class='ocrx_word' id='word_1_378' title='bbox 1499 1877 1689 1929; x_wconf 77' lang='lat' dir='ltr'>Juravit:</span> <span class='ocrx_word' id='word_1_379' title='bbox 1720 1882 1794 1917; x_wconf 85' lang='lat' dir='ltr'>aut</span> <span class='ocrx_word' id='word_1_380' title='bbox 1812 1876 1910 1916; x_wconf 90' lang='lat' dir='ltr'>ideo</span> <span class='ocrx_word' id='word_1_381' title='bbox 1922 1875 2100 1928; x_wconf 85' lang='lat' dir='ltr'>juravit,</span> <span class='ocrx_word' id='word_1_382' title='bbox 2125 1880 2174 1914; x_wconf 90' lang='lat' dir='ltr'>nt</span> 
     </span>
     <span class='ocr_line' id='line_1_77' title="bbox 1300 1940 2174 1992; baseline -0.006 -11"><span class='ocrx_word' id='word_1_383' title='bbox 1300 1941 1512 1992; x_wconf 85' lang='lat' dir='ltr'>tantisper</span> <span class='ocrx_word' id='word_1_384' title='bbox 1548 1940 1646 1980; x_wconf 89' lang='lat' dir='ltr'>dum</span> <span class='ocrx_word' id='word_1_385' title='bbox 1675 1941 1845 1991; x_wconf 86' lang='lat' dir='ltr'>juraret</span> <span class='ocrx_word' id='word_1_386' title='bbox 1877 1941 2008 1980; x_wconf 86' lang='lat' dir='ltr'>vitam</span> <span class='ocrx_word' id='word_1_387' title='bbox 2056 1950 2174 1978; x_wconf 87' lang='lat' dir='ltr'>suam</span> 
     </span>
     <span class='ocr_line' id='line_1_78' title="bbox 1299 2001 2175 2056; baseline -0.006 -11"><span class='ocrx_word' id='word_1_388' title='bbox 1299 2009 1567 2056; x_wconf 81' lang='lat' dir='ltr'>prorogaret.</span> <span class='ocrx_word' id='word_1_389' title='bbox 1620 2003 1688 2043; x_wconf 83' lang='lat' dir='ltr'>Ita</span> <span class='ocrx_word' id='word_1_390' title='bbox 1718 2007 1763 2042; x_wconf 78' lang='lat' dir='ltr'>ut</span> <span class='ocrx_word' id='word_1_391' title='bbox 1788 2001 1936 2053; x_wconf 74' lang='lat' dir='ltr'>vivam]</span> <span class='ocrx_word' id='word_1_392' title='bbox 1965 2002 2063 2042; x_wconf 88' lang='lat' dir='ltr'>Nou</span> <span class='ocrx_word' id='word_1_393' title='bbox 2099 2001 2175 2040; x_wconf 88' lang='lat' dir='ltr'>de-</span> 
     </span>
     <span class='ocr_line' id='line_1_79' title="bbox 1299 2064 2175 2118; baseline -0.005 -11"><span class='ocrx_word' id='word_1_394' title='bbox 1299 2067 1396 2107; x_wconf 89' lang='lat' dir='ltr'>buit</span> <span class='ocrx_word' id='word_1_395' title='bbox 1428 2071 1546 2106; x_wconf 87' lang='lat' dir='ltr'>certe</span> <span class='ocrx_word' id='word_1_396' title='bbox 1572 2066 1788 2118; x_wconf 80' lang='lat' dir='ltr'>vulgatam</span> <span class='ocrx_word' id='word_1_397' title='bbox 1818 2064 2048 2105; x_wconf 85' lang='lat' dir='ltr'>lectionem</span> <span class='ocrx_word' id='word_1_398' title='bbox 2083 2075 2175 2104; x_wconf 58' lang='lat' dir='ltr'>mua-</span> 
     </span>
     <span class='ocr_line' id='line_1_80' title="bbox 1300 2126 2177 2180; baseline -0.006 -10"><span class='ocrx_word' id='word_1_399' title='bbox 1300 2135 1395 2171; x_wconf 89' lang='lat' dir='ltr'>tare</span> <span class='ocrx_word' id='word_1_400' title='bbox 1414 2129 1605 2180; x_wconf 88' lang='lat' dir='ltr'>Pighius,</span> <span class='ocrx_word' id='word_1_401' title='bbox 1634 2134 1786 2169; x_wconf 88' lang='lat' dir='ltr'>contra</span> <span class='ocrx_word' id='word_1_402' title='bbox 1804 2126 2038 2168; x_wconf 87' lang='lat' dir='ltr'>editionum</span> <span class='ocrx_word' id='word_1_403' title='bbox 2056 2130 2177 2166; x_wconf 81' lang='lat' dir='ltr'>vete·</span> 
     </span>
     <span class='ocr_line' id='line_1_81' title="bbox 1300 2190 2176 2242; baseline -0.005 -10"><span class='ocrx_word' id='word_1_404' title='bbox 1300 2204 1393 2232; x_wconf 89' lang='lat' dir='ltr'>rum</span> <span class='ocrx_word' id='word_1_405' title='bbox 1414 2197 1459 2232; x_wconf 90' lang='lat' dir='ltr'>et</span> <span class='ocrx_word' id='word_1_406' title='bbox 1485 2191 1692 2231; x_wconf 89' lang='lat' dir='ltr'>librorum</span> <span class='ocrx_word' id='word_1_407' title='bbox 1717 2190 1974 2242; x_wconf 83' lang='lat' dir='ltr'>scriptorum</span> <span class='ocrx_word' id='word_1_408' title='bbox 2004 2199 2176 2229; x_wconf 82' lang='lat' dir='ltr'>consen·</span> 
     </span>
     <span class='ocr_line' id='line_1_82' title="bbox 1301 2251 2174 2295; baseline -0.005 0"><span class='ocrx_word' id='word_1_409' title='bbox 1301 2268 1409 2295; x_wconf 88' lang='lat' dir='ltr'>sum.</span> <span class='ocrx_word' id='word_1_410' title='bbox 1455 2254 1656 2294; x_wconf 86' lang='lat' dir='ltr'>Formula</span> <span class='ocrx_word' id='word_1_411' title='bbox 1673 2259 1792 2295; x_wconf 88' lang='lat' dir='ltr'>vetus</span> <span class='ocrx_word' id='word_1_412' title='bbox 1808 2257 1900 2293; x_wconf 84' lang='lat' dir='ltr'>est:</span> <span class='ocrx_word' id='word_1_413' title='bbox 1919 2254 1931 2276; x_wconf 93' lang='lat'>‘</span> <span class='ocrx_word' id='word_1_414' title='bbox 1948 2252 2021 2292; x_wconf 86' lang='lat' dir='ltr'>Ita</span> <span class='ocrx_word' id='word_1_415' title='bbox 2038 2251 2174 2292; x_wconf 77' lang='lat' dir='ltr'>vivam</span> 
     </span>
     <span class='ocr_line' id='line_1_83' title="bbox 1301 2316 2175 2371; baseline -0.003 -12"><span class='ocrx_word' id='word_1_416' title='bbox 1301 2317 1444 2362; x_wconf 62' lang='lat' dir='ltr'>dabo?</span> <span class='ocrx_word' id='word_1_417' title='bbox 1497 2319 1661 2359; x_wconf 88' lang='lat' dir='ltr'>Seneca</span> <span class='ocrx_word' id='word_1_418' title='bbox 1679 2318 1806 2371; x_wconf 87' lang='lat' dir='ltr'>epist.</span> <span class='ocrx_word' id='word_1_419' title='bbox 1832 2327 2032 2358; x_wconf 72' lang='lat' dir='ltr'>nxxxm.</span> <span class='ocrx_word' id='word_1_420' title='bbox 2088 2316 2175 2356; x_wconf 88' lang='lat' dir='ltr'>Hic</span> 
     </span>
     <span class='ocr_line' id='line_1_84' title="bbox 1301 2381 2176 2434; baseline -0.006 -11"><span class='ocrx_word' id='word_1_421' title='bbox 1301 2383 1414 2423; x_wconf 89' lang='lat' dir='ltr'>enim</span> <span class='ocrx_word' id='word_1_422' title='bbox 1433 2383 1610 2434; x_wconf 88' lang='lat' dir='ltr'>Brutus,</span> <span class='ocrx_word' id='word_1_423' title='bbox 1629 2381 1702 2434; x_wconf 89' lang='lat' dir='ltr'>qui</span> <span class='ocrx_word' id='word_1_424' title='bbox 1720 2394 1816 2422; x_wconf 89' lang='lat' dir='ltr'>cum</span> <span class='ocrx_word' id='word_1_425' title='bbox 1833 2382 2047 2433; x_wconf 88' lang='lat' dir='ltr'>periturus</span> <span class='ocrx_word' id='word_1_426' title='bbox 2065 2390 2176 2419; x_wconf 89' lang='lat' dir='ltr'>mor-</span> 
     </span>
     <span class='ocr_line' id='line_1_85' title="bbox 1301 2441 2175 2498; baseline -0.008 -11"><span class='ocrx_word' id='word_1_427' title='bbox 1301 2449 1358 2487; x_wconf 89' lang='lat' dir='ltr'>tis</span> <span class='ocrx_word' id='word_1_428' title='bbox 1377 2458 1519 2486; x_wconf 82' lang='lat' dir='ltr'>moras</span> <span class='ocrx_word' id='word_1_429' title='bbox 1553 2450 1741 2498; x_wconf 81' lang='lat' dir='ltr'>peteret,</span> <span class='ocrx_word' id='word_1_430' title='bbox 1768 2444 1823 2484; x_wconf 85' lang='lat' dir='ltr'>ad</span> <span class='ocrx_word' id='word_1_431' title='bbox 1860 2441 2175 2495; x_wconf 84' lang='lat' dir='ltr'>exonerandum</span> 
     </span>
     <span class='ocr_line' id='line_1_86' title="bbox 1303 2503 2177 2560; baseline -0.006 -11"><span class='ocrx_word' id='word_1_432' title='bbox 1303 2513 1496 2550; x_wconf 86' lang='lat' dir='ltr'>ventrem</span> <span class='ocrx_word' id='word_1_433' title='bbox 1543 2509 1738 2560; x_wconf 88' lang='lat' dir='ltr'>secessit,</span> <span class='ocrx_word' id='word_1_434' title='bbox 1783 2513 1829 2548; x_wconf 89' lang='lat' dir='ltr'>et</span> <span class='ocrx_word' id='word_1_435' title='bbox 1874 2511 2075 2547; x_wconf 87' lang='lat' dir='ltr'>evocatus</span> <span class='ocrx_word' id='word_1_436' title='bbox 2120 2503 2177 2544; x_wconf 87' lang='lat' dir='ltr'>ad</span> 
     </span>
     <span class='ocr_line' id='line_1_87' title="bbox 1301 2567 2178 2624; baseline -0.006 -12"><span class='ocrx_word' id='word_1_437' title='bbox 1301 2571 1496 2623; x_wconf 76' lang='lat' dir='ltr'>mortem,</span> <span class='ocrx_word' id='word_1_438' title='bbox 1531 2573 1758 2624; x_wconf 90' lang='lat' dir='ltr'>jussusque</span> <span class='ocrx_word' id='word_1_439' title='bbox 1805 2571 1997 2623; x_wconf 68' lang='lat' dir='ltr'>praebere</span> <span class='ocrx_word' id='word_1_440' title='bbox 2041 2567 2178 2609; x_wconf 84' lang='lat' dir='ltr'>cervi·</span> 
     </span>
     <span class='ocr_line' id='line_1_88' title="bbox 1302 2632 2173 2687; baseline -0.007 -11"><span class='ocrx_word' id='word_1_441' title='bbox 1302 2648 1412 2687; x_wconf 89' lang='lat' dir='ltr'>cem,</span> <span class='ocrx_word' id='word_1_442' title='bbox 1459 2635 1689 2685; x_wconf 85' lang='lat' dir='ltr'>Praebebo,</span> <span class='ocrx_word' id='word_1_443' title='bbox 1729 2635 1883 2687; x_wconf 87' lang='lat' dir='ltr'>inquit,</span> <span class='ocrx_word' id='word_1_444' title='bbox 1921 2634 1983 2673; x_wconf 87' lang='lat' dir='ltr'>ita</span> <span class='ocrx_word' id='word_1_445' title='bbox 2018 2632 2173 2671; x_wconf 81' lang='lat' dir='ltr'>vivam.</span> 
     </span>
     <span class='ocr_line' id='line_1_89' title="bbox 1301 2693 2177 2747; baseline -0.008 -8"><span class='ocrx_word' id='word_1_446' title='bbox 1301 2699 1458 2739; x_wconf 89' lang='lat' dir='ltr'>Potest</span> <span class='ocrx_word' id='word_1_447' title='bbox 1478 2703 1618 2738; x_wconf 89' lang='lat' dir='ltr'>tamen</span> <span class='ocrx_word' id='word_1_448' title='bbox 1650 2698 1780 2737; x_wconf 90' lang='lat' dir='ltr'>etiam</span> <span class='ocrx_word' id='word_1_449' title='bbox 1811 2695 2032 2747; x_wconf 82' lang='lat' dir='ltr'>scripsisse</span> <span class='ocrx_word' id='word_1_450' title='bbox 2050 2693 2177 2734; x_wconf 85' lang='lat' dir='ltr'>Vale·</span> 
     </span>
     <span class='ocr_line' id='line_1_90' title="bbox 1303 2753 2177 2801; baseline -0.007 -1"><span class='ocrx_word' id='word_1_451' title='bbox 1303 2761 1389 2801; x_wconf 89' lang='lat' dir='ltr'>rius</span> <span class='ocrx_word' id='word_1_452' title='bbox 1409 2774 1420 2800; x_wconf 90' lang='lat'><strong>:</strong></span> <span class='ocrx_word' id='word_1_453' title='bbox 1455 2761 1517 2800; x_wconf 82' lang='lat' dir='ltr'>lta</span> <span class='ocrx_word' id='word_1_454' title='bbox 1536 2761 1665 2799; x_wconf 84' lang='lat' dir='ltr'>vivam</span> <span class='ocrx_word' id='word_1_455' title='bbox 1681 2763 1726 2798; x_wconf 83' lang='lat' dir='ltr'>ut</span> <span class='ocrx_word' id='word_1_456' title='bbox 1753 2757 1862 2798; x_wconf 85' lang='lat' dir='ltr'>dabo.</span> <span class='ocrx_word' id='word_1_457' title='bbox 1917 2757 2006 2797; x_wconf 91' lang='lat' dir='ltr'>Cic.</span> <span class='ocrx_word' id='word_1_458' title='bbox 2029 2754 2083 2794; x_wconf 86' lang='lat' dir='ltr'>ad</span> <span class='ocrx_word' id='word_1_459' title='bbox 2097 2753 2177 2795; x_wconf 87' lang='lat' dir='ltr'>At-</span> 
     </span>
     <span class='ocr_line' id='line_1_91' title="bbox 1303 2818 2178 2874; baseline -0.008 -10"><span class='ocrx_word' id='word_1_460' title='bbox 1303 2825 1380 2864; x_wconf 87' lang='lat' dir='ltr'>tic.</span> <span class='ocrx_word' id='word_1_461' title='bbox 1400 2822 1476 2863; x_wconf 88' lang='lat' dir='ltr'>lib.</span> <span class='ocrx_word' id='word_1_462' title='bbox 1499 2835 1544 2864; x_wconf 86' lang='lat' dir='ltr'>v.</span> <span class='ocrx_word' id='word_1_463' title='bbox 1569 2823 1708 2874; x_wconf 87' lang='lat' dir='ltr'>Epist.</span> <span class='ocrx_word' id='word_1_464' title='bbox 1728 2825 1793 2861; x_wconf 86' lang='lat'>15.</span> <span class='ocrx_word' id='word_1_465' title='bbox 1819 2822 1831 2843; x_wconf 90' lang='lat'>‘</span> <span class='ocrx_word' id='word_1_466' title='bbox 1854 2820 1924 2861; x_wconf 88' lang='lat' dir='ltr'>Ita</span> <span class='ocrx_word' id='word_1_467' title='bbox 1953 2818 2104 2869; x_wconf 87' lang='lat' dir='ltr'>vivam,</span> <span class='ocrx_word' id='word_1_468' title='bbox 2131 2823 2178 2858; x_wconf 91' lang='lat' dir='ltr'>ut</span> 
     </span>
     <span class='ocr_line' id='line_1_92' title="bbox 1302 2880 2040 2935; baseline -0.008 -10"><span class='ocrx_word' id='word_1_469' title='bbox 1302 2886 1509 2925; x_wconf 87' lang='lat' dir='ltr'>maximos</span> <span class='ocrx_word' id='word_1_470' title='bbox 1528 2889 1720 2935; x_wconf 89' lang='lat' dir='ltr'>sumptus</span> <span class='ocrx_word' id='word_1_471' title='bbox 1735 2880 1880 2922; x_wconf 88' lang='lat' dir='ltr'>facio.’</span> <span class='ocrx_word' id='word_1_472' title='bbox 1911 2881 2040 2920; x_wconf 83' lang='lat' dir='ltr'>Coler.</span> 
     </span>
    </p>

    <p class='ocr_par' dir='ltr' id='par_1_17' title="bbox 1297 2941 2181 3125">
     <span class='ocr_line' id='line_1_93' title="bbox 1356 2941 2181 2999; baseline -0.01 -11"><span class='ocrx_word' id='word_1_473' title='bbox 1356 2948 1550 2987; x_wconf 77' lang='lat' dir='ltr'>Stolidam</span> <span class='ocrx_word' id='word_1_474' title='bbox 1563 2945 1710 2999; x_wconf 84' lang='lat' dir='ltr'>fidem]</span> <span class='ocrx_word' id='word_1_475' title='bbox 1736 2946 1858 2985; x_wconf 89' lang='lat' dir='ltr'>Bene</span> <span class='ocrx_word' id='word_1_476' title='bbox 1876 2941 2088 2989; x_wconf 84' lang='lat' dir='ltr'>stolidam,</span> <span class='ocrx_word' id='word_1_477' title='bbox 2106 2941 2181 2994; x_wconf 85' lang='lat' dir='ltr'>qui</span> 
     </span>
     <span class='ocr_line' id='line_1_94' title="bbox 1297 3004 2180 3064; baseline -0.01 -12"><span class='ocrx_word' id='word_1_478' title='bbox 1297 3012 1511 3064; x_wconf 84' lang='lat' dir='ltr'>juraverit</span> <span class='ocrx_word' id='word_1_479' title='bbox 1558 3023 1602 3050; x_wconf 86' lang='lat' dir='ltr'>se</span> <span class='ocrx_word' id='word_1_480' title='bbox 1651 3009 1881 3058; x_wconf 86' lang='lat' dir='ltr'>victurum,</span> <span class='ocrx_word' id='word_1_481' title='bbox 1918 3018 2014 3047; x_wconf 90' lang='lat' dir='ltr'>cum</span> <span class='ocrx_word' id='word_1_482' title='bbox 2053 3004 2180 3057; x_wconf 80' lang='lat' dir='ltr'>paulo</span> 
     </span>
     <span class='ocr_line' id='line_1_95' title="bbox 1307 3070 1935 3125; baseline -0.006 -11"><span class='ocrx_word' id='word_1_483' title='bbox 1307 3080 1405 3125; x_wconf 89' lang='lat' dir='ltr'>post</span> <span class='ocrx_word' id='word_1_484' title='bbox 1425 3079 1541 3113; x_wconf 90' lang='lat' dir='ltr'>esset</span> <span class='ocrx_word' id='word_1_485' title='bbox 1560 3073 1799 3112; x_wconf 87' lang='lat' dir='ltr'>moriturus.</span> <span class='ocrx_word' id='word_1_486' title='bbox 1829 3070 1935 3110; x_wconf 85' lang='lat' dir='ltr'>Oliv.</span> 
     </span>
    </p>

    <p class='ocr_par' dir='ltr' id='par_1_18' title="bbox 1306 3130 2180 3555">
     <span class='ocr_line' id='line_1_96' title="bbox 1360 3130 2179 3189; baseline -0.01 -11"><span class='ocrx_word' id='word_1_487' title='bbox 1360 3139 1475 3178; x_wconf 72' lang='lat' dir='ltr'>Ex&#39;r.</span> <span class='ocrx_word' id='word_1_488' title='bbox 1498 3139 1520 3189; x_wconf 55' lang='grc' dir='ltr'><strong>ς</strong></span> <span class='ocrx_word' id='word_1_489' title='bbox 1540 3141 1561 3176; x_wconf 91' lang='grc'>1</span> <span class='ocrx_word' id='word_1_490' title='bbox 1594 3138 1741 3176; x_wconf 85' lang='lat' dir='ltr'>Eadem</span> <span class='ocrx_word' id='word_1_491' title='bbox 1757 3136 1946 3184; x_wconf 79' lang='lat' dir='ltr'>Xeraeem,</span> <span class='ocrx_word' id='word_1_492' title='bbox 1964 3131 2052 3182; x_wconf 55' lang='lat' dir='ltr'>qua]</span> <span class='ocrx_word' id='word_1_493' title='bbox 2072 3130 2179 3171; x_wconf 88' lang='lat' dir='ltr'>Cum</span> 
     </span>
     <span class='ocr_line' id='line_1_97' title="bbox 1307 3193 2180 3241; baseline -0.011 0"><span class='ocrx_word' id='word_1_494' title='bbox 1307 3201 1479 3241; x_wconf 89' lang='lat' dir='ltr'>Xerxes</span> <span class='ocrx_word' id='word_1_495' title='bbox 1502 3199 1683 3240; x_wconf 76' lang='lat' dir='ltr'>Graeciae</span> <span class='ocrx_word' id='word_1_496' title='bbox 1705 3198 1860 3237; x_wconf 87' lang='lat' dir='ltr'>bellum</span> <span class='ocrx_word' id='word_1_497' title='bbox 1892 3195 2084 3234; x_wconf 82' lang='lat' dir='ltr'>illaturus</span> <span class='ocrx_word' id='word_1_498' title='bbox 2116 3193 2180 3232; x_wconf 87' lang='lat' dir='ltr'>in-</span> 
     </span>
     <span class='ocr_line' id='line_1_98' title="bbox 1307 3256 2178 3314; baseline -0.008 -12"><span class='ocrx_word' id='word_1_499' title='bbox 1307 3269 1477 3314; x_wconf 86' lang='lat' dir='ltr'>gentem</span> <span class='ocrx_word' id='word_1_500' title='bbox 1492 3261 1725 3301; x_wconf 85' lang='lat' dir='ltr'>exercitum</span> <span class='ocrx_word' id='word_1_501' title='bbox 1739 3262 2046 3309; x_wconf 83' lang='lat' dir='ltr'>comparasset,</span> <span class='ocrx_word' id='word_1_502' title='bbox 2059 3256 2178 3295; x_wconf 88' lang='lat' dir='ltr'>illum</span> 
     </span>
     <span class='ocr_line' id='line_1_99' title="bbox 1306 3321 2180 3377; baseline -0.009 -12"><span class='ocrx_word' id='word_1_503' title='bbox 1306 3327 1350 3365; x_wconf 91' lang='lat' dir='ltr'>in</span> <span class='ocrx_word' id='word_1_504' title='bbox 1372 3325 1538 3377; x_wconf 88' lang='lat' dir='ltr'>patenti</span> <span class='ocrx_word' id='word_1_505' title='bbox 1555 3336 1724 3374; x_wconf 90' lang='lat' dir='ltr'>campo,</span> <span class='ocrx_word' id='word_1_506' title='bbox 1739 3328 1786 3361; x_wconf 91' lang='lat' dir='ltr'>ut</span> <span class='ocrx_word' id='word_1_507' title='bbox 1799 3321 1910 3360; x_wconf 86' lang='lat' dir='ltr'>forte</span> <span class='ocrx_word' id='word_1_508' title='bbox 1923 3325 2180 3370; x_wconf 81' lang='lat' dir='ltr'>recenseret,</span> 
     </span>
     <span class='ocr_line' id='line_1_100' title="bbox 1306 3383 2178 3440; baseline -0.01 -12"><span class='ocrx_word' id='word_1_509' title='bbox 1306 3389 1360 3429; x_wconf 92' lang='lat' dir='ltr'>de</span> <span class='ocrx_word' id='word_1_510' title='bbox 1376 3387 1583 3440; x_wconf 89' lang='lat' dir='ltr'>superiori</span> <span class='ocrx_word' id='word_1_511' title='bbox 1601 3387 1694 3425; x_wconf 89' lang='lat' dir='ltr'>loco</span> <span class='ocrx_word' id='word_1_512' title='bbox 1713 3383 1996 3434; x_wconf 87' lang='lat' dir='ltr'>conspiciens,</span> <span class='ocrx_word' id='word_1_513' title='bbox 2023 3383 2066 3420; x_wconf 91' lang='lat' dir='ltr'>in</span> <span class='ocrx_word' id='word_1_514' title='bbox 2085 3393 2178 3420; x_wconf 88' lang='lat' dir='ltr'>eam</span> 
     </span>
     <span class='ocr_line' id='line_1_101' title="bbox 1307 3444 2180 3502; baseline -0.01 -10"><span class='ocrx_word' id='word_1_515' title='bbox 1307 3451 1609 3502; x_wconf 88' lang='lat' dir='ltr'>cogitationem</span> <span class='ocrx_word' id='word_1_516' title='bbox 1636 3447 1770 3495; x_wconf 86' lang='lat' dir='ltr'>venit,</span> <span class='ocrx_word' id='word_1_517' title='bbox 1798 3453 1847 3486; x_wconf 91' lang='lat' dir='ltr'>ut</span> <span class='ocrx_word' id='word_1_518' title='bbox 1877 3445 2041 3485; x_wconf 87' lang='lat' dir='ltr'>diceret</span> <span class='ocrx_word' id='word_1_519' title='bbox 2067 3444 2180 3486; x_wconf 80' lang='lat' dir='ltr'>intra</span> 
     </span>
     <span class='ocr_line' id='line_1_102' title="bbox 1307 3505 2179 3555; baseline -0.01 0"><span class='ocrx_word' id='word_1_520' title='bbox 1307 3519 1476 3555; x_wconf 88' lang='lat' dir='ltr'>centum</span> <span class='ocrx_word' id='word_1_521' title='bbox 1510 3523 1641 3553; x_wconf 87' lang='lat' dir='ltr'>annos</span> <span class='ocrx_word' id='word_1_522' title='bbox 1673 3523 1816 3551; x_wconf 86' lang='lat' dir='ltr'>eorum</span> <span class='ocrx_word' id='word_1_523' title='bbox 1845 3509 2053 3549; x_wconf 86' lang='lat' dir='ltr'>neminem</span> <span class='ocrx_word' id='word_1_524' title='bbox 2085 3505 2179 3547; x_wconf 82' lang='lat' dir='ltr'>fore</span> 
     </span>
    </p>
   </div>
   <div class='ocr_carea' id='block_1_7' title="bbox 1263 1094 1291 1103">
    <p class='ocr_par' dir='ltr' id='par_1_19' title="bbox 1263 1094 1291 1103">
     <span class='ocr_line' id='line_1_103' title="bbox 1263 1094 1291 1103; baseline 0 0"><span class='ocrx_word' id='word_1_525' title='bbox 1263 1094 1291 1103; x_wconf 65' lang='lat' dir='ltr'>n·</span> 
     </span>
    </p>
   </div>
  </div>
 </body>
</html>
