2288 3990
427 271 533 325 960

425 409 473 444 tu
494 416 654 446 verum.
672 406 857 457 Pighius.
918 405 1074 459 Vellem,
1091 410 1180 461 ὅτι]
1200 411 1301 451 Vel-

426 467 524 518 lem,
563 468 704 520 inquit
735 471 951 521 Valerius,
991 472 1100 511 hanc
1136 473 1300 514 cladem

424 533 633 583 placidius
669 535 814 576 dicere
852 549 994 588 posse,
1023 537 1100 577 sed
1136 538 1300 578 omissis

426 595 626 644 gratiosis
663 598 806 638 verbis
840 610 969 651 cogor
1010 612 1112 640 vera
1155 599 1298 640 fateri.

430 658 536 697 Oliv.

485 721 626 762 Vellem
642 722 817 774 equidem
838 725 1052 778 placidius]
1080 727 1296 767 Subintel-

424 786 523 839 lige,
542 789 555 810 ‘
573 787 645 827 Dii
663 789 931 838 puniissent!

479 851 572 900 §12
606 851 793 891 Ultimum
823 851 913 892 belli
929 851 1154 904 fortunam]
1185 853 1298 895 Quia

424 912 478 951 de
497 923 660 970 summ-a
679 924 816 952 rerum
836 925 980 965 pugna
998 914 1080 953 ista
1099 914 1196 966 fuit,
1225 915 1297 954 ubi

422 985 518 1013 cum
537 974 736 1014 universo
751 975 943 1015 exercitu
962 975 1175 1015 fortunam
1196 975 1298 1016 belli

423 1039 627 1087 expertus
646 1039 728 1076 est.

475 1097 719 1149 Dyrrachio]
749 1098 862 1139 Vide
890 1111 1022 1152 supra
1050 1099 1104 1139 ad
1135 1112 1233 1152 cap.
1257 1105 1296 1141 5.

424 1163 526 1203 Ext.
545 1166 586 1202 2.

476 1223 737 1264 Examinibus
753 1226 887 1276 apum]
919 1227 1139 1267 Lucanus:
1169 1226 1181 1248 ‘
1199 1227 1296 1267 Nec

420 1297 504 1325 non
559 1286 781 1327 innumero
838 1293 1043 1338 cooperta
1100 1289 1296 1327 examine

421 1346 568 1397 signa.'
625 1348 750 1389 Quod
764 1349 1003 1399 prodigium
1026 1347 1298 1398 significabat

419 1410 738 1450 multitudinem
770 1410 1007 1450 nocituram
1043 1422 1137 1450 esse
1170 1411 1297 1449 Pom-

422 1474 537 1525 peio.
573 1474 699 1514 Unde
710 1475 923 1525 vegetius
941 1473 995 1514 de
1008 1475 1072 1514 Re
1087 1473 1294 1515 Militari:

418 1536 430 1557 ‘
451 1535 524 1575 Nil
558 1532 692 1587 magis
736 1535 877 1576 obfuit
913 1537 1137 1588 Pompeio,
1171 1548 1297 1588 quam

419 1596 637 1637 exercitus
692 1610 918 1640 numerosa
967 1600 1118 1650 copia:
1182 1598 1296 1651 quod

422 1661 553 1699 etiam
590 1661 771 1701 sensisse
806 1661 959 1703 fertur.
1017 1663 1143 1702 Dixit
1166 1662 1296 1713 enim,

418 1723 523 1761 nihil
556 1722 672 1762 aliud
710 1726 968 1775 portendere
1006 1738 1124 1776 apes,
1170 1737 1293 1777 quam

419 1797 685 1824 numerosam
700 1786 882 1826 militum
898 1787 1096 1839 copiam!
1118 1788 1267 1827 Oliver.

477 1847 710 1897 Nocturnis]
738 1847 916 1889 Constat
935 1848 1143 1889 flammam
1163 1861 1296 1901 quan-

418 1908 515 1947 dam
543 1909 818 1948 clarissimam
849 1911 892 1949 in
928 1912 1080 1950 castris
1099 1911 1296 1963 Pompeii

417 1972 642 2010 emicuisse
670 1971 712 2010 in
733 1973 914 2012 Caesaris
942 1977 1082 2012 castra
1103 1984 1295 2024 ·vergen-

417 2038 522 2083 tem,
551 2046 645 2085 quae
664 2034 931 2084 significabat
953 2047 1147 2086 magnam
1166 2036 1294 2074 Pom-

417 2096 503 2147 peii
520 2097 695 2147 gloriam
711 2096 763 2136 ad
778 2097 989 2136 Caesarem
1009 2097 1295 2147 transituram,

417 2173 472 2200 ex
491 2172 628 2213 eoque
649 2167 853 2202 terrorem
872 2162 1077 2213 injectum
1095 2161 1294 2201 universo

415 2224 641 2274 exercitui,
668 2225 739 2276 qui
767 2229 812 2263 et
843 2224 936 2263 aliis
966 2223 1065 2262 visis
1097 2223 1294 2263 monstris

417 2285 594 2325 territus
613 2291 694 2325 est.
725 2286 874 2326 Oliver.

470 2349 707 2388 Hostiarum
737 2348 861 2399 fuga]
907 2349 1125 2388 Lucanus:
1170 2347 1183 2370 ⁴
1203 2346 1293 2387 Ad-

415 2416 555 2451 motus
575 2411 750 2462 Superis
769 2411 959 2450 discussa
989 2410 1102 2461 fugit
1136 2410 1190 2449 ab
1219 2422 1294 2450 ara

415 2474 608 2516 Tam-us:
637 2475 750 2514 Nam
769 2486 863 2513 cum
894 2473 1100 2513 altaribus
1133 2473 1292 2513 hostias

416 2538 690 2588 admovisset,
715 2537 800 2577 illae
819 2536 964 2576 statim
985 2535 1128 2588 fugam
1157 2536 1293 2587 prori-

416 2605 616 2651 puerunt.
645 2601 768 2640 Idem.

475 2663 611 2714 Itaque
637 2664 730 2702 dum
752 2662 819 2701 ille
844 2661 986 2712 elevat]
1017 2661 1215 2711 Namque
1233 2671 1289 2699 ex

416 2725 650 2764 autoritate
670 2735 746 2763 sua
761 2723 990 2774 Pompeius
1003 2734 1099 2762 cum
1114 2723 1289 2762 Caesare

415 2799 601 2838 pugnam
621 2785 823 2837 suscepit.
863 2785 1047 2824 Senatus
1065 2784 1176 2823 enim
1193 2794 1289 2835 pro-

415 2848 540 2900 digiis
560 2848 798 2888 cedendum
819 2860 912 2887 esse
931 2847 1119 2887 dicebat.
1152 2847 1256 2886 Oliv.

473 2910 633 2961 Elevat]
660 2910 814 2950 Adhuc
833 2909 967 2960 magis
991 2909 1033 2948 in
1054 2909 1188 2949 altum
1207 2909 1286 2949 tol-

414 2973 466 3012 lit
486 2974 701 3024 propriam
721 2971 1012 3012 autoritatem.

471 3039 576 3088 Opes
597 3036 773 3087 privato]
820 3035 1017 3086 Pompeii
1053 3046 1156 3087 opes
1193 3035 1286 3086 jam

414 3099 680 3150 incoeperant
711 3098 892 3149 majores
915 3109 1010 3136 esse
1029 3109 1155 3149 quam
1183 3097 1287 3136 οἰνί-

415 3174 477 3201 cae
494 3174 507 3210 ;
535 3173 671 3214 neque
690 3161 804 3200 enim
830 3165 1058 3200 contentus
1077 3164 1172 3199 erat
1189 3171 1284 3199 cum

415 3222 585 3263 caeteris
605 3234 725 3274 aequo
738 3222 839 3274 jure
860 3221 1018 3272 vivere,
1044 3220 1119 3260 sed
1140 3232 1283 3260 omnes

415 3285 566 3338 opibus
587 3296 792 3337 superare
812 3281 998 3323 volebat.

467 3347 529 3386 Ab
547 3347 700 3387 ineunte
717 3345 990 3395 adolescentia]
1017 3343 1167 3384 Adhuc
1186 3343 1283 3384 ado-

414 3410 597 3460 lescens,
628 3413 855 3460 antequam
888 3407 1035 3447 consul
1068 3411 1199 3456 esset,
1228 3406 1282 3445 de

416 3469 565 3511 Africa
595 3470 891 3523 triumphavit,
922 3470 1034 3524 quod
1064 3469 1170 3509 nulli
1198 3470 1281 3509 Ro·

999 289 1174 328 NO'I'AE
1219 290 1295 329 vA
1308 291 1550 333 RIORUM
1596 296 1661 335 IN

1358 426 1481 455 mano
1514 416 1568 456 ad
1602 429 1699 456 eum
1731 416 1843 458 diem
1871 419 2102 473 contigisse
2130 422 2234 475 legi-

1365 482 1449 518 tur.

1422 541 1548 581 Unius
1563 543 1659 594 diei]
1689 544 1756 584 Sc.
1775 544 1818 583 in
1837 545 1930 584 acie
1950 546 2213 588 Pharsalica.

1417 602 1466 641 In
1488 605 1675 655 delubris]
1711 606 1853 647 Julius
1890 607 2034 647 Caesar
2071 608 2145 649 lib.
2176 609 2232 648 de

1360 665 1470 706 Bell.
1489 667 1583 707 Civ.
1604 669 1800 719 prodigia
1815 670 1896 709 ista
1913 677 2235 714 commemorat.

1361 728 1485 767 Dicit
1502 730 1612 769 enim
1630 744 1641 770 :
1662 731 1675 753 ‘
1693 731 1817 770 Elide
1833 731 1873 770 in
1894 732 2055 782 templo
2073 733 2234 773 Miner-

1361 801 1424 829 vae
1440 792 1636 842 repetitis
1652 799 1779 844 atque
1792 793 2051 833 enum-eratis
2070 793 2234 845 diebus,

1360 864 1443 903 quo
1479 853 1549 893 die
1582 855 1777 904 praelium
1812 854 2047 895 secundum
2083 855 2233 896 Caesar

1359 912 1484 965 fecit,
1528 915 1826 956 simulachrum
1866 917 2090 967 Victoriae,
2116 918 2232 969 quod

1359 980 1460 1015 ante
1504 977 1640 1029 ipsam
1686 979 1928 1018 Minervam
1975 980 2230 1020 collocatum

1359 1044 1469 1089 erat,
1502 1045 1547 1079 et
1578 1041 1631 1080 ad
1676 1041 1974 1081 simulachrum
2021 1041 2231 1081 Minervae

1360 1100 1600 1152 spectabat,
1619 1102 1672 1141 ad
1695 1103 1838 1141 valvas
1858 1114 1903 1142 se
1922 1102 2072 1154 templi
2085 1102 2232 1142 limen-

1360 1174 1443 1214 que
1474 1165 1763 1204 convertisse:
1796 1164 1948 1204 eodem
1977 1164 2045 1204 die
2076 1163 2230 1205 Antio-

1360 1224 1466 1264 chiae
1504 1225 1548 1264 in
1581 1226 1707 1276 Syria
1739 1226 1802 1266 bis
1835 1230 1979 1266 tantus
2016 1226 2232 1267 exercitus

1360 1288 1522 1327 clamor
1540 1294 1586 1329 et
1603 1290 1818 1341 signorum
1849 1295 1977 1330 sonus
2001 1289 2230 1330 exauditus

1359 1353 1442 1399 est,
1462 1355 1512 1389 ut
1534 1350 1579 1389 in
1610 1362 1751 1390 muros
1778 1357 1942 1391 armata
1972 1352 2127 1391 civitas
2147 1352 2231 1391 dis—

1360 1418 1572 1453 curreret.
1656 1412 1754 1452 Hoc
1798 1413 1912 1452 idem
1958 1413 2230 1454 Ptolemaide

1362 1474 1537 1515 accidit.
1591 1476 1792 1527 Pergami
1822 1475 1864 1515 in
1890 1475 2071 1516 occultis
2101 1482 2147 1517 et
2165 1489 2230 1517 re-

1359 1537 1543 1577 conditis
1564 1539 1751 1589 templis‚
1784 1549 1867 1589 quo
1901 1542 2061 1589 praeter
2087 1550 2228 1578 sacer·

1359 1599 1480 1640 dotes
1519 1601 1638 1640 adire
1672 1601 1794 1641 nefas
1827 1605 1922 1651 est,¹
1947 1613 2042 1652 quae
2081 1601 2228 1644 Graeci

1358 1663 1487 1715 adyta
1501 1667 1735 1717 appellant,
1749 1672 1950 1717 tympana
1963 1664 2229 1708 cecinerunt.

1357 1726 1471 1766 Item
1497 1728 1714 1767 Trallibus
1742 1728 1786 1767 in
1820 1727 1981 1778 templo
2005 1727 2228 1778 Victoriae,

1359 1787 1431 1826 ubi
1451 1789 1631 1828 Caesaris
1651 1794 1834 1828 statuam
1852 1795 2227 1840 consecraverant,

1357 1849 1502 1900 palma
1518 1862 1597 1902 per
1617 1862 1689 1890 eos
1709 1850 1802 1890 dies
1832 1850 1997 1890 intecta
2029 1849 2141 1890 inter
2157 1862 2228 1891 co·

1358 1916 1560 1963 agmenta
1579 1925 1632 1951 ex
1665 1912 1911 1964 pavimento
1940 1911 2132 1953 extitisse
2163 1923 2229 1952 os-

1358 1975 1646 2015 tendebatur.'
1677 1977 1828 2016 Oliver.

1409 2037 1650 2088 Antioc-hice]
1681 2039 1787 2079 Quae
1808 2036 1958 2077 civitas
1987 2042 2056 2077 est
2086 2037 2130 2076 in
2149 2037 2227 2089 Sy·

1357 2097 1436 2147 ria,
1453 2111 1579 2150 quam
1596 2098 1788 2138 condidit
1802 2099 2007 2138 Seleucus
2022 2097 2224 2138 Antiochi

1353 2158 1477 2200 filius.
1529 2159 1755 2199 Sexdecim
1786 2160 1942 2211 alioqui
1969 2160 2095 2200 urbes
2125 2172 2223 2200 con-

1354 2222 1510 2261 didisse
1532 2235 1556 2262 a
1575 2222 1744 2261 nomine
1773 2221 1973 2262 Antiochi
1999 2223 2224 2261 Seleucum

1354 2284 1558 2325 Antiochi
1578 2284 1709 2324 filium
1728 2283 1948 2337 Appianas
1975 2284 2018 2324 in
2035 2284 2224 2335 Syriacis

1354 2351 1477 2388 autor
1495 2353 1578 2388 est.

1406 2411 1668 2463 Ptolemaide]
1693 2413 1801 2454 Quae
1832 2409 1984 2451 civitas
2013 2413 2080 2449 est
2111 2409 2223 2449 Pen-

1353 2475 1546 2526 tapoleos
1565 2475 1678 2515 inter
1697 2475 1927 2526 AEgyptum
1955 2478 2000 2513 et
2020 2471 2223 2522 Africam,

1352 2537 1468 2588 olim,
1513 2537 1696 2577 testibus
1727 2534 1876 2576 Servio
1917 2540 1963 2575 et
1994 2535 2220 2587 Strabone,

1352 2599 1491 2638 Barce
1514 2599 1746 2650 appellata.

1405 2661 1613 2711 Pergami]
1634 2661 1890 2711 Pergamum
1908 2657 2102 2699 Thraciae
2120 2659 2221 2699 urbs

1351 2723 1663 2762 mediterranea
1700 2723 1951 2772 Ptolemaeo,
1986 2722 2221 2773 Pergamus

1350 2790 1493 2825 autem
1513 2785 1713 2836 Phrygiae
1742 2784 1921 2836 Majoris
1954 2782 2054 2823 urbs
2081 2784 2219 2823 eidem

1350 2851 1396 2886 et
1415 2846 1602 2897 Josepho
1619 2846 1730 2887 Bell.
1757 2846 1786 2887 J
1791 2845 1859 2886 ud.
1877 2844 1950 2885 lib.
1970 2856 2022 2886 11.
2038 2857 2135 2896 cap.
2151 2844 2216 2886 10.

1349 2907 1488 2948 Sicuti
1513 2915 1655 2948 autem
1688 2908 1881 2960 Phryges
1909 2920 2006 2948 cum
2039 2907 2216 2947 Germa-

1348 2969 1484 3009 nismo
1510 2971 1643 3009 multa
1668 2969 1904 3010 communia
1933 2969 2127 3009 habuisse
2154 2967 2218 3007 fa-

1349 3031 1431 3071 cile
1449 3032 1617 3084 probari
1637 3036 1794 3083 potest,
1813 3037 1900 3071 tum
1921 3043 1975 3070 ex
1994 3029 2217 3070 Herodoto

1347 3093 1424 3132 lib.
1442 3105 1495 3132 11.
1534 3094 1716 3132 Platone
1729 3093 1773 3132 in
1788 3091 1976 3143 Cratylo‚
1994 3092 2216 3131 Clemente

1348 3154 1659 3205 Alexandrino,
1695 3154 1757 3194 ita
1801 3155 1941 3205 ipsum
1987 3153 2067 3192 hoc
2110 3153 2212 3192 clvi-

1349 3218 1451 3257 tatis
1486 3229 1637 3256 nomen
1671 3217 1751 3256 hoc
1789 3216 1892 3255 satis
1931 3215 2106 3254 indicat.
2172 3213 2215 3253 A

1348 3287 1491 3320 monte
1517 3280 1629 3320 enim
1663 3279 1797 3332 (Berg
1826 3275 2070 3329 Germanis)
2111 3277 2216 3316 Per-

1348 3354 1514 3394 gamum
1530 3342 1708 3381 dictum.

1404 3404 1614 3454 Trallibus]
1642 3402 1758 3442 Urbe
1776 3400 1940 3454 Lydiae,
1969 3404 2043 3440 aut
2069 3399 2211 3451 potius

1347 3467 1544 3519 Phrygiae
1573 3467 1618 3507 in
1652 3465 1805 3506 finibus
1835 3464 1999 3512 Cariae3
2041 3475 2137 3503 nam
2167 3464 2210 3502 iu
