2288 3990
350 272 373 322 1
385 270 488 323 038

350 400 462 440 dium
476 399 597 453 fecit,
609 406 655 441 nt
668 400 1012 454 meminerimus,)
1029 401 1214 443 fanatico

350 462 493 504 furore
532 465 740 515 simulato,
785 466 882 503 dum
926 466 1062 516 Syriae
1106 466 1214 505 Deae

349 538 490 566 comas
518 527 672 578 jactat,
692 528 743 566 ad
773 528 1016 567 libertatem
1036 533 1082 568 et
1102 540 1217 568 arma

350 601 508 637 servos,
528 591 643 641 quasi
670 590 850 629 numinis
879 590 1056 642 imperio
1075 592 1215 631 conci-

351 652 484 700 tavit3
516 652 643 703 idque
664 658 711 691 ut
731 652 932 691 divinitus
953 651 1045 692 fieri
1066 654 1216 704 proba·

350 719 432 763 ret,
465 715 508 753 in
543 727 614 754 ore
643 714 791 755 abdita
823 727 945 766 nuce,
978 727 1103 767 quam
1134 717 1216 755 sul-

350 779 483 829 phure
525 785 570 818 et
615 779 712 829 igne
768 779 1019 830 stipaverat,
1064 780 1217 819 leniter

348 843 573 895 inspirans,
605 842 811 883 flammam
841 844 953 884 inter
976 845 1108 884 verba
1126 844 1217 884 fun·

351 906 493 947 debat.
552 906 647 946 Hoc
666 907 914 947 miraculum
930 908 1111 960 primum
1133 909 1216 949 duo

349 969 479 1008 millia
515 981 568 1009 ex
599 967 749 1018 obviis,
778 982 874 1009 mox
896 970 997 1021 jure
1027 972 1125 1010 belli
1155 983 1216 1010 re-

348 1030 497 1070 fractis
517 1032 758 1082 ergastulis,
788 1032 1008 1082 sexaginta
1037 1033 1216 1084 amplius

347 1094 520 1133 millium
536 1094 902 1134 fecitexercitum:
927 1096 1149 1148 regiisque,
1163 1109 1216 1136 ne

349 1158 446 1210 qnid
477 1158 594 1197 malis
627 1158 811 1208 deesset,
838 1154 1064 1199 decoratus
1089 1159 1218 1210 insig-

348 1221 486 1270 nibus,
505 1222 694 1272 castolla,
723 1222 865 1273 opida,
895 1223 1024 1272 vicos,
1044 1224 1216 1263 misera-

348 1283 423 1323 bili
458 1283 697 1334 direptione
727 1285 926 1324 vastavit.
983 1285 1095 1325 Quin
1115 1284 1217 1324 illud

346 1358 512 1398 quoque
528 1345 740 1397 (ultimum
765 1346 864 1385 belli
881 1346 1090 1399 dedecus)
1118 1359 1216 1398 cap-

347 1414 391 1448 ta
410 1414 508 1447 sunt
526 1414 667 1447 castra
690 1408 927 1447 Praetorum
944 1423 956 1459 ;
993 1421 1071 1449 nec
1089 1411 1218 1450 nomi·

347 1483 448 1511 nare
485 1471 598 1522 ipsos
634 1470 826 1522 pudebit,
861 1477 1003 1511 castra
1037 1472 1218 1523 Manilii,

347 1533 532 1584 Lentuli,
575 1533 757 1583 Pisonis,
803 1534 996 1585 Hypsaei.
1061 1535 1218 1588 Itaque

347 1599 419 1652 qui
439 1611 516 1650 per
544 1597 811 1650 fugitivarios
838 1598 1017 1638 distrahi
1050 1599 1219 1639 debuis-

348 1667 457 1712 sent,
477 1661 699 1713 praetorios
719 1660 866 1712 duces,
886 1660 1091 1712 profugos
1111 1674 1221 1713 prae-

345 1724 419 1774 lio,
438 1725 521 1776 ipsi
537 1724 841 1776 sequebantur.
895 1725 1089 1764 Tandem
1117 1725 1221 1764 Per-

346 1799 489 1838 penna
507 1787 775 1839 Imperatore
807 1788 1061 1838 supplicium
1087 1788 1140 1828 de
1161 1789 1221 1828 eis

346 1857 561 1903 sumptum
597 1856 676 1890 est.
731 1850 818 1890 Hic
851 1852 962 1891 enim
995 1851 1150 1903 victos,
1176 1857 1221 1892 et

347 1915 461 1966 apud
513 1916 676 1954 Ennam
727 1914 954 1954 novissime
1013 1915 1220 1967 obsessos,

347 1990 474 2029 quum
514 1976 630 2016 fame
667 1978 787 2029 quasi
829 1978 1075 2028 pestilentia
1120 1991 1217 2018 con-

346 2041 612 2092 sumpsisset,
639 2039 838 2092 reliquias
866 2041 1074 2080 latronum
1108 2052 1219 2080 com-

348 2102 527 2153 pedibus
560 2108 605 2141 et
636 2102 800 2141 catenis
829 2102 1044 2153 religavit,
1082 2103 1220 2142 cruci-

348 2165 508 2217 busque
545 2164 748 2216 punivit:
793 2162 957 2216 fuitque
992 2165 1046 2204 de
1088 2165 1221 2205 servis

349 2230 547 2270 ovatione
584 2233 827 2280 contentus„
868 2241 923 2268 ne
967 2229 1220 2280 dignitatem

348 2293 552 2344 triumphi
573 2292 764 2332 violaret.
800 2292 871 2331 Ita
886 2291 1035 2332 Florus
1055 2292 1129 2334 lib.
1147 2304 1220 2333 111.

348 2359 476 2396 c.⁷19.

406 2418 761 2459 Taurominitanam
805 2418 952 2471 arcem]
1005 2421 1221 2460 Tauromi-

347 2483 463 2523 nium
482 2495 602 2523 mons
621 2488 686 2522 est
703 2482 878 2530 Siciliae,
897 2488 942 2522 et
961 2495 1086 2534 supra
1104 2483 1221 2524 illam

349 2546 516 2591 civitas,
552 2557 678 2597 quam
707 2546 990 2585 Romanorum
1013 2547 1222 2587 coloniam

348 2620 441 2647 esse
477 2607 586 2647 dixit
623 2607 900 2647 Ptolemaeus.
973 2608 1032 2646 At
1065 2608 1222 2648 Strabo

348 2671 513 2721 urbem,
532 2682 614 2709 non
630 2674 815 2709 montem
834 2681 927 2709 esse
942 2670 1132 2710 ostendit
1146 2671 1221 2712 lib.

350 2745 435 2774 vn.
456 2746 552 2774 cum
579 2733 708 2772 dicit:
738 2734 749 2755 ‘
766 2732 904 2772 Urbes
940 2745 1042 2773 vero
1070 2740 1225 2775 extant

351 2796 404 2836 ad
441 2796 553 2836 latus
590 2795 793 2846 Euripum
823 2793 1011 2834 efficiens
1042 2796 1224 2846 primum

351 2860 570 2909 Messana,
617 2857 772 2897 deinde
814 2858 1132 2898 Taurominium
1179 2866 1225 2900 et

351 2923 514 2963 eatana
533 2925 578 2961 et
594 2920 848 2972 Syracusae,'
871 2923 951 2961 &c.
1006 2922 1224 2963 Coloniam

351 2992 494 3028 autem
532 2986 770 3025 Romanam
812 2983 959 3038 fuisse,
1008 2987 1089 3026 alio
1130 2988 1225 3028 loco

351 3048 541 3088 ostendit
573 3047 722 3087 eodem
754 3047 829 3087 lib.
863 3048 935 3087 nbi
962 3048 1094 3089 dicit:
1126 3050 1224 3090 ‘ci-

353 3112 464 3151 vitas
493 3115 635 3150 antem
663 3109 977 3162 frequentiores
1005 3111 1134 3151 habet
1161 3124 1227 3152 ac-

354 3175 482 3226 colas,
516 3185 641 3226 quam
672 3173 851 3222 Catana,
872 3184 968 3212 nam
997 3174 1226 3224 etliabita-

354 3245 468 3279 tores
478 3237 648 3278 admisit
659 3238 873 3277 Romanos
888 3238 1110 3290 plurimos,
1122 3250 1225 3290 pau·

355 3302 492 3342 ciores
529 3306 672 3341 autem
706 3313 835 3354 quum
877 3306 1059 3354 utraque
1095 3301 1227 3341 habet

354 3362 696 3404 'ram-ominium!
751 3363 902 3403 Fuisse
930 3368 1071 3404 antem
1102 3376 1225 3404 occu-

357 3433 503 3477 patam
537 3439 562 3466 a
591 3426 798 3478 fugitivis,
830 3427 929 3466 alibi
958 3427 1145 3467 ostendit
1163 3427 1226 3466 his

358 3490 526 3532 verbis:
553 3491 566 3513 ‘
583 3491 727 3530 Eunus
746 3501 840 3530 cum
864 3488 1053 3542 fugitivis
1072 3487 1227 3529 obsidi-

922 284 1096 324 NOTAE
1136 285 1461 326 VARIORUM
1502 286 1567 326 IN

1282 415 1362 443 one
1392 415 1574 455 pressus,
1597 403 1724 455 illam,
1754 402 1866 457 (scil.
1887 404 2068 452 AEtnam,
2086 403 2142 444 de

1280 481 1362 520 qua
1380 468 1600 520 loquitur,)
1633 470 1858 520 praecipuis
1883 467 2029 508 affecit
2059 469 2144 509 cla·

1280 532 1415 582 dibus,
1467 533 1621 584 vixque
1657 532 1827 571 tandem
1873 545 1898 571 a
1943 533 2142 571 Romanis

1280 597 1413 634 evulsi
1450 601 1574 644 sunt3
1613 595 1762 635 eadem
1806 595 1916 634 mala
1949 583 2143 646 perpessi

1280 659 1536 698 Catanenses
1555 664 1599 698 et
1617 658 1964 709 Taurominitani‚
1989 657 2144 710 aliique

1279 720 1543 770 complures!
1575 721 1721 760 Oliver.

1333 784 1354 833 ἕ
1382 785 1407 822 4
1435 784 1543 834 Jam,
1558 783 1644 833 ὅπη]
1674 783 1865 834 Contigit
1883 782 1936 823 A.
1956 783 2012 824 U.
2030 793 2104 823 nx.-

1336 846 1382 883 C.
1407 847 1538 894 Cotta,
1555 846 1643 898 Esca]
1671 847 1721 886 C.
1736 847 1862 886 Cotta
1874 847 2029 886 Consul
2047 857 2144 887 cum

1281 907 1568 958 Liparitanam
1591 910 1777 949 Insulam
1797 908 2031 959 obsideret,
2058 909 2146 949 ani-

1279 971 1512 1012 madvertit
1546 985 1626 1012 non
1673 979 1792 1012 recte
1829 972 2147 1012 tabernaculum

1279 1041 1449 1085 captum
1469 1047 1585 1074 esse:
1614 1036 1744 1086 igitur
1774 1049 1868 1076 cum
1898 1035 1950 1074 ad
1982 1041 2147 1075 restau-

1279 1097 1412 1136 randa
1432 1098 1618 1149 auspicia
1632 1099 1767 1139 iturus
1787 1104 1913 1147 esset,
1937 1099 1991 1138 P.
2011 1097 2149 1138 Aure·

1279 1160 1377 1198 lium
1398 1161 1601 1212 sanguine
1633 1155 1712 1201 sibi
1741 1161 2011 1213 conjunctum
2037 1159 2148 1200 obsi-

1280 1223 1395 1262 dioni
1415 1223 1636 1275 praefecit:
1665 1226 1844 1277 quicum
1860 1223 2147 1274 negligentius

1280 1286 1435 1325 milites
1453 1287 1494 1325 in
1515 1287 1642 1326 armis
1666 1287 1900 1336 habuisset,
1925 1297 2002 1337 per
2022 1297 2146 1336 erup-

1279 1348 1436 1387 tionem
1452 1349 1653 1400 oppidani
1672 1350 1822 1388 vallum
1838 1347 2033 1388 incendio
2046 1359 2149 1387 con-

1278 1416 1562 1462 sumpserunt,
1576 1415 1621 1450 et
1637 1423 1747 1462 pene
1766 1414 1905 1450 castra
1923 1415 2149 1460 ceperunt,

1281 1479 1326 1513 et
1344 1473 1398 1513 ob
1429 1474 1539 1513 hanc
1569 1485 1738 1513 causam
1763 1472 1920 1513 Consul
1939 1482 2151 1522 reversus,

1281 1549 1328 1576 re
1347 1537 1531 1588 cognita,
1550 1537 1602 1577 P.
1618 1536 1832 1576 Aurelium
1853 1535 1979 1586 virgis
1991 1545 2153 1575 caesum

1280 1600 1394 1641 inter
1413 1600 1580 1652 pedites
1596 1600 1798 1639 militares
1814 1597 1966 1648 coegit.
1998 1597 2105 1637 01:²12.

1332 1664 1596 1715 Liparitanoe]
1638 1664 1792 1715 Lipare
1816 1674 1901 1702 una
1918 1667 1986 1702 est
2003 1674 2056 1701 ex
2076 1661 2148 1702 In-

1281 1728 1382 1767 sulis
1418 1729 1579 1778 AEoliis,
1608 1728 1728 1779 cujus
1758 1727 1923 1766 Solinus
1949 1737 2031 1765 una
2053 1737 2151 1766 cum

1283 1790 1452 1843 reliquis
1480 1792 1737 1830 mentionem
1766 1789 1885 1836 facit,
1916 1794 1961 1830 et
1990 1783 2153 1839 omnes,

1283 1859 1381 1894 sunt
1413 1859 1556 1894 autem
1583 1858 1771 1906 septem„
1785 1865 1861 1893 suo
1884 1852 2054 1895 nomine
2079 1851 2152 1892 de·

1282 1917 1452 1958 scribit.

1334 1980 1575 2032 Messanam]
1616 1981 1695 2020 Est
1726 1979 1820 2019 haee
1858 1978 1955 2018 urbs
1993 1977 2151 2018 Siciliae

1282 2043 1439 2083 Peloro
1459 2044 1662 2096 proxima,
1679 2055 1704 2082 a
1722 2042 1948 2082 Messeniis
1978 2039 2155 2082 Achaiae

1283 2107 1450 2157 populis
1469 2106 1658 2155 condita,
1689 2111 1733 2145 et
1753 2118 1778 2145 a
1797 2105 1964 2144 nomine
1991 2103 2152 2143 relictae

1281 2169 1367 2209 illis
1385 2169 1513 2208 Urbis
1528 2169 1590 2209 ita
1607 2168 1892 2208 denominata.
1929 2166 2042 2206 Vide
2055 2166 2156 2206 Clu-

1281 2232 1371 2271 veri
1386 2232 1587 2272 Siciliam.

1338 2297 1450 2342 Quod
1481 2295 1564 2345 qius
1596 2297 1710 2346 culpa
1736 2305 1861 2344 agger
1880 2290 2076 2342 incensus]
2103 2289 2155 2331 Iu

1283 2359 1509 2411 CampenS.
1529 2358 1684 2398 Atreb.
1700 2370 1750 2397 ac
1770 2355 2067 2396 Pulmannian.
2084 2366 2156 2404 ng-

1278 2435 1364 2474 ger,
1378 2434 1477 2473 non,
1490 2432 1609 2472 ager.-
1629 2420 1760 2459 multo
1779 2419 1954 2459 rectius.
1985 2417 2158 2470 Aggere

1283 2487 1394 2525 enim
1434 2490 1479 2525 et
1514 2485 1624 2523 vallo
1665 2481 1967 2522 muniebantur
2001 2485 2159 2528 castra,

1282 2548 1434 2599 quibus
1464 2545 1646 2585 incensis
1677 2555 1787 2595 pene
1816 2546 1947 2592 capta
1973 2535 2160 2580 fuerant.

1282 2609 1420 2660 Atqui
1457 2620 1509 2648 ex
1557 2606 1704 2660 quavis
1752 2603 1933 2646 materia
1982 2607 2159 2655 aggesta

1282 2671 1443 2712 fiebant
1475 2681 1678 2722 aggeres3
1708 2669 1797 2707 sive
1827 2672 1959 2718 terra,
1978 2664 2158 2718 lapides,

1284 2734 1447 2784 trabes,
1476 2730 1614 2771 fasces
1644 2737 1802 2779 essent,
1818 2729 1906 2769 sive
1923 2728 2017 2767 haec
2035 2727 2160 2766 simul

1285 2802 1552 2835 coacervata.
1606 2794 1721 2836 Quid
1738 2793 1850 2832 idem
1869 2796 2017 2831 noster
2033 2791 2161 2830 Vale·

1287 2858 1396 2898 rins?
1425 2869 1534 2897 anne
1551 2857 1711 2898 Julium
1733 2856 1964 2905 Caesarem,
1984 2865 2080 2893 cum
2097 2864 2163 2892 ar-

1287 2922 1365 2961 mis
1401 2921 1608 2960 Mundam
1646 2918 1883 2968 clausisset,
1911 2917 1954 2956 in
1986 2915 2160 2955 alterius

1287 2984 1474 3024 materiae
1493 2983 1637 3034 inopia
1665 2993 1718 3020 ex
1737 2979 2017 3020 cadaveribus
2034 2990 2164 3030 agge·

1288 3059 1378 3087 rem
1398 3047 1641 3086 extruxisse
1660 3044 1840 3084 scribit?
1871 3042 1944 3082 lib.
1962 3052 2046 3081 vn.
2061 3053 2161 3093 eap.

1288 3113 1328 3151 7.
1367 3108 1637 3160 Astipulatur
1672 3106 1770 3146 huic
1803 3110 1960 3144 nostrae
1995 3115 2164 3144 correc-

1289 3171 1394 3212 tioni
1414 3172 1515 3211 item
1534 3170 1676 3211 Julius
1696 3167 1925 3209 Frontinus
1945 3167 2164 3217 Stratege·

1287 3240 1450 3274 matum
1485 3234 1559 3274 lib.
1591 3245 1658 3272 lv.
1696 3237 1741 3272 et
1776 3231 1875 3284 quia
1911 3231 1990 3270 hoc
2025 3230 2164 3282 ipsum

1290 3297 1534 3347 exemplum
1553 3295 1789 3348 disciplinae
1815 3292 2010 3332 militaris
2038 3304 2092 3337 ex
2108 3293 2164 3331 is-

1291 3364 1336 3399 to
1368 3359 1530 3399 Valerii
1560 3359 1655 3398 loco
1685 3357 1834 3396 iisdem
1874 3367 1983 3407 pene
2021 3354 2162 3394 verbis

1290 3421 1556 3462 transtulisse
1573 3421 1758 3470 videtur,
1776 3431 1858 3459 non
1885 3420 2165 3469 incongruum

1291 3486 1372 3526 erit
1400 3485 1468 3525 hic
1501 3484 1754 3536 adjungere:
1784 3481 1933 3523 ‘Idem
1967 3478 2166 3534 [Cotta,’·]
