2320 4004
348 259 489 314 1142

344 401 596 433 ccccnxxx.

397 456 544 496 Decem
562 454 669 504 aeris,
695 457 736 493 et
753 453 918 504 quinque
934 453 1058 503 pondo
1077 463 1216 501 urgen-

345 520 394 570 ei,
420 521 653 570 totidemque
685 530 814 558 servos
838 516 913 556 sibi
929 515 1083 567 missos]
1112 516 1215 557 Gel-

342 584 423 623 lius
443 582 514 622 lib.
533 593 565 622 1.
583 593 621 621 c.
639 583 701 620 14.
720 580 845 631 hujus
864 578 1051 619 historiae
1069 577 1214 618 memi-

341 647 406 685 nit
423 658 474 684 ex
486 643 603 685 Julio
617 642 808 694 Hygino,
824 641 898 682 sed
919 653 999 681 non
1015 652 1216 692 expressa

342 719 520 755 summa,
575 703 782 756 grandem
831 704 1058 756 pecuniam
1102 703 1214 744 dono

340 770 525 810 oblatam
547 767 726 808 scribit:
753 779 899 806 verum
921 761 1046 819 quam
1074 766 1213 806 tenuis

338 834 428 871 haec
465 842 627 870 summa
653 830 906 870 Valeriana!
933 843 1029 883 quae
1050 831 1214 882 procul-

338 894 483 944 dubio,
511 886 778 934 numerorum
811 894 923 933 notis
949 892 1212 939 interversis,

339 962 406 997 est
437 956 675 1008 depravata
694 970 707 997 ε
753 961 941 996 attamen
978 969 1032 996 ex
1069 967 1211 995 mann-

340 1020 515 1071 scriptis
553 1019 671 1072 quod
703 1018 894 1059 adferam
930 1019 1081 1058 melius
1127 1030 1211 1058 non

335 1084 486 1124 habeo.
503 1083 827 1124 Gemblacensis
841 1084 949 1124 liber
969 1094 1049 1124 xv.
1071 1082 1211 1135 pondo

920 271 1094 310 NOTAE

258 1156 263 1161 ·
337 1147 506 1200 argenti
526 1147 680 1198 prodit.
710 1147 892 1196 Pighius.

393 1210 641 1261 Totidemque
657 1209 806 1260 servos]
835 1209 1034 1261 Quinque
1054 1220 1213 1249 servos·

390 1273 612 1323 Somnium]
657 1272 793 1324 Regio
831 1272 970 1311 Italiae
1009 1272 1052 1311 in
1088 1272 1214 1311 Cala-v

337 1337 441 1377 bria.

385 1399 576 1451 Legatus]
623 1400 808 1450 Legatus
846 1397 899 1437 ad
937 1398 1150 1450 Pyrrhum
1187 1411 1211 1438 a

334 1465 496 1504 Senatu
530 1462 772 1514 populoque
810 1460 939 1501 Rom.
967 1462 1134 1513 missus,
1165 1469 1211 1502 ut

335 1530 481 1578 ageret
496 1537 592 1565 cum
612 1536 712 1576 rege
729 1525 782 1564 de
803 1525 1117 1577 permutatione
1135 1538 1211 1565 seu

335 1587 631 1639 redemptione
654 1587 934 1638 captivorum.
966 1589 1070 1628 oliv.
1101 1590 1211 1630 Con-

334 1653 434 1704 tigit
454 1652 506 1692 A.
525 1651 582 1691 U.
598 1658 866 1691 ccccnxxtv.

390 1716 593 1761 Quendam
640 1712 933 1764 Atheniensem]
987 1714 1074 1756 Qui
1123 1715 1212 1754 sine

335 1779 466 1820 dubio
483 1777 566 1818 fuit
585 1778 810 1830 Epicurus.

390 1844 497 1883 Nam
527 1854 612 1893 quae
637 1840 749 1891 urbs]
777 1840 950 1881 Scilicet
967 1841 1213 1882 Taren-tum.

334 1909 566 1948 Possumus
585 1905 825 1956 intelligere
838 1904 915 1944 hoc
929 1904 1012 1944 dici
1033 1904 1087 1943 de
1107 1905 1213 1945 urbe

333 1970 614 2015 Athenarum,
631 1979 723 2019 quae
736 1965 819 2006 fuit
834 1967 930 2005 olim
944 1966 1075 2006 totius
1089 1966 1212 2006 Grae·

335 2035 414 2074 eiae
442 2032 620 2084 imperio
651 2030 805 2083 potita,
833 2035 878 2069 et
907 2041 1035 2082 quum
1055 2029 1212 2069 deinde

335 2098 379 2137 in
408 2097 656 2137 servitutem
691 2094 865 2134 redacta
883 2092 1011 2144 foret,
1028 2106 1120 2133 eam
1140 2106 1211 2146 po-

334 2160 460 2212 pulus
475 2160 694 2199 Romanus
704 2158 747 2197 in
759 2157 1003 2198 libertatem
1016 2157 1212 2198 asseruit.

337 2223 443 2263 Oliv-

395 2286 495 2330 Quoe
513 2282 659 2333 labore]
686 2281 739 2322 Id
759 2287 839 2333 est,
860 2283 1007 2322 Roma.

387 2349 409 2398 ᾧ
429 2351 453 2387 7
486 2346 600 2386 Curii
614 2349 652 2385 et
676 2343 920 2395 Fabricing.
941 2345 1105 2395 AElium,
1125 2344 1214 2397 ξα]

337 2412 424 2452 Hic
443 2410 588 2451 consul
608 2409 720 2449 bello
734 2407 1018 2448 Macedonico
1031 2407 1128 2460 fnit,
1143 2411 1212 2460 qui

333 2486 462 2526 quum
487 2472 746 2524 provinciam
774 2472 888 2511 illam
908 2472 1220 2523 propemodum

336 2537 529 2576 Romano
562 2534 803 2586 subegisset
838 2534 1032 2585 imperio,
1055 2536 1214 2576 AEtolo-

337 2612 431 2640 rum
465 2600 596 2651 legati
633 2598 687 2638 de
725 2598 906 2638 victoria
943 2601 1213 2650 gratulaturi,

336 2663 454 2717 (nam
479 2669 581 2703 tunc
617 2662 747 2702 AEtoli
779 2662 983 2701 Romanis
1012 2665 1215 2704 societate

338 2723 593 2777 conjuncti‚)
630 2725 684 2764 ad
717 2736 812 2765 eum
847 2725 890 2764 in
918 2733 1063 2766 castra
1091 2738 1215 2767 vene·

340 2795 452 2829 runt.
485 2788 633 2828 Oliver.

395 2851 652 2902 Tuberonem]
680 2851 764 2891 Hic
783 2851 953 2891 Tubero
974 2851 1038 2891 vir
1057 2851 1214 2903 probus

341 2920 387 2955 et
413 2914 662 2966 reipublicae
693 2914 1005 2953 amantissimus
1025 2913 1123 2962 fuit,
1143 2914 1216 2967 qni

337 2979 390 3018 T.
418 2977 680 3026 Gracchum,
713 2988 893 3028 quocum
925 2989 1086 3016 summa
1113 2977 1215 3016 ami·

339 3042 444 3081 citia
462 3046 555 3080 erat
574 3039 840 3091 conjunctus,
871 3040 938 3080 ubi
972 3040 1215 3092 reipublicae

339 3117 427 3145 suae
463 3103 747 3156 perniciosum
776 3103 911 3143 civem
939 3115 1032 3143 esse
1061 3115 1218 3156 cogno-

341 3170 414 3220 vit,
449 3168 493 3208 in
522 3168 734 3208 seditione
767 3167 971 3219 deseruit,
1005 3174 1131 3220 atque
1168 3169 1215 3208 il-

337 3232 419 3272 lius
437 3232 612 3272 consilia
627 3232 899 3270 vehementer
914 3231 1184 3283 improbavit.

397 3296 633 3347 Cognomine
653 3294 813 3345 Catum]
842 3294 1004 3335 Scribit
1035 3295 1110 3336 lib.
1130 3296 1217 3336 Da-

343 3360 442 3399 niel.
471 3359 692 3409 cognomine
713 3357 941 3398 Gentilium.
967 3358 1099 3399 alius:
1140 3360 1217 3399 Ca·

345 3424 480 3462 tulum.
536 3421 651 3462 Edit.
679 3422 837 3462 Venet.
878 3422 1087 3463 Cotztllum.
1133 3422 1215 3462 Sed

343 3487 434 3526 haec
450 3485 588 3525 omnia
603 3496 628 3525 a
641 3483 939 3536 nugivendulis
952 3484 1152 3526 librariis.
1171 3485 1214 3525 Is

1137 270 1470 312 VARIORUM
1513 271 1576 312 IN

1278 388 1412 441 igitur
1427 390 1584 430 Sextus
1605 389 1737 430 AElius
1758 390 1889 431 Catus
1909 392 1997 443 est,
2008 391 2062 431 de
2075 400 2167 445 qno

1278 463 1423 491 versus
1439 453 1564 493 Ennii
1581 451 1742 494 factus:
1775 455 1788 476 ‘
1803 454 1989 506 Egregie
2008 455 2170 495 corda-r

1277 520 1343 556 tus
1361 515 1485 556 homo
1505 516 1638 556 Catus
1657 515 1790 556 AElius
1818 516 2003 556 δεκίης]
2031 525 2158 569 quem

1279 587 1444 618 versum
1473 579 1536 619 bis
1558 579 1662 620 citat
1682 579 1849 620 Cicero.
1894 579 2016 620 Idem
2035 580 2158 632 Epis·
2192 623 2194 625 ,

1277 642 1364 681 tola
1394 642 1574 694 quadam
1605 643 1658 682 ad
1690 643 1938 683 Trebatium
1974 642 2157 683 eundem

1275 704 1441 744 Sextum
1459 705 1612 745 AElium
1640 710 1782 756 vocat,
1803 717 1884 746 non
1904 712 1952 746 ut
1981 707 2042 747 ibi
2063 718 2159 746 cor-

1274 776 1504 819 ruperunt,
1530 768 1750 808 AEmilium.
1806 769 1906 809 Fuit
1934 770 2003 809 hic
2023 769 2157 810 AElius

1272 830 1620 880 Jureconsnltus‚
1651 831 1770 882 cnjus
1797 831 2035 882 Tripertita
2065 833 2156 872 lau-

1274 892 1351 932 dat
1386 892 1647 945 Pomponius
1677 892 1758 933 JC.
1780 895 1838 933 D.
1865 894 1918 934 de
1942 894 2045 945 orig.
2069 894 2159 946 Jur.

1273 956 1474 996 Meminit
1512 956 1634 1008 hujus
1671 956 1836 996 Plinius
1873 965 2040 1009 quoque
2077 956 2159 997 131».

1274 1030 1447 1060 xxxin.
1477 1031 1572 1072 cap.
1605 1024 1669 1061 11.
1723 1021 1848 1060 Vixit
1882 1021 1989 1060 alins
2021 1021 2156 1062 Catus

1274 1083 1407 1123 AElius
1430 1085 1615 1136 Augusti
1635 1097 1742 1136 aevo,
1754 1097 1878 1138 quem
1899 1096 1982 1124 non
2001 1085 2163 1126 dubito·

1273 1146 1392 1186 illum
1429 1160 1539 1197 esse,
1588 1160 1712 1200 quem
1757 1151 1850 1188 7⁰0.
1888 1148 2078 1188 homine!
2113 1149 2156 1188 in

1273 1210 1493 1251 Thraci-am
1514 1210 1688 1250 duxisse
1703 1222 1777 1250 sno
1794 1216 1985 1263 tempore
1999 1205 2157 1252 Strabo

1275 1272 1410 1313 refert
1430 1274 1502 1313 lib.
1523 1285 1629 1313 vm.
1696 1273 1792 1314 Nec
1822 1283 1993 1325 possum
2015 1272 2157 1314 adhue

1275 1336 1536 1387 cogitatione
1556 1337 1642 1376 nlla
1660 1336 1878 1388 indipisci,
1890 1335 1993 1388 quid
2013 1346 2156 1376 causa

1274 1399 1425 1451 fuerit,
1452 1412 1582 1452 quare
1607 1399 1916 1439 eruditissimus
1943 1398 2158 1440 Canobo-⁷·

1275 1475 1352 1502 nus
1371 1464 1482 1503 hune
1512 1463 1663 1503 AEh‘um
1696 1463 1866 1514 penitus
1894 1461 2158 1513 ignorarese

1274 1524 1487 1577 adfirmet,
1521 1531 1566 1566 et
1603 1538 1682 1577 pro
1707 1534 1758 1564 eo
1790 1523 2021 1564 substituat
2047 1523 2156 1564 Lici·-

1275 1588 1382 1627 nimm
1406 1588 1609 1638 Crassum,
1624 1587 1748 1628 nimis
1767 1586 1905 1627 libera
1923 1588 2156 1629 correctio·

1275 1662 1340 1691 ne.
1373 1651 1547 1690 Colerus.

1329 1712 1568 1764 AEtolorum]
1609 1713 1762 1753 AEtolia
1796 1713 1914 1765 regio
1951 1713 2155 1765 contigua

1275 1775 1546 1828 Acarnaniae,
1591 1777 1872 1829 Phocidiqne‚
1908 1783 1953 1818 et
1996 1778 2158 1818 Locris.

1275 1840 1402 1880 Hanc
1431 1846 1574 1881 autem
1605 1840 1659 1879 ab
1680 1839 1922 1879 Acarnania
1940 1839 2154 1880 Achelous

1275 1902 1425 1943 fluvius
1444 1909 1627 1955 separat.
1659 1903 1767 1944 Oliv.
1942 1945 1946 1947 ,

1329 1969 1396 2020 §8
1422 1968 1546 2008 Perse
1580 1969 1690 2020 rege]
1719 1967 1977 2008 Plutarchus
2011 1972 2154 2008 tamen

1275 2029 1383 2070 dicit
1427 2030 1633 2082 quosdam
1679 2041 1732 2069 ex
1779 2042 1830 2069 ea
1880 2029 2027 2082 praeda
2072 2029 2158 2069 sibi

1275 2093 1502 2133 retinuisse
1534 2094 1713 2135 libellos.
1777 2092 1972 2147 Contigit
2004 2093 2060 2135 A.
2094 2094 2153 2135 U.

1277 2167 1525 2198 nnxxxvn.

1270 2220 1272 2222 ’
1333 2219 1513 2270 Tributt]
1536 2218 1737 2260 Pecuniae
1757 2231 1835 2271 per
1862 2218 2049 2270 singulas
2077 2219 2157 2260 tri-

1276 2281 1352 2322 bus
1372 2283 1413 2321 in
1434 2282 1676 2335 stipendum
1693 2283 1875 2322 militare
1891 2290 2098 2335 erogatae.

1329 2347 1350 2397 ᾧ
1372 2350 1397 2385 9
1426 2349 1553 2398 Atque
1573 2346 1663 2386 huic
1689 2346 1828 2397 animi,
1845 2345 1931 2397 ξω]
1956 2345 2162 2387 ,Iustinus-

1274 2409 1385 2449 libro
1405 2419 1541 2450 xvnr.
1561 2411 1684 2460 dicit,
1703 2408 1814 2462 quod
1835 2409 1960 2449 missa
1980 2421 2005 2448 a
2022 2409 2154 2449 Sena-

1276 2479 1323 2514 tu
1361 2474 1403 2514 in
1435 2475 1665 2527 AEgyptum
1700 2475 1937 2526 legatione,
1967 2485 2063 2516 cum
2093 2474 2156 2513 in·

1276 2537 1423 2589 gentia
1442 2537 1522 2578 sibi
1541 2550 1565 2576 a
1583 2539 1820 2578 Ptolemaeo
1849 2549 1951 2590 rege
1980 2548 2156 2577 munera

1276 2600 1551 2651 sprevissent,
1570 2600 1811 2651 interjectis
1830 2600 1979 2640 diebus
1997 2599 2050 2639 ad
2071 2611 2155 2640 coe-

1276 2675 1371 2702 nam
1400 2663 1592 2703 invitatis
1629 2675 1769 2703 aureae
1803 2674 1975 2703 coronae
2011 2663 2153 2703 missae

1276 2729 1390 2776 sunt,
1404 2738 1508 2778 quas
1528 2725 1591 2765 illi
1610 2726 1778 2765 honoris
1799 2727 1937 2778 gratia
1954 2731 2155 2778 receptas

1278 2794 1450 2839 postero
1463 2787 1535 2828 die
1549 2787 1703 2828 statuis
1717 2785 1828 2840 regis
1844 2787 2152 2840 imposuerunt.

1281 2851 1389 2891 Oliv.

1333 2916 1385 2960 Q.
1413 2914 1562 2955 Fabius
1591 2915 1763 2966 Gurges,
1797 2915 1872 2955 Cu.
1909 2914 2027 2955 Fabii
2058 2914 2155 2955 Pie·
2190 2928 2196 2932 ·

1277 2982 1394 3033 tores,
1415 2979 1465 3024 Q.
1497 2978 1692 3029 Ogulnius
1715 2977 2040 3030 subscripserunt]
2069 2977 2153 3017 Mi-

1278 3040 1395 3082 rifice
1413 3046 1700 3093 corruperunt
1717 3042 1810 3081 haec
1829 3042 2066 3092 legatorum
2085 3052 2156 3081 no-

1276 3106 1391 3145 mina
1408 3106 1589 3157 librarii,
1613 3117 1708 3158 quae
1736 3105 1838 3145 item
1867 3103 2085 3144 variantur
2110 3102 2154 3142 in

1277 3167 1600 3220 Manuscriptis.
1637 3168 1690 3207 In
1715 3165 1870 3207 Jacobi
1903 3163 2014 3205 Susii
2044 3165 2155 3206 libro

1278 3230 1535 3282 posteriores
1569 3228 1654 3268 duo
1682 3234 1904 3277 vocantur,
1930 3226 1983 3272 Q.
2004 3227 2153 3267 Nume-

1278 3295 1361 3334 rius
1377 3294 1529 3343 Pictor,
1547 3293 1598 3338 Q.
1621 3290 1820 3342 Ogolinus.
1858 3289 1909 3329 In
1925 3289 2155 3330 Pulmauni

1276 3359 1381 3398 item
1417 3357 1566 3398 eodem
1604 3354 1742 3396 modo.
1812 3353 1864 3392 In
1895 3353 2153 3405 Cauchiano,

1280 3420 1538 3471 coloniensi,
1552 3418 1906 3470 etWiucbeliano,
1920 3418 1994 3457 Cu.
2011 3417 2156 3459 Fabius

1280 3485 1431 3535 Pictor,
1456 3485 1507 3530 Q.
1552 3482 1754 3533 Ugolinus.
1821 3481 1871 3521 In
1912 3482 2160 3536 campensi,
