2346 3996
424 308 562 362 13:32

420 440 560 479 aureis
590 439 819 492 sericisque
851 440 1066 492 tentoriis,
1096 441 1174 481 sub
1205 442 1296 494 ipso

417 499 517 541 freti
533 514 759 553 murmure,
774 515 868 542 cum
881 503 996 543 inter
1005 502 1166 544 fluenta
1180 505 1295 545 tibiis

418 564 657 618 fidibusque
693 568 957 618 concineret,
1009 569 1174 610 collatis
1222 582 1294 610 uu-

416 628 559 681 dique,
577 631 765 681 quamvis
782 643 858 682 per
873 630 1080 683 hyemem,
1100 632 1218 684 rosis,
1239 645 1293 674 ne

414 702 499 730 non
520 693 662 745 aliquo
682 693 835 733 ducem
858 706 1014 746 genere
1028 708 1157 747 agere
1177 697 1292 737 vide-

414 762 548 805 retur,
560 757 743 796 virorum
762 769 1076 810 puerorumque
1094 759 1289 800 delectus

412 816 615 860 habebat.
642 820 786 859 Talem
807 832 909 871 ergo
929 832 1070 872 regem
1084 821 1174 872 jam
1194 822 1289 861 lux-

411 881 507 920 uria
534 882 794 922 debellatum
842 896 941 935 pop.
991 885 1116 924 Rom.
1152 885 1288 936 primo

410 943 567 985 Attilio
605 946 840 986 Glabrione
893 948 1086 998 consule,
1135 948 1288 989 deinde

411 1007 614 1059 Scipione
628 1008 814 1050 Asiatico
827 1023 924 1050 cum
935 1009 1068 1051 fratre
1081 1009 1287 1052 Africano

409 1070 554 1122 legato
573 1071 768 1124 ducibus,
785 1073 910 1113 facile
930 1075 1165 1126 superavit.
1198 1075 1287 1115 Hic

408 1146 503 1186 rex,
514 1136 772 1176 incredibile
787 1138 922 1187 dictu,
937 1138 1088 1190 quibus
1100 1139 1286 1189 auxiliis,

408 1199 561 1251 quibus
595 1200 726 1251 copiis
762 1201 1047 1240 consederat:
1088 1207 1285 1241 trecenta

407 1262 543 1302 millia
559 1263 768 1313 peditum,
806 1263 994 1315 equitum
1011 1262 1282 1303 falcatorum-

382 1322 491 1376 'que
524 1337 724 1366 curruum
761 1338 845 1365 non
894 1325 1033 1365 minor
1063 1338 1282 1378 numerus,

405 1386 644 1438 elephantis
659 1388 714 1427 ad
730 1388 810 1427 hoc
830 1388 1044 1428 immensae
1074 1389 1282 1441 magnitu-

406 1448 517 1489 dinis
536 1462 653 1498 auro,
673 1462 877 1502 purpura,
908 1457 1104 1503 argento,
1140 1459 1185 1491 et
1205 1464 1280 1492 suo

404 1512 536 1554 ebore
583 1514 843 1565 fulgentibus
890 1515 1026 1556 aciem
1069 1516 1279 1569 utrimque

403 1577 652 1619 vallaverat.
678 1578 785 1618 oliv.

459 1640 701 1692 Textitibus]
730 1641 986 1681 Intertextis
1020 1653 1074 1682 ex
1102 1654 1204 1683 auro
1235 1649 1281 1684 et

401 1710 598 1757 argento,
625 1716 741 1744 more
761 1705 990 1745 aulaeorum
1011 1712 1279 1758 sumptuoso-

402 1780 510 1810 rum.

456 1834 479 1884 ᾧ
508 1837 531 1872 5
561 1833 655 1872 Jam
676 1831 925 1882 Ptolemaeus,
956 1833 1042 1884 ξω]
1083 1831 1168 1872 Hic
1197 1831 1280 1872 fuit

399 1895 664 1935 Ptolemaeus
685 1895 924 1945 Euergetes
943 1894 1168 1946 secundus,
1189 1895 1278 1947 qui,

399 1963 511 1999 teste
542 1958 757 1999 Strabone
776 1958 882 1997 libro
913 1968 1026 1998 xvn.
1079 1958 1278 2010 Physcon

399 2023 539 2063 dictus
568 2021 678 2071 fuit3
713 2034 811 2062 nam
832 2034 856 2061 a
878 2022 1015 2073 primo
1047 2022 1276 2073 Euergete,

399 2087 473 2139 qui
491 2086 644 2127 tertius
665 2090 764 2137 post
782 2084 1074 2125 Alexandrum
1094 2085 1276 2137 impera-

398 2151 463 2190 vit
482 2150 681 2203 AEgypto,
713 2148 956 2200 turpissime
984 2159 1130 2187 omnes
1161 2149 1276 2188 vixe-

397 2219 514 2266 runt,
534 2224 668 2266 usque
695 2212 750 2252 ad
767 2224 861 2252 eum
889 2212 1186 2262 Ptolemaeum,
1205 2211 1278 2264 qui

397 2277 655 2329 Pompeium
676 2276 906 2328 interemit,
924 2276 967 2315 in
987 2287 1069 2327 quo
1087 2287 1219 2326 genus
1233 2280 1278 2315 et

394 2340 619 2392 imperium
640 2340 992 2388 Ptolemaeorum,
1011 2337 1083 2390 qui
1102 2337 1276 2389 Lagidae

394 2402 502 2443 dicti
534 2407 650 2453 sunt,
687 2413 885 2442 eversum
919 2401 1090 2452 penitus
1119 2405 1166 2440 et
1201 2412 1274 2440 ex-

394 2466 579 2507 tinctum
627 2465 724 2506 fuit.
780 2465 865 2505 Hic
894 2476 997 2516 ergo
1035 2464 1274 2516 Euergetes

393 2530 622 2581 secundus,
634 2535 747 2570 teste
759 2529 786 2571 J
791 2528 930 2568 ustino
941 2528 1051 2568 libro
1065 2537 1274 2570 xxxvnr.

396 2594 540 2634 Laetus
571 2593 700 2646 igitur
734 2593 814 2632 hoc
852 2592 943 2632 solo
997 2590 1273 2648 Ptolemaeus‚

395 2655 509 2709 quod
543 2658 632 2696 sine
662 2656 897 2696 certamine
917 2655 1157 2694 fraternum
1177 2666 1273 2706 reg-

393 2730 493 2758 num
510 2719 760 2771 recepisset,
796 2721 839 2759 in
856 2718 967 2771 quod
988 2718 1212 2758 subornari
1226 2724 1274 2758 et

394 2794 421 2821 a
438 2787 576 2822 matre
593 2782 843 2834 Cleopatra,
868 2786 914 2820 et
944 2779 1088 2820 favore
1115 2780 1274 2832 princi-

392 2855 512 2896 pum,
534 2843 680 2885 fratris
711 2845 844 2884 filium
875 2848 1158 2894 cognoverat:
1189 2855 1273 2884 cae-

392 2913 534 2948 terum
565 2907 749 2948 infestus
779 2907 990 2959 omnibus,
1019 2907 1165 2947 statim
1199 2907 1273 2948 ubi

393 2969 701 3011 Alexandriam
721 2971 935 3023 ingressus
968 2976 1053 3022 est,
1083 2969 1273 3011 fautores

392 3035 517 3086 pueri
537 3033 743 3075 trucidari
753 3034 894 3086 jussit.
938 3033 1088 3085 Ipsum
1107 3045 1273 3086 quoque

393 3097 464 3137 die
496 3098 759 3150 nuptiarum,
787 3097 941 3149 quibus
969 3103 1149 3136 matrem
1180 3097 1274 3148 ejus

391 3159 437 3200 in
455 3160 769 3200 matrimonium
789 3158 1043 3211 recipiebat,
1067 3159 1182 3199 inter
1198 3171 1273 3211 ap-

393 3229 569 3277 paratus
595 3225 835 3276 epularum,
864 3228 910 3264 et
929 3223 1154 3263 sollemnia
1172 3223 1271 3262 reli-

392 3288 580 3340 gionum,
595 3288 637 3328 in
647 3288 874 3339 complexu
881 3286 1027 3328 matris
1039 3284 1245 3326 interficit
1257 3298 1269 3325 :

394 3357 526 3403 atque
552 3351 614 3391 ita
634 3351 800 3390 thorum
832 3350 1004 3400 sororis,
1040 3349 1162 3389 caede
1195 3347 1272 3388 filii

393 3416 482 3466 ejus
515 3422 732 3465 cruentus,
762 3414 971 3455 ascendit.
1030 3414 1138 3454 Post
1160 3414 1270 3466 quod

393 3490 477 3518 non
495 3479 639 3519 mitior
659 3480 700 3518 in
721 3478 966 3530 populares,
996 3477 1067 3530 qui
1101 3489 1197 3516 eum
1226 3477 1269 3515 in

395 3553 569 3594 reguum
592 3547 862 3593 vocaverant,
884 3539 979 3581 fuit.
1050 3539 1269 3592 Siquidem

1000 323 1175 362 No'rAE
1217 323 1544 365 VARIORUM
1587 327 1651 367 IN

1358 444 1594 494 peregrinis
1640 446 1844 485 militibus
1890 445 2064 486 licentia
2097 445 2231 488 caedis

1357 504 1476 555 data,
1495 507 1635 546 omnia
1654 508 1859 560 sanguiue
1878 508 2068 560 quotidie
2085 520 2232 549 mana·

1355 566 1484 608 bant:
1528 569 1661 620 ipsam
1692 582 1856 623 quoque
1895 582 2099 621 sororem,
2129 568 2228 612 filiae

1354 630 1446 679 ejus
1478 631 1642 683 virgine
1674 645 1751 684 per
1771 634 1854 673 vim
1873 637 2084 685 stuprata,
2116 633 2228 674 etin

1353 694 1668 734 matrimonium
1686 695 2094 750 adscita,repudiat.
2123 696 2228 738 Qui-

1352 755 1429 796 bus
1449 758 1577 798 rebus
1591 759 1764 798 territus
1782 759 1980 810 populus,
1998 758 2039 798 in
2060 758 2229 802 diversa

1349 819 1526 871 labitur,
1574 822 1840 873 patriamque
1900 827 2021 861 metu
2079 822 2226 861 mortis

1350 884 1445 921 exul
1467 884 1687 936 relinquit.
1740 883 1864 923 Solus
1891 883 2023 935 igitur
2050 883 2093 922 in
2122 883 2226 923 urbe

1349 957 1446 985 curn
1475 946 1569 986 suis
1596 947 1767 986 relictus
1804 946 2084 995 Ptolemaeus,
2129 958 2224 986 cum

1349 1018 1495 1058 regem
1528 1021 1574 1048 se
1604 1021 1688 1048 non
1719 1008 1951 1059 hominum,
1977 1006 2052 1046 sed
2073 1019 2226 1047 vacua·

1347 1082 1439 1110 rum
1456 1071 1610 1112 aedium
1627 1071 1807 1122 videret,
1822 1069 1964 1110 edicto
1976 1069 2226 1122 peregrinos

1347 1133 1552 1175 solicitat.
1607 1135 1774 1177 Quibus
1796 1132 2125 1185 confluentibus,
2151 1134 2226 1174 ob·
2256 1135 2258 1138 ’

1346 1196 1437 1235 vius
1483 1198 1637 1249 legatis
1686 1199 1989 1248 Romanorum,
2035 1196 2224 1248 Scipioni

1344 1257 1564 1312 Africano,
1599 1266 1644 1300 et
1673 1260 1827 1311 Spurio
1855 1259 2078 1310 Mummio,
2110 1265 2156 1300 et
2174 1262 2224 1302 L.

1345 1321 1542 1373 Metello,
1561 1324 1632 1375 qui
1651 1323 1706 1363 ad
1726 1321 1995 1373 inspicienda
2013 1322 2221 1363 sociorum

1343 1397 1474 1437 regna
1492 1386 1736 1437 veniebant,
1753 1385 1966 1438 procedit.
1991 1385 2078 1425 Sed
2096 1398 2222 1438 quam

1343 1454 1546 1489 cruentus
1578 1449 1758 1500 civibus,
1784 1455 1873 1489 tam
1900 1447 2107 1489 ridiculus
2131 1449 2222 1490 Ro·

1342 1512 1477 1551 manis
1497 1511 1596 1553 fuit.
1654 1514 1761 1553 Erat
1789 1512 1902 1551 enim
1929 1517 1976 1552 et
2010 1511 2131 1552 vultu
2150 1512 2223 1553 de-

1342 1574 1502 1627 formis,
1540 1582 1587 1616 et
1619 1581 1789 1616 statura
1807 1575 1965 1626 brevis,
2002 1580 2048 1615 et
2075 1576 2221 1627 sagina

1343 1640 1501 1679 ventris
1522 1639 1803 1690 nonhomini,
1833 1639 1909 1679 sed
1932 1638 2086 1678 belluae
2105 1638 2220 1678 simi-

1342 1701 1409 1742 lis.
1447 1703 1584 1744 Quam
1603 1701 1839 1743 foeditatem
1858 1701 1988 1741 nimia
2006 1700 2221 1745 subtilitas

1342 1765 1578 1816 perlucidae
1617 1765 1748 1806 vestis
1781 1763 1980 1816 augebat.
2019 1764 2077 1804 Et
2122 1777 2217 1817 quae

1343 1833 1595 1880 sequuntur.
1629 1828 1734 1868 Oliv.
2092 1873 2094 1875 ,

1395 1892 1417 1943 §
1447 1895 1474 1931 6
1505 1892 1807 1940 Consentaneus,
1837 1888 1926 1942 qma]
1956 1891 2218 1931 Ptolemaeus

1338 1952 1540 2006 Auletes,
1575 1956 1736 1995 nltimae
1776 1955 2022 2006 Cleopatrae
2054 1954 2216 2006 reginae

1338 2024 1479 2069 pater,
1497 2025 1673 2071 propter
1691 2017 1958 2059 intoleranda
1972 2015 2139 2069 flagitia
2159 2018 2215 2057 ab

1338 2079 1641 2121 Alexandrinis
1680 2082 1865 2133 eJectus,
1903 2079 2079 2120 Romam
2115 2091 2217 2119 con-

1337 2141 1467 2195 fugit,
1483 2149 1529 2184 et
1546 2156 1571 2184 a
1590 2144 1797 2195 Pompeio
1825 2148 2064 2195 suscepturi,
2092 2153 2216 2182 sena-

1338 2207 1485 2260 tuique
1504 2207 1840 2258 commendatus,
1867 2205 2122 2258 suppliciter
2140 2218 2218 2258 pe·

1338 2269 1427 2322 tiit,
1459 2275 1508 2311 ut
1541 2271 1584 2310 in
1615 2282 1794 2322 regnum
1811 2270 2131 2320 restitueretur,
2158 2270 2215 2310 de

1336 2344 1421 2385 qua
1438 2333 1594 2386 saepius
1628 2334 1836 2385 agitatum
1867 2337 1935 2373 est
1964 2333 2007 2372 in
2039 2332 2216 2380 Senatu,

1335 2396 1482 2436 multis
1502 2408 1596 2436 eam
1628 2397 1942 2435 restitutionem
1974 2395 2217 2446 expetenti-

1336 2457 1429 2510 bus,
1460 2460 1558 2511 quia
1591 2459 1822 2510 gloriosum
1853 2469 1950 2498 esse
1982 2458 2215 2509 videretur,

1335 2532 1479 2573 regem
1498 2521 1656 2561 habere
1673 2521 1892 2572 clientem,
1910 2533 2005 2561 uam
2023 2521 2097 2574 qui
2115 2533 2212 2562 eum

1334 2585 1613 2635 restituisset,
1632 2585 1723 2636 ejus
1743 2589 1946 2636 patronus
1974 2583 2214 2625 dicebatur.

1337 2649 1484 2689 Quare
1519 2650 1639 2689 multi
1674 2662 1768 2690 earn
1806 2648 2024 2700 principes
2051 2660 2215 2689 summa

1334 2712 1563 2752 ambitione
1583 2711 1906 2764 deposcebant:
1939 2712 2054 2751 inter
2081 2717 2212 2752 caete-

1333 2786 1402 2815 ros
1432 2776 1637 2815 Lentulus
1667 2779 1795 2827 atque
1821 2773 2068 2825 Pompeius,
2101 2779 2210 2815 teste

1335 2838 1543 2880 Cicerone
1578 2836 1726 2891 Epist.
1760 2838 1877 2877 Fam.
1915 2837 1990 2877 lib.
2023 2848 2056 2878 1.
2122 2837 2211 2878 Sed

1333 2904 1423 2945 haec
1443 2903 1728 2945 restitutionis
1759 2902 1997 2954 provincia,
2029 2914 2053 2942 a
2083 2901 2211 2944 Pom-

1333 2967 1434 3019 peio
1451 2967 1586 3020 magis
1606 2965 1880 3014 demandata,
1894 2977 2022 3018 quam
2038 2977 2063 3004 a
2078 2965 2208 3006 Sena—

1336 3038 1397 3082 tu,
1411 3030 1588 3071 decreta
1601 3035 1668 3070 est
1679 3028 1791 3069 Aulo
1805 3027 1989 3070 Gabinio
2003 3028 2099 3080 3qui
2111 3039 2208 3068 cum

1334 3106 1476 3145 regem
1507 3094 1753 3143 reduceret,
1785 3091 2041 3140 Archelaus,
2081 3102 2207 3143 quem

1334 3157 1415 3198 sibi
1433 3158 1639 3198 Beronice
1658 3157 1822 3209 regina,
1849 3154 1968 3206 hujus
1982 3153 2208 3194 Ptolemaei

1332 3223 1421 3264 filia
1438 3229 1543 3264 natu
1572 3223 1723 3274 major,
1752 3231 1875 3273 quam
1909 3217 2212 3271 Alexandrini,

1333 3287 1474 3338 ejecto
1505 3291 1644 3337 patre,
1671 3284 1861 3335 reginam
1880 3282 2208 3332 constituerant,

1334 3349 1467 3388 virum
1484 3348 1776 3399 conjunxerat,
1792 3357 1888 3387 cum
1913 3345 2108 3386 exercitu
2130 3345 2204 3385 ad..

1331 3424 1479 3451 versus
1510 3424 1604 3451 eum
1639 3409 1859 3462 profectus
1891 3414 1973 3461 est,
1990 3415 2034 3450 et
2054 3409 2203 3461 positis

1331 3481 1455 3515 extra
1473 3475 1627 3514 moenia
1647 3473 1811 3523 castris,
1838 3484 1935 3512 cum
1954 3484 2004 3512 ea
2024 3471 2138 3511 fossa
2156 3478 2203 3512 et

1333 3539 1440 3579 vallo
1461 3539 1576 3590 cingi
1603 3538 1796 3589 juberet,
1819 3533 2099 3578 effoeminatus
2129 3547 2201 3588 po-
