<?xml version="1.0" encoding="UTF-8"?>
<!DOCTYPE html PUBLIC "-//W3C//DTD XHTML 1.0 Transitional//EN"
    "http://www.w3.org/TR/xhtml1/DTD/xhtml1-transitional.dtd">
<html xmlns="http://www.w3.org/1999/xhtml" xml:lang="en" lang="en">
 <head>
  <title>
</title>
<meta http-equiv="Content-Type" content="text/html;charset=utf-8" />
  <meta name='ocr-system' content='tesseract 3.04.00' />
  <meta name='ocr-capabilities' content='ocr_page ocr_carea ocr_par ocr_line ocrx_word'/>
</head>
<body>
  <div class='ocr_page' id='page_1' title='image "./factorumdictorum03valeuoft_0427.png"; bbox 0 0 2346 3996; ppageno 0'>
   <div class='ocr_carea' id='block_1_1' title="bbox 553 262 1640 319">
    <p class='ocr_par' dir='ltr' id='par_1_1' title="bbox 553 262 1640 319">
     <span class='ocr_line' id='line_1_1' title="bbox 553 262 1640 319; baseline -0.006 -2"><span class='ocrx_word' id='word_1_1' title='bbox 553 277 812 319; x_wconf 77' lang='lat' dir='ltr'>VALERu</span> <span class='ocrx_word' id='word_1_2' title='bbox 856 275 1099 315; x_wconf 74' lang='grc' dir='ltr'><strong>ΜΑΧΙΜΙ</strong></span> <span class='ocrx_word' id='word_1_3' title='bbox 1143 275 1263 316; x_wconf 72' lang='lat' dir='ltr'>mu.</span> <span class='ocrx_word' id='word_1_4' title='bbox 1293 275 1386 316; x_wconf 79' lang='lat' dir='ltr'>lx.</span> <span class='ocrx_word' id='word_1_5' title='bbox 1428 262 1640 316; x_wconf 45' lang='lat' dir='ltr'>cmxl.</span> 
     </span>
    </p>
   </div>
   <div class='ocr_carea' id='block_1_2' title="bbox 167 394 1066 2943">
    <p class='ocr_par' dir='ltr' id='par_1_2' title="bbox 174 394 1064 1216">
     <span class='ocr_line' id='line_1_2' title="bbox 178 394 1059 459; baseline -0.017 -11"><span class='ocrx_word' id='word_1_6' title='bbox 178 417 282 459; x_wconf 85' lang='lat' dir='ltr'>sopo</span> <span class='ocrx_word' id='word_1_7' title='bbox 299 403 357 445; x_wconf 87' lang='lat' dir='ltr'>ita</span> <span class='ocrx_word' id='word_1_8' title='bbox 375 411 539 456; x_wconf 85' lang='lat' dir='ltr'>quoque</span> <span class='ocrx_word' id='word_1_9' title='bbox 559 399 710 439; x_wconf 83' lang='lat' dir='ltr'><strong>scribit</strong></span> <span class='ocrx_word' id='word_1_10' title='bbox 728 395 895 436; x_wconf 80' lang='lat' dir='ltr'>Plinius</span> <span class='ocrx_word' id='word_1_11' title='bbox 916 394 990 434; x_wconf 91' lang='lat' dir='ltr'>lib.</span> <span class='ocrx_word' id='word_1_12' title='bbox 1010 404 1059 434; x_wconf 84' lang='lat' dir='ltr'>x.</span> 
     </span>
     <span class='ocr_line' id='line_1_3' title="bbox 177 458 1060 521; baseline -0.016 -11"><span class='ocrx_word' id='word_1_13' title='bbox 177 481 274 521; x_wconf 86' lang='lat' dir='ltr'>cap.</span> <span class='ocrx_word' id='word_1_14' title='bbox 291 471 359 508; x_wconf 81' lang='lat'>51.</span> <span class='ocrx_word' id='word_1_15' title='bbox 384 467 395 488; x_wconf 95' lang='lat'>‘</span> <span class='ocrx_word' id='word_1_16' title='bbox 417 462 640 513; x_wconf 84' lang='lat' dir='ltr'>Maxime‚’</span> <span class='ocrx_word' id='word_1_17' title='bbox 668 461 824 514; x_wconf 90' lang='lat' dir='ltr'>inquit,</span> <span class='ocrx_word' id='word_1_18' title='bbox 855 461 868 483; x_wconf 82' lang='lat'>⁴</span> <span class='ocrx_word' id='word_1_19' title='bbox 885 458 1060 508; x_wconf 88' lang='lat' dir='ltr'>insignis</span> 
     </span>
     <span class='ocr_line' id='line_1_4' title="bbox 177 523 1061 575; baseline -0.012 -3"><span class='ocrx_word' id='word_1_20' title='bbox 177 538 247 572; x_wconf 85' lang='lat' dir='ltr'>est</span> <span class='ocrx_word' id='word_1_21' title='bbox 267 531 309 571; x_wconf 87' lang='lat' dir='ltr'>in</span> <span class='ocrx_word' id='word_1_22' title='bbox 323 531 402 570; x_wconf 84' lang='lat' dir='ltr'>hac</span> <span class='ocrx_word' id='word_1_23' title='bbox 420 527 622 568; x_wconf 87' lang='lat' dir='ltr'>memoria</span> <span class='ocrx_word' id='word_1_24' title='bbox 637 524 777 566; x_wconf 85' lang='lat' dir='ltr'>Clodii</span> <span class='ocrx_word' id='word_1_25' title='bbox 796 523 944 575; x_wconf 87' lang='lat' dir='ltr'>AEsopi</span> <span class='ocrx_word' id='word_1_26' title='bbox 961 523 1061 562; x_wconf 85' lang='lat' dir='ltr'>Tra-</span> 
     </span>
     <span class='ocr_line' id='line_1_5' title="bbox 178 587 1061 647; baseline -0.012 -11"><span class='ocrx_word' id='word_1_27' title='bbox 178 594 293 647; x_wconf 87' lang='lat' dir='ltr'>goedi</span> <span class='ocrx_word' id='word_1_28' title='bbox 307 591 524 633; x_wconf 85' lang='lat' dir='ltr'>histrionis</span> <span class='ocrx_word' id='word_1_29' title='bbox 544 589 708 642; x_wconf 82' lang='lat' dir='ltr'>patina,</span> <span class='ocrx_word' id='word_1_30' title='bbox 731 587 946 628; x_wconf 77' lang='lat' dir='ltr'>sexcentis</span> <span class='ocrx_word' id='word_1_31' title='bbox 974 598 1061 626; x_wconf 87' lang='lat' dir='ltr'>ses-</span> 
     </span>
     <span class='ocr_line' id='line_1_6' title="bbox 177 651 1062 706; baseline -0.011 -7"><span class='ocrx_word' id='word_1_32' title='bbox 177 657 317 700; x_wconf 81' lang='lat' dir='ltr'>tertiis</span> <span class='ocrx_word' id='word_1_33' title='bbox 355 661 520 703; x_wconf 81' lang='lat' dir='ltr'>taxata,</span> <span class='ocrx_word' id='word_1_34' title='bbox 556 654 602 694; x_wconf 90' lang='lat' dir='ltr'>in</span> <span class='ocrx_word' id='word_1_35' title='bbox 647 665 732 706; x_wconf 86' lang='lat' dir='ltr'>qua</span> <span class='ocrx_word' id='word_1_36' title='bbox 777 651 923 704; x_wconf 88' lang='lat' dir='ltr'>posuit</span> <span class='ocrx_word' id='word_1_37' title='bbox 962 662 1062 691; x_wconf 87' lang='lat' dir='ltr'>aves</span> 
     </span>
     <span class='ocr_line' id='line_1_7' title="bbox 174 715 1062 770; baseline -0.01 -9"><span class='ocrx_word' id='word_1_38' title='bbox 174 727 306 761; x_wconf 79' lang='lat' dir='ltr'>cantu</span> <span class='ocrx_word' id='word_1_39' title='bbox 342 719 486 770; x_wconf 81' lang='lat' dir='ltr'>aliquo</span> <span class='ocrx_word' id='word_1_40' title='bbox 524 725 599 756; x_wconf 87' lang='lat' dir='ltr'>aut</span> <span class='ocrx_word' id='word_1_41' title='bbox 640 715 824 756; x_wconf 82' lang='lat' dir='ltr'>humano</span> <span class='ocrx_word' id='word_1_42' title='bbox 868 725 1062 753; x_wconf 76' lang='lat' dir='ltr'>sermone</span> 
     </span>
     <span class='ocr_line' id='line_1_8' title="bbox 174 778 1062 835; baseline -0.01 -9"><span class='ocrx_word' id='word_1_43' title='bbox 174 785 362 835; x_wconf 81' lang='lat' dir='ltr'>vocales,</span> <span class='ocrx_word' id='word_1_44' title='bbox 382 782 564 823; x_wconf 84' lang='lat' dir='ltr'>nummis</span> <span class='ocrx_word' id='word_1_45' title='bbox 583 793 660 821; x_wconf 87' lang='lat' dir='ltr'>sex</span> <span class='ocrx_word' id='word_1_46' title='bbox 681 779 870 833; x_wconf 86' lang='lat' dir='ltr'>singulas</span> <span class='ocrx_word' id='word_1_47' title='bbox 891 778 1062 831; x_wconf 70' lang='lat' dir='ltr'>coemp-</span> 
     </span>
     <span class='ocr_line' id='line_1_9' title="bbox 178 843 1063 900; baseline -0.007 -12"><span class='ocrx_word' id='word_1_48' title='bbox 178 855 261 900; x_wconf 87' lang='lat' dir='ltr'>tas,</span> <span class='ocrx_word' id='word_1_49' title='bbox 299 848 418 888; x_wconf 88' lang='lat' dir='ltr'>nulla</span> <span class='ocrx_word' id='word_1_50' title='bbox 456 846 541 886; x_wconf 87' lang='lat' dir='ltr'>alia</span> <span class='ocrx_word' id='word_1_51' title='bbox 583 844 784 885; x_wconf 88' lang='lat' dir='ltr'>inductus</span> <span class='ocrx_word' id='word_1_52' title='bbox 834 843 1063 893; x_wconf 85' lang='lat' dir='ltr'>suavitate,</span> 
     </span>
     <span class='ocr_line' id='line_1_10' title="bbox 177 907 1062 954; baseline -0.006 -3"><span class='ocrx_word' id='word_1_53' title='bbox 177 912 260 954; x_wconf 81' lang='lat' dir='ltr'>nisi</span> <span class='ocrx_word' id='word_1_54' title='bbox 295 918 345 952; x_wconf 89' lang='lat' dir='ltr'>ut</span> <span class='ocrx_word' id='word_1_55' title='bbox 381 910 426 950; x_wconf 93' lang='lat' dir='ltr'>in</span> <span class='ocrx_word' id='word_1_56' title='bbox 464 909 530 950; x_wconf 88' lang='lat' dir='ltr'>his</span> <span class='ocrx_word' id='word_1_57' title='bbox 563 908 847 949; x_wconf 88' lang='lat' dir='ltr'>imitationem</span> <span class='ocrx_word' id='word_1_58' title='bbox 883 907 1062 947; x_wconf 82' lang='lat' dir='ltr'>hominis</span> 
     </span>
     <span class='ocr_line' id='line_1_11' title="bbox 177 970 1063 1025; baseline -0.006 -10"><span class='ocrx_word' id='word_1_59' title='bbox 177 974 418 1022; x_wconf 84' lang='lat' dir='ltr'>manderet,</span> <span class='ocrx_word' id='word_1_60' title='bbox 449 985 502 1012; x_wconf 94' lang='lat' dir='ltr'>ne</span> <span class='ocrx_word' id='word_1_61' title='bbox 538 976 727 1025; x_wconf 82' lang='lat' dir='ltr'>qnaestus</span> <span class='ocrx_word' id='word_1_62' title='bbox 761 970 933 1024; x_wconf 88' lang='lat' dir='ltr'>quidem</span> <span class='ocrx_word' id='word_1_63' title='bbox 963 983 1063 1011; x_wconf 80' lang='lat' dir='ltr'>suos</span> 
     </span>
     <span class='ocr_line' id='line_1_12' title="bbox 177 1035 1062 1087; baseline -0.007 -8"><span class='ocrx_word' id='word_1_64' title='bbox 177 1038 391 1078; x_wconf 74' lang='lat' dir='ltr'>reveritus</span> <span class='ocrx_word' id='word_1_65' title='bbox 406 1037 500 1077; x_wconf 86' lang='lat' dir='ltr'>illos</span> <span class='ocrx_word' id='word_1_66' title='bbox 517 1036 679 1087; x_wconf 86' lang='lat' dir='ltr'>opimos</span> <span class='ocrx_word' id='word_1_67' title='bbox 695 1041 740 1074; x_wconf 91' lang='lat' dir='ltr'>et</span> <span class='ocrx_word' id='word_1_68' title='bbox 756 1046 859 1075; x_wconf 87' lang='lat' dir='ltr'>voce</span> <span class='ocrx_word' id='word_1_69' title='bbox 874 1035 1062 1085; x_wconf 86' lang='lat' dir='ltr'>meritos,</span> 
     </span>
     <span class='ocr_line' id='line_1_13' title="bbox 177 1098 1064 1155; baseline -0.006 -12"><span class='ocrx_word' id='word_1_70' title='bbox 177 1103 331 1155; x_wconf 78' lang='lat' dir='ltr'>dignus</span> <span class='ocrx_word' id='word_1_71' title='bbox 361 1112 534 1153; x_wconf 82' lang='lat' dir='ltr'>prorsus</span> <span class='ocrx_word' id='word_1_72' title='bbox 564 1099 669 1151; x_wconf 89' lang='lat' dir='ltr'>filio,</span> <span class='ocrx_word' id='word_1_73' title='bbox 704 1112 730 1139; x_wconf 86' lang='lat' dir='ltr'>a</span> <span class='ocrx_word' id='word_1_74' title='bbox 764 1111 847 1152; x_wconf 93' lang='lat' dir='ltr'>quo</span> <span class='ocrx_word' id='word_1_75' title='bbox 879 1098 1064 1138; x_wconf 86' lang='lat' dir='ltr'>diximus</span> 
     </span>
     <span class='ocr_line' id='line_1_14' title="bbox 176 1163 992 1216; baseline -0.005 -10"><span class='ocrx_word' id='word_1_76' title='bbox 176 1166 407 1206; x_wconf 83' lang='lat' dir='ltr'>devoratas</span> <span class='ocrx_word' id='word_1_77' title='bbox 427 1163 712 1216; x_wconf 85' lang='lat' dir='ltr'>margaritas,&#39;</span> <span class='ocrx_word' id='word_1_78' title='bbox 731 1165 811 1204; x_wconf 72' lang='grc' dir='ltr'>διο.</span> <span class='ocrx_word' id='word_1_79' title='bbox 843 1163 992 1203; x_wconf 76' lang='lat' dir='ltr'>Oliver.</span> 
     </span>
    </p>

    <p class='ocr_par' dir='ltr' id='par_1_3' title="bbox 174 1225 1066 1654">
     <span class='ocr_line' id='line_1_15' title="bbox 228 1225 1065 1279; baseline -0.001 -11"><span class='ocrx_word' id='word_1_80' title='bbox 228 1227 428 1279; x_wconf 47' lang='lat' dir='ltr'>:lectoque</span> <span class='ocrx_word' id='word_1_81' title='bbox 442 1226 692 1278; x_wconf 78' lang='lat' dir='ltr'>liquefactos]</span> <span class='ocrx_word' id='word_1_82' title='bbox 722 1225 848 1268; x_wconf 84' lang='lat' dir='ltr'>Quod</span> <span class='ocrx_word' id='word_1_83' title='bbox 870 1226 985 1266; x_wconf 89' lang='lat' dir='ltr'>idem</span> <span class='ocrx_word' id='word_1_84' title='bbox 1006 1227 1065 1267; x_wconf 89' lang='lat' dir='ltr'>le-</span> 
     </span>
     <span class='ocr_line' id='line_1_16' title="bbox 177 1289 1066 1345; baseline -0.002 -12"><span class='ocrx_word' id='word_1_85' title='bbox 177 1292 293 1345; x_wconf 86' lang='lat' dir='ltr'>gitur</span> <span class='ocrx_word' id='word_1_86' title='bbox 321 1293 555 1344; x_wconf 82' lang='lat' dir='ltr'>Cleopatra</span> <span class='ocrx_word' id='word_1_87' title='bbox 589 1291 631 1330; x_wconf 91' lang='lat' dir='ltr'>in</span> <span class='ocrx_word' id='word_1_88' title='bbox 655 1291 746 1331; x_wconf 88' lang='lat' dir='ltr'>vita</span> <span class='ocrx_word' id='word_1_89' title='bbox 765 1289 910 1330; x_wconf 86' lang='lat' dir='ltr'>Marci</span> <span class='ocrx_word' id='word_1_90' title='bbox 930 1289 1066 1331; x_wconf 81' lang='lat' dir='ltr'>Anto-</span> 
     </span>
     <span class='ocr_line' id='line_1_17' title="bbox 174 1355 1062 1410; baseline -0.002 -11"><span class='ocrx_word' id='word_1_91' title='bbox 174 1358 252 1410; x_wconf 85' lang='lat' dir='ltr'>nii,</span> <span class='ocrx_word' id='word_1_92' title='bbox 269 1363 315 1398; x_wconf 88' lang='lat' dir='ltr'>et</span> <span class='ocrx_word' id='word_1_93' title='bbox 334 1357 379 1398; x_wconf 88' lang='lat' dir='ltr'>iu</span> <span class='ocrx_word' id='word_1_94' title='bbox 396 1356 514 1399; x_wconf 85' lang='lat' dir='ltr'>Plln.</span> <span class='ocrx_word' id='word_1_95' title='bbox 534 1356 638 1397; x_wconf 88' lang='lat' dir='ltr'>Nat.</span> <span class='ocrx_word' id='word_1_96' title='bbox 658 1356 776 1396; x_wconf 85' lang='lat' dir='ltr'>Hist.</span> <span class='ocrx_word' id='word_1_97' title='bbox 791 1355 864 1396; x_wconf 89' lang='lat' dir='ltr'>lib.</span> <span class='ocrx_word' id='word_1_98' title='bbox 879 1367 947 1395; x_wconf 77' lang='lat' dir='ltr'>lx.</span> <span class='ocrx_word' id='word_1_99' title='bbox 967 1367 1062 1408; x_wconf 88' lang='lat' dir='ltr'>cap.</span> 
     </span>
     <span class='ocr_line' id='line_1_18' title="bbox 176 1420 1064 1462; baseline -0.002 0"><span class='ocrx_word' id='word_1_100' title='bbox 176 1426 243 1462; x_wconf 79' lang='lat'>35.</span> <span class='ocrx_word' id='word_1_101' title='bbox 278 1427 324 1461; x_wconf 90' lang='lat' dir='ltr'>et</span> <span class='ocrx_word' id='word_1_102' title='bbox 356 1421 399 1461; x_wconf 91' lang='lat' dir='ltr'>in</span> <span class='ocrx_word' id='word_1_103' title='bbox 435 1420 633 1462; x_wconf 88' lang='lat' dir='ltr'>Macrob.</span> <span class='ocrx_word' id='word_1_104' title='bbox 668 1420 886 1460; x_wconf 86' lang='lat' dir='ltr'>Saturnal.</span> <span class='ocrx_word' id='word_1_105' title='bbox 918 1420 991 1460; x_wconf 84' lang='lat' dir='ltr'>lib.</span> <span class='ocrx_word' id='word_1_106' title='bbox 1011 1431 1064 1460; x_wconf 89' lang='lat'>11.</span> 
     </span>
     <span class='ocr_line' id='line_1_19' title="bbox 176 1482 1064 1538; baseline -0.005 -12"><span class='ocrx_word' id='word_1_107' title='bbox 176 1498 272 1538; x_wconf 84' lang='lat' dir='ltr'>cap.</span> <span class='ocrx_word' id='word_1_108' title='bbox 294 1488 360 1526; x_wconf 79' lang='lat'>13.</span> <span class='ocrx_word' id='word_1_109' title='bbox 378 1484 545 1525; x_wconf 81' lang='lat' dir='ltr'>fecisse.</span> <span class='ocrx_word' id='word_1_110' title='bbox 601 1484 738 1526; x_wconf 85' lang='lat' dir='ltr'>Quam</span> <span class='ocrx_word' id='word_1_111' title='bbox 758 1482 978 1523; x_wconf 83' lang='lat' dir='ltr'>historiam</span> <span class='ocrx_word' id='word_1_112' title='bbox 991 1483 1064 1535; x_wconf 90' lang='lat' dir='ltr'>qui</span> 
     </span>
     <span class='ocr_line' id='line_1_20' title="bbox 175 1546 1062 1600; baseline -0.001 -12"><span class='ocrx_word' id='word_1_113' title='bbox 175 1549 411 1600; x_wconf 81' lang='lat' dir='ltr'>desiderat,</span> <span class='ocrx_word' id='word_1_114' title='bbox 441 1547 553 1600; x_wconf 88' lang='lat' dir='ltr'>apud</span> <span class='ocrx_word' id='word_1_115' title='bbox 573 1546 647 1586; x_wconf 87' lang='lat' dir='ltr'>hos</span> <span class='ocrx_word' id='word_1_116' title='bbox 666 1552 837 1587; x_wconf 89' lang='lat' dir='ltr'>autores</span> <span class='ocrx_word' id='word_1_117' title='bbox 857 1546 1062 1587; x_wconf 89' lang='lat' dir='ltr'>inveniet.</span> 
     </span>
     <span class='ocr_line' id='line_1_21' title="bbox 176 1614 302 1654; baseline 0.016 -2"><span class='ocrx_word' id='word_1_118' title='bbox 176 1614 302 1654; x_wconf 76' lang='lat' dir='ltr'>Idem.</span> 
     </span>
    </p>

    <p class='ocr_par' dir='ltr' id='par_1_4' title="bbox 177 1674 1062 1782">
     <span class='ocr_line' id='line_1_22' title="bbox 229 1674 1062 1731; baseline -0.005 -12"><span class='ocrx_word' id='word_1_119' title='bbox 229 1677 440 1731; x_wconf 70' lang='lat' dir='ltr'>qutoc]</span> <span class='ocrx_word' id='word_1_120' title='bbox 486 1675 718 1716; x_wconf 84' lang='lat' dir='ltr'>Resolutos</span> <span class='ocrx_word' id='word_1_121' title='bbox 767 1674 810 1713; x_wconf 91' lang='lat' dir='ltr'>in</span> <span class='ocrx_word' id='word_1_122' title='bbox 852 1674 1062 1727; x_wconf 87' lang='lat' dir='ltr'>liquorem</span> 
     </span>
     <span class='ocr_line' id='line_1_23' title="bbox 177 1746 318 1782; baseline -0.007 0"><span class='ocrx_word' id='word_1_123' title='bbox 177 1746 318 1782; x_wconf 84' lang='lat' dir='ltr'>aceto.</span> 
     </span>
    </p>

    <p class='ocr_par' dir='ltr' id='par_1_5' title="bbox 174 1801 1062 1920">
     <span class='ocr_line' id='line_1_24' title="bbox 225 1801 1062 1855; baseline -0.005 -9"><span class='ocrx_word' id='word_1_124' title='bbox 225 1803 433 1847; x_wconf 70' lang='lat' dir='ltr'>San-cinam</span> <span class='ocrx_word' id='word_1_125' title='bbox 443 1801 638 1854; x_wconf 80' lang='lat' dir='ltr'>amaram]</span> <span class='ocrx_word' id='word_1_126' title='bbox 651 1802 840 1843; x_wconf 85' lang='lat' dir='ltr'>Gravem</span> <span class='ocrx_word' id='word_1_127' title='bbox 857 1807 902 1842; x_wconf 92' lang='lat' dir='ltr'>et</span> <span class='ocrx_word' id='word_1_128' title='bbox 917 1802 1062 1855; x_wconf 90' lang='lat' dir='ltr'>inique</span> 
     </span>
     <span class='ocr_line' id='line_1_25' title="bbox 174 1865 458 1920; baseline 0 -12"><span class='ocrx_word' id='word_1_129' title='bbox 174 1865 458 1920; x_wconf 81' lang='lat' dir='ltr'>prementem.</span> 
     </span>
    </p>

    <p class='ocr_par' dir='ltr' id='par_1_6' title="bbox 167 1928 1063 2687">
     <span class='ocr_line' id='line_1_26' title="bbox 227 1928 1061 1981; baseline -0.002 -10"><span class='ocrx_word' id='word_1_130' title='bbox 227 1930 376 1980; x_wconf 63' lang='lat' dir='ltr'>Infu&#39;soe</span> <span class='ocrx_word' id='word_1_131' title='bbox 400 1930 542 1971; x_wconf 78' lang='lat' dir='ltr'>culinis</span> <span class='ocrx_word' id='word_1_132' title='bbox 568 1929 691 1981; x_wconf 70' lang='grc' dir='ltr'>(ιη-α’]</span> <span class='ocrx_word' id='word_1_133' title='bbox 721 1928 877 1980; x_wconf 86' lang='lat' dir='ltr'>Aliter,</span> <span class='ocrx_word' id='word_1_134' title='bbox 908 1932 1061 1969; x_wconf 83' lang='lat' dir='ltr'>ostreae.</span> 
     </span>
     <span class='ocr_line' id='line_1_27' title="bbox 175 1994 1062 2048; baseline -0.006 -11"><span class='ocrx_word' id='word_1_135' title='bbox 175 1995 450 2048; x_wconf 85' lang='lat' dir='ltr'>Consumptae</span> <span class='ocrx_word' id='word_1_136' title='bbox 471 2001 633 2035; x_wconf 87' lang='lat' dir='ltr'>suntet</span> <span class='ocrx_word' id='word_1_137' title='bbox 651 1994 869 2034; x_wconf 82' lang='lat' dir='ltr'>exhaustae</span> <span class='ocrx_word' id='word_1_138' title='bbox 887 2005 998 2034; x_wconf 83' lang='lat' dir='ltr'>arcae</span> <span class='ocrx_word' id='word_1_139' title='bbox 1019 1994 1062 2033; x_wconf 90' lang='lat' dir='ltr'>in</span> 
     </span>
     <span class='ocr_line' id='line_1_28' title="bbox 172 2057 1061 2113; baseline -0.002 -13"><span class='ocrx_word' id='word_1_140' title='bbox 172 2059 377 2113; x_wconf 84' lang='lat' dir='ltr'>parandis</span> <span class='ocrx_word' id='word_1_141' title='bbox 429 2057 659 2103; x_wconf 82' lang='lat' dir='ltr'>luxuriosis</span> <span class='ocrx_word' id='word_1_142' title='bbox 706 2057 852 2099; x_wconf 82' lang='lat' dir='ltr'>caenis.</span> <span class='ocrx_word' id='word_1_143' title='bbox 911 2058 1061 2098; x_wconf 77' lang='lat' dir='ltr'>Oliver.</span> 
     </span>
     <span class='ocr_line' id='line_1_29' title="bbox 173 2121 1063 2173; baseline -0.003 -9"><span class='ocrx_word' id='word_1_144' title='bbox 173 2125 273 2170; x_wconf 75' lang='lat' dir='ltr'>Iruie</span> <span class='ocrx_word' id='word_1_145' title='bbox 285 2124 427 2173; x_wconf 50' lang='lat' dir='ltr'>infuaae</span> <span class='ocrx_word' id='word_1_146' title='bbox 444 2122 584 2162; x_wconf 74' lang='lat' dir='ltr'>culinis</span> <span class='ocrx_word' id='word_1_147' title='bbox 613 2126 764 2162; x_wconf 79' lang='lat' dir='ltr'>ostreoe.</span> <span class='ocrx_word' id='word_1_148' title='bbox 819 2121 918 2161; x_wconf 80' lang='lat' dir='ltr'>Arte</span> <span class='ocrx_word' id='word_1_149' title='bbox 936 2122 1063 2161; x_wconf 78' lang='lat' dir='ltr'>censi-</span> 
     </span>
     <span class='ocr_line' id='line_1_30' title="bbox 173 2184 1063 2239; baseline -0.003 -11"><span class='ocrx_word' id='word_1_150' title='bbox 173 2188 318 2239; x_wconf 76' lang='lat' dir='ltr'>busque</span> <span class='ocrx_word' id='word_1_151' title='bbox 347 2186 488 2227; x_wconf 78' lang='lat' dir='ltr'>edendi</span> <span class='ocrx_word' id='word_1_152' title='bbox 505 2189 621 2237; x_wconf 82' lang='lat' dir='ltr'>atque</span> <span class='ocrx_word' id='word_1_153' title='bbox 641 2184 794 2224; x_wconf 78' lang='lat' dir='ltr'>bibendi</span> <span class='ocrx_word' id='word_1_154' title='bbox 811 2185 989 2236; x_wconf 75' lang='lat' dir='ltr'>voluptas</span> <span class='ocrx_word' id='word_1_155' title='bbox 1005 2198 1063 2225; x_wconf 86' lang='lat' dir='ltr'>re·</span> 
     </span>
     <span class='ocr_line' id='line_1_31' title="bbox 167 2248 1061 2303; baseline -0.003 -11"><span class='ocrx_word' id='word_1_156' title='bbox 167 2256 285 2303; x_wconf 71' lang='lat' dir='ltr'>perta</span> <span class='ocrx_word' id='word_1_157' title='bbox 303 2249 380 2300; x_wconf 75' lang='lat' dir='ltr'>est]</span> <span class='ocrx_word' id='word_1_158' title='bbox 410 2249 548 2291; x_wconf 88' lang='lat' dir='ltr'>Abest</span> <span class='ocrx_word' id='word_1_159' title='bbox 564 2248 613 2288; x_wconf 80' lang='grc' dir='ltr'>τὸ</span> <span class='ocrx_word' id='word_1_160' title='bbox 641 2253 778 2288; x_wconf 69' lang='lat' dir='ltr'>ostreae</span> <span class='ocrx_word' id='word_1_161' title='bbox 797 2261 822 2289; x_wconf 88' lang='lat' dir='ltr'>a</span> <span class='ocrx_word' id='word_1_162' title='bbox 843 2250 1061 2303; x_wconf 88' lang='lat' dir='ltr'>plerisque</span> 
     </span>
     <span class='ocr_line' id='line_1_32' title="bbox 173 2313 1062 2364; baseline -0.003 -8"><span class='ocrx_word' id='word_1_163' title='bbox 173 2315 368 2357; x_wconf 90' lang='lat' dir='ltr'>omuibus</span> <span class='ocrx_word' id='word_1_164' title='bbox 385 2314 537 2363; x_wconf 81' lang='lat' dir='ltr'>libris3</span> <span class='ocrx_word' id='word_1_165' title='bbox 573 2319 618 2353; x_wconf 91' lang='lat' dir='ltr'>et</span> <span class='ocrx_word' id='word_1_166' title='bbox 637 2313 742 2352; x_wconf 86' lang='lat' dir='ltr'>tollo</span> <span class='ocrx_word' id='word_1_167' title='bbox 761 2323 863 2352; x_wconf 87' lang='lat' dir='ltr'>sane</span> <span class='ocrx_word' id='word_1_168' title='bbox 884 2325 982 2364; x_wconf 86' lang='lat' dir='ltr'>ego,</span> <span class='ocrx_word' id='word_1_169' title='bbox 1011 2325 1062 2353; x_wconf 89' lang='lat' dir='ltr'>ac</span> 
     </span>
     <span class='ocr_line' id='line_1_33' title="bbox 173 2374 1061 2426; baseline -0.005 -6"><span class='ocrx_word' id='word_1_170' title='bbox 173 2378 367 2420; x_wconf 86' lang='lat' dir='ltr'>rescribo</span> <span class='ocrx_word' id='word_1_171' title='bbox 388 2388 398 2416; x_wconf 91' lang='lat'><strong>:</strong></span> <span class='ocrx_word' id='word_1_172' title='bbox 415 2379 506 2418; x_wconf 78' lang='lat' dir='ltr'>inde</span> <span class='ocrx_word' id='word_1_173' title='bbox 523 2376 668 2425; x_wconf 66' lang='lat' dir='ltr'>infusa:</span> <span class='ocrx_word' id='word_1_174' title='bbox 685 2374 826 2415; x_wconf 71' lang='lat' dir='ltr'>culinis</span> <span class='ocrx_word' id='word_1_175' title='bbox 838 2380 958 2426; x_wconf 83' lang='lat' dir='ltr'>artes,</span> <span class='ocrx_word' id='word_1_176' title='bbox 972 2388 1061 2416; x_wconf 81' lang='lat' dir='ltr'>cen·</span> 
     </span>
     <span class='ocr_line' id='line_1_34' title="bbox 173 2439 1060 2494; baseline -0.005 -10"><span class='ocrx_word' id='word_1_177' title='bbox 173 2443 366 2494; x_wconf 74' lang='lat' dir='ltr'>sibusque,</span> <span class='ocrx_word' id='word_1_178' title='bbox 397 2442 462 2491; x_wconf 62' lang='lat' dir='ltr'>&amp;a</span> <span class='ocrx_word' id='word_1_179' title='bbox 516 2439 787 2479; x_wconf 79' lang='lat' dir='ltr'>Sententiam</span> <span class='ocrx_word' id='word_1_180' title='bbox 827 2440 1060 2492; x_wconf 32' lang='lat' dir='ltr'>‚egregiam</span> 
     </span>
     <span class='ocr_line' id='line_1_35' title="bbox 176 2502 1061 2555; baseline -0.006 -8"><span class='ocrx_word' id='word_1_181' title='bbox 176 2506 331 2547; x_wconf 88' lang='lat' dir='ltr'>elicio:</span> <span class='ocrx_word' id='word_1_182' title='bbox 361 2505 419 2544; x_wconf 89' lang='lat' dir='ltr'>Et</span> <span class='ocrx_word' id='word_1_183' title='bbox 443 2503 558 2553; x_wconf 86' lang='lat' dir='ltr'>hinc,</span> <span class='ocrx_word' id='word_1_184' title='bbox 584 2502 741 2555; x_wconf 86' lang='lat' dir='ltr'>inquit,</span> <span class='ocrx_word' id='word_1_185' title='bbox 770 2509 956 2554; x_wconf 84' lang='lat' dir='ltr'>repertae</span> <span class='ocrx_word' id='word_1_186' title='bbox 988 2515 1061 2543; x_wconf 91' lang='lat' dir='ltr'>cu-</span> 
     </span>
     <span class='ocr_line' id='line_1_36' title="bbox 173 2566 1059 2617; baseline -0.005 -5"><span class='ocrx_word' id='word_1_187' title='bbox 173 2570 339 2612; x_wconf 62' lang='lat' dir='ltr'>linaria&gt;</span> <span class='ocrx_word' id='word_1_188' title='bbox 360 2569 448 2609; x_wconf 74' lang='lat' dir='ltr'>illae</span> <span class='ocrx_word' id='word_1_189' title='bbox 485 2572 618 2616; x_wconf 87' lang='lat' dir='ltr'>artes,</span> <span class='ocrx_word' id='word_1_190' title='bbox 637 2572 683 2606; x_wconf 91' lang='lat' dir='ltr'>et</span> <span class='ocrx_word' id='word_1_191' title='bbox 703 2566 1059 2617; x_wconf 84' lang='lat' dir='ltr'>patrimoniorum</span> 
     </span>
     <span class='ocr_line' id='line_1_37' title="bbox 173 2629 843 2687; baseline -0.01 -12"><span class='ocrx_word' id='word_1_192' title='bbox 173 2634 327 2687; x_wconf 85' lang='lat' dir='ltr'>pretiis</span> <span class='ocrx_word' id='word_1_193' title='bbox 341 2631 476 2685; x_wconf 88' lang='lat' dir='ltr'>empti</span> <span class='ocrx_word' id='word_1_194' title='bbox 496 2630 641 2683; x_wconf 90' lang='lat' dir='ltr'>coqui.</span> <span class='ocrx_word' id='word_1_195' title='bbox 671 2629 843 2680; x_wconf 83' lang='lat' dir='ltr'>Lipsius.</span> 
     </span>
    </p>

    <p class='ocr_par' dir='ltr' id='par_1_7' title="bbox 170 2692 1060 2943">
     <span class='ocr_line' id='line_1_38' title="bbox 216 2692 1059 2751; baseline -0.002 -13"><span class='ocrx_word' id='word_1_196' title='bbox 216 2699 277 2751; x_wconf 79' lang='lat'>§3</span> <span class='ocrx_word' id='word_1_197' title='bbox 297 2697 396 2737; x_wconf 79' lang='lat' dir='ltr'>Urbi</span> <span class='ocrx_word' id='word_1_198' title='bbox 410 2699 540 2736; x_wconf 80' lang='lat' dir='ltr'>autem</span> <span class='ocrx_word' id='word_1_199' title='bbox 549 2697 709 2745; x_wconf 73' lang='lat' dir='ltr'>nostrae,</span> <span class='ocrx_word' id='word_1_200' title='bbox 722 2692 810 2744; x_wconf 60' lang='lat' dir='ltr'>essa]</span> <span class='ocrx_word' id='word_1_201' title='bbox 825 2692 970 2733; x_wconf 90' lang='lat' dir='ltr'>Livius</span> <span class='ocrx_word' id='word_1_202' title='bbox 985 2695 1059 2736; x_wconf 89' lang='lat' dir='ltr'>lib.</span> 
     </span>
     <span class='ocr_line' id='line_1_39' title="bbox 173 2756 1060 2812; baseline -0.008 -8"><span class='ocrx_word' id='word_1_203' title='bbox 173 2773 341 2804; x_wconf 74' lang='lat' dir='ltr'>xxxxv.</span> <span class='ocrx_word' id='word_1_204' title='bbox 358 2759 521 2812; x_wconf 89' lang='lat' dir='ltr'>inquit:</span> <span class='ocrx_word' id='word_1_205' title='bbox 552 2757 564 2780; x_wconf 90' lang='lat'>‘</span> <span class='ocrx_word' id='word_1_206' title='bbox 580 2756 703 2797; x_wconf 86' lang='lat' dir='ltr'>Inter</span> <span class='ocrx_word' id='word_1_207' title='bbox 720 2756 926 2798; x_wconf 86' lang='lat' dir='ltr'>bellorum</span> <span class='ocrx_word' id='word_1_208' title='bbox 943 2770 1060 2811; x_wconf 84' lang='lat' dir='ltr'>mag-</span> 
     </span>
     <span class='ocr_line' id='line_1_40' title="bbox 171 2819 1059 2873; baseline -0.007 -6"><span class='ocrx_word' id='word_1_209' title='bbox 171 2838 336 2873; x_wconf 88' lang='lat' dir='ltr'>norum,</span> <span class='ocrx_word' id='word_1_210' title='bbox 357 2835 408 2864; x_wconf 88' lang='lat' dir='ltr'>ac</span> <span class='ocrx_word' id='word_1_211' title='bbox 430 2820 601 2863; x_wconf 79' lang='lat' dir='ltr'>vixdum</span> <span class='ocrx_word' id='word_1_212' title='bbox 635 2819 853 2860; x_wconf 86' lang='lat' dir='ltr'>finitorum</span> <span class='ocrx_word' id='word_1_213' title='bbox 880 2826 954 2860; x_wconf 89' lang='lat' dir='ltr'>aut</span> <span class='ocrx_word' id='word_1_214' title='bbox 984 2822 1059 2862; x_wconf 90' lang='lat' dir='ltr'>im-</span> 
     </span>
     <span class='ocr_line' id='line_1_41' title="bbox 170 2884 1058 2943; baseline -0.006 -12"><span class='ocrx_word' id='word_1_215' title='bbox 170 2889 442 2939; x_wconf 85' lang='lat' dir='ltr'>minentium,</span> <span class='ocrx_word' id='word_1_216' title='bbox 459 2897 585 2927; x_wconf 89' lang='lat' dir='ltr'>curas</span> <span class='ocrx_word' id='word_1_217' title='bbox 605 2884 856 2928; x_wconf 82' lang='lat' dir='ltr'>intercessit</span> <span class='ocrx_word' id='word_1_218' title='bbox 876 2902 944 2930; x_wconf 90' lang='lat' dir='ltr'>res</span> <span class='ocrx_word' id='word_1_219' title='bbox 960 2904 1058 2943; x_wconf 85' lang='lat' dir='ltr'>par.</span> 
     </span>
    </p>
   </div>
   <div class='ocr_carea' id='block_1_3' title="bbox 169 2959 1058 3584">
    <p class='ocr_par' dir='ltr' id='par_1_8' title="bbox 169 2959 1058 3584">
     <span class='ocr_line' id='line_1_42' title="bbox 171 2959 1058 3013; baseline 0.001 -14"><span class='ocrx_word' id='word_1_220' title='bbox 171 2972 227 3000; x_wconf 85' lang='lat' dir='ltr'>va</span> <span class='ocrx_word' id='word_1_221' title='bbox 245 2959 380 3008; x_wconf 88' lang='lat' dir='ltr'>dictu,</span> <span class='ocrx_word' id='word_1_222' title='bbox 406 2961 484 3001; x_wconf 88' lang='lat' dir='ltr'>sed</span> <span class='ocrx_word' id='word_1_223' title='bbox 505 2973 600 3013; x_wconf 84' lang='lat' dir='ltr'>quae</span> <span class='ocrx_word' id='word_1_224' title='bbox 621 2959 773 3001; x_wconf 88' lang='lat' dir='ltr'>studiis</span> <span class='ocrx_word' id='word_1_225' title='bbox 791 2960 835 2999; x_wconf 87' lang='lat' dir='ltr'>in</span> <span class='ocrx_word' id='word_1_226' title='bbox 854 2972 1058 3011; x_wconf 88' lang='lat' dir='ltr'>magnum</span> 
     </span>
     <span class='ocr_line' id='line_1_43' title="bbox 171 3023 1056 3064; baseline 0.001 -2"><span class='ocrx_word' id='word_1_227' title='bbox 171 3028 392 3064; x_wconf 82' lang='lat' dir='ltr'>certamen</span> <span class='ocrx_word' id='word_1_228' title='bbox 419 3023 671 3064; x_wconf 85' lang='lat' dir='ltr'>excesserit.</span> <span class='ocrx_word' id='word_1_229' title='bbox 728 3023 791 3063; x_wconf 88' lang='lat' dir='ltr'>M.</span> <span class='ocrx_word' id='word_1_230' title='bbox 810 3023 1056 3064; x_wconf 85' lang='lat' dir='ltr'>Fundanius</span> 
     </span>
     <span class='ocr_line' id='line_1_44' title="bbox 169 3085 1056 3137; baseline 0.002 -11"><span class='ocrx_word' id='word_1_231' title='bbox 169 3092 216 3126; x_wconf 82' lang='lat' dir='ltr'>et</span> <span class='ocrx_word' id='word_1_232' title='bbox 235 3087 283 3127; x_wconf 81' lang='lat' dir='ltr'>L.</span> <span class='ocrx_word' id='word_1_233' title='bbox 308 3086 508 3128; x_wconf 86' lang='lat' dir='ltr'>Valerius</span> <span class='ocrx_word' id='word_1_234' title='bbox 541 3085 673 3126; x_wconf 74' lang='lat' dir='ltr'>tribb.</span> <span class='ocrx_word' id='word_1_235' title='bbox 712 3086 773 3137; x_wconf 91' lang='lat' dir='ltr'>pl.</span> <span class='ocrx_word' id='word_1_236' title='bbox 800 3086 855 3127; x_wconf 87' lang='lat' dir='ltr'>ad</span> <span class='ocrx_word' id='word_1_237' title='bbox 888 3087 1056 3137; x_wconf 87' lang='lat' dir='ltr'>plebem</span> 
     </span>
     <span class='ocr_line' id='line_1_45' title="bbox 173 3149 1054 3203; baseline 0.002 -14"><span class='ocrx_word' id='word_1_238' title='bbox 173 3149 363 3191; x_wconf 86' lang='lat' dir='ltr'>tulerunt</span> <span class='ocrx_word' id='word_1_239' title='bbox 395 3150 450 3191; x_wconf 91' lang='lat' dir='ltr'>de</span> <span class='ocrx_word' id='word_1_240' title='bbox 482 3150 629 3203; x_wconf 87' lang='lat' dir='ltr'>Oppia</span> <span class='ocrx_word' id='word_1_241' title='bbox 656 3151 752 3202; x_wconf 90' lang='lat' dir='ltr'>lege</span> <span class='ocrx_word' id='word_1_242' title='bbox 791 3150 1054 3203; x_wconf 87' lang='lat' dir='ltr'>abroganda.</span> 
     </span>
     <span class='ocr_line' id='line_1_46' title="bbox 169 3208 1054 3264; baseline -0.006 -13"><span class='ocrx_word' id='word_1_243' title='bbox 169 3211 344 3252; x_wconf 82' lang='lat' dir='ltr'>Tulerat</span> <span class='ocrx_word' id='word_1_244' title='bbox 362 3223 457 3251; x_wconf 88' lang='lat' dir='ltr'>eam</span> <span class='ocrx_word' id='word_1_245' title='bbox 479 3209 526 3249; x_wconf 87' lang='lat' dir='ltr'>C.</span> <span class='ocrx_word' id='word_1_246' title='bbox 547 3208 718 3260; x_wconf 78' lang='lat' dir='ltr'>oppius</span> <span class='ocrx_word' id='word_1_247' title='bbox 740 3208 935 3248; x_wconf 87' lang='lat' dir='ltr'>tribunus</span> <span class='ocrx_word' id='word_1_248' title='bbox 964 3213 1054 3264; x_wconf 75' lang='lat' dir='ltr'>ple.</span> 
     </span>
     <span class='ocr_line' id='line_1_47' title="bbox 171 3271 1055 3324; baseline 0.001 -12"><span class='ocrx_word' id='word_1_249' title='bbox 171 3271 255 3324; x_wconf 86' lang='lat' dir='ltr'>bis,</span> <span class='ocrx_word' id='word_1_250' title='bbox 276 3274 331 3316; x_wconf 84' lang='lat' dir='ltr'>Q.</span> <span class='ocrx_word' id='word_1_251' title='bbox 347 3273 499 3323; x_wconf 87' lang='lat' dir='ltr'>Fabio,</span> <span class='ocrx_word' id='word_1_252' title='bbox 516 3273 566 3311; x_wconf 89' lang='lat' dir='ltr'>T.</span> <span class='ocrx_word' id='word_1_253' title='bbox 586 3273 841 3323; x_wconf 87' lang='lat' dir='ltr'>Sempronio</span> <span class='ocrx_word' id='word_1_254' title='bbox 862 3273 1055 3314; x_wconf 87' lang='lat' dir='ltr'>Consuli-</span> 
     </span>
     <span class='ocr_line' id='line_1_48' title="bbox 172 3335 1054 3388; baseline 0 -11"><span class='ocrx_word' id='word_1_255' title='bbox 172 3335 271 3388; x_wconf 80' lang='lat' dir='ltr'>bus,</span> <span class='ocrx_word' id='word_1_256' title='bbox 287 3336 328 3376; x_wconf 92' lang='lat' dir='ltr'>in</span> <span class='ocrx_word' id='word_1_257' title='bbox 342 3337 484 3376; x_wconf 86' lang='lat' dir='ltr'>medio</span> <span class='ocrx_word' id='word_1_258' title='bbox 501 3337 658 3385; x_wconf 87' lang='lat' dir='ltr'>ardore</span> <span class='ocrx_word' id='word_1_259' title='bbox 674 3337 828 3377; x_wconf 90' lang='lat' dir='ltr'>Punici</span> <span class='ocrx_word' id='word_1_260' title='bbox 848 3337 964 3388; x_wconf 89' lang='lat' dir='ltr'>belli,</span> <span class='ocrx_word' id='word_1_261' title='bbox 984 3338 1054 3378; x_wconf 90' lang='lat' dir='ltr'>Ne</span> 
     </span>
     <span class='ocr_line' id='line_1_49' title="bbox 171 3400 1055 3452; baseline 0.005 -13"><span class='ocrx_word' id='word_1_262' title='bbox 171 3411 257 3452; x_wconf 80' lang='lat' dir='ltr'>qua</span> <span class='ocrx_word' id='word_1_263' title='bbox 277 3400 429 3440; x_wconf 87' lang='lat' dir='ltr'>mulier</span> <span class='ocrx_word' id='word_1_264' title='bbox 451 3401 545 3451; x_wconf 89' lang='lat' dir='ltr'>plus</span> <span class='ocrx_word' id='word_1_265' title='bbox 565 3402 784 3442; x_wconf 85' lang='lat' dir='ltr'>semuncia</span> <span class='ocrx_word' id='word_1_266' title='bbox 804 3403 898 3442; x_wconf 88' lang='lat' dir='ltr'>auri</span> <span class='ocrx_word' id='word_1_267' title='bbox 923 3401 1055 3442; x_wconf 85' lang='lat' dir='ltr'>habe-</span> 
     </span>
     <span class='ocr_line' id='line_1_50' title="bbox 171 3464 1054 3513; baseline 0.007 -12"><span class='ocrx_word' id='word_1_268' title='bbox 171 3467 256 3513; x_wconf 82' lang='lat' dir='ltr'>ret,</span> <span class='ocrx_word' id='word_1_269' title='bbox 274 3474 356 3502; x_wconf 88' lang='lat' dir='ltr'>neu</span> <span class='ocrx_word' id='word_1_270' title='bbox 377 3464 634 3505; x_wconf 84' lang='lat' dir='ltr'>vestimento</span> <span class='ocrx_word' id='word_1_271' title='bbox 651 3467 897 3506; x_wconf 87' lang='lat' dir='ltr'>versicolori</span> <span class='ocrx_word' id='word_1_272' title='bbox 913 3473 1054 3507; x_wconf 89' lang='lat' dir='ltr'>utere·</span> 
     </span>
     <span class='ocr_line' id='line_1_51' title="bbox 172 3527 1053 3584; baseline 0.007 -18"><span class='ocrx_word' id='word_1_273' title='bbox 172 3531 254 3579; x_wconf 87' lang='lat' dir='ltr'>tur,</span> <span class='ocrx_word' id='word_1_274' title='bbox 268 3538 350 3566; x_wconf 91' lang='lat' dir='ltr'>neu</span> <span class='ocrx_word' id='word_1_275' title='bbox 363 3527 519 3579; x_wconf 87' lang='lat' dir='ltr'>juncto</span> <span class='ocrx_word' id='word_1_276' title='bbox 537 3528 732 3570; x_wconf 87' lang='lat' dir='ltr'>vehiculo</span> <span class='ocrx_word' id='word_1_277' title='bbox 748 3530 792 3570; x_wconf 90' lang='lat' dir='ltr'>in</span> <span class='ocrx_word' id='word_1_278' title='bbox 813 3530 916 3572; x_wconf 90' lang='lat' dir='ltr'>urbe</span> <span class='ocrx_word' id='word_1_279' title='bbox 933 3531 1053 3584; x_wconf 87' lang='lat' dir='ltr'>oppi-</span> 
     </span>
    </p>
   </div>
   <div class='ocr_carea' id='block_1_4' title="bbox 1861 262 2002 316">
    <p class='ocr_par' dir='ltr' id='par_1_9' title="bbox 1861 262 2002 316">
     <span class='ocr_line' id='line_1_52' title="bbox 1861 262 2002 316; baseline 0.014 -2"><span class='ocrx_word' id='word_1_280' title='bbox 1861 262 2002 316; x_wconf 70' lang='lat'>1327</span> 
     </span>
    </p>
   </div>
   <div class='ocr_carea' id='block_1_5' title="bbox 1117 393 2019 3583">
    <p class='ocr_par' dir='ltr' id='par_1_10' title="bbox 1120 393 2019 3062">
     <span class='ocr_line' id='line_1_53' title="bbox 1127 393 2011 447; baseline -0.001 -14"><span class='ocrx_word' id='word_1_281' title='bbox 1127 393 1251 443; x_wconf 89' lang='lat' dir='ltr'>dove,</span> <span class='ocrx_word' id='word_1_282' title='bbox 1282 400 1355 434; x_wconf 88' lang='lat' dir='ltr'>aut</span> <span class='ocrx_word' id='word_1_283' title='bbox 1374 395 1550 447; x_wconf 86' lang='lat' dir='ltr'>propius</span> <span class='ocrx_word' id='word_1_284' title='bbox 1571 394 1669 434; x_wconf 85' lang='lat' dir='ltr'>inde</span> <span class='ocrx_word' id='word_1_285' title='bbox 1699 393 1814 433; x_wconf 90' lang='lat' dir='ltr'>mille</span> <span class='ocrx_word' id='word_1_286' title='bbox 1846 406 2011 445; x_wconf 85' lang='lat' dir='ltr'>passus,</span> 
     </span>
     <span class='ocr_line' id='line_1_54' title="bbox 1126 457 2012 510; baseline 0.001 -14"><span class='ocrx_word' id='word_1_287' title='bbox 1126 457 1207 496; x_wconf 92' lang='lat' dir='ltr'>nisi</span> <span class='ocrx_word' id='word_1_288' title='bbox 1223 470 1438 498; x_wconf 84' lang='lat' dir='ltr'>sacrorum</span> <span class='ocrx_word' id='word_1_289' title='bbox 1453 459 1720 510; x_wconf 59' lang='lat' dir='ltr'>publicorum</span> <span class='ocrx_word' id='word_1_290' title='bbox 1734 469 1866 498; x_wconf 86' lang='lat' dir='ltr'>eausa</span> <span class='ocrx_word' id='word_1_291' title='bbox 1885 459 2012 498; x_wconf 86' lang='lat' dir='ltr'>vehe-</span> 
     </span>
     <span class='ocr_line' id='line_1_55' title="bbox 1127 523 2013 566; baseline -0.002 -4"><span class='ocrx_word' id='word_1_292' title='bbox 1127 530 1262 564; x_wconf 87' lang='lat' dir='ltr'>retur.</span> <span class='ocrx_word' id='word_1_293' title='bbox 1322 524 1382 565; x_wconf 87' lang='lat' dir='ltr'>M.</span> <span class='ocrx_word' id='word_1_294' title='bbox 1416 532 1461 565; x_wconf 90' lang='lat' dir='ltr'>et</span> <span class='ocrx_word' id='word_1_295' title='bbox 1497 525 1550 565; x_wconf 86' lang='lat' dir='ltr'>P.</span> <span class='ocrx_word' id='word_1_296' title='bbox 1584 524 1702 566; x_wconf 85' lang='lat' dir='ltr'>Junii</span> <span class='ocrx_word' id='word_1_297' title='bbox 1734 524 1862 564; x_wconf 88' lang='lat' dir='ltr'>Bruti</span> <span class='ocrx_word' id='word_1_298' title='bbox 1882 523 2013 565; x_wconf 87' lang='lat' dir='ltr'>tribb.</span> 
     </span>
     <span class='ocr_line' id='line_1_56' title="bbox 1128 587 2012 640; baseline 0.003 -15"><span class='ocrx_word' id='word_1_299' title='bbox 1128 587 1185 637; x_wconf 89' lang='lat' dir='ltr'>pl.</span> <span class='ocrx_word' id='word_1_300' title='bbox 1217 588 1357 639; x_wconf 81' lang='lat' dir='ltr'>legem</span> <span class='ocrx_word' id='word_1_301' title='bbox 1391 588 1580 640; x_wconf 87' lang='lat' dir='ltr'>Oppiam</span> <span class='ocrx_word' id='word_1_302' title='bbox 1607 588 1852 638; x_wconf 87' lang='lat' dir='ltr'>tuebantur,</span> <span class='ocrx_word' id='word_1_303' title='bbox 1873 599 2012 640; x_wconf 87' lang='lat' dir='ltr'>neque</span> 
     </span>
     <span class='ocr_line' id='line_1_57' title="bbox 1128 652 2010 705; baseline 0.003 -16"><span class='ocrx_word' id='word_1_304' title='bbox 1128 662 1223 690; x_wconf 88' lang='lat' dir='ltr'>eam</span> <span class='ocrx_word' id='word_1_305' title='bbox 1258 663 1304 690; x_wconf 90' lang='lat' dir='ltr'>se</span> <span class='ocrx_word' id='word_1_306' title='bbox 1344 652 1542 704; x_wconf 82' lang='lat' dir='ltr'>abrogari</span> <span class='ocrx_word' id='word_1_307' title='bbox 1581 665 1780 705; x_wconf 88' lang='lat' dir='ltr'>passuros</span> <span class='ocrx_word' id='word_1_308' title='bbox 1809 652 2010 692; x_wconf 82' lang='lat' dir='ltr'>aiebant:</span> 
     </span>
     <span class='ocr_line' id='line_1_58' title="bbox 1128 715 2015 769; baseline -0.001 -13"><span class='ocrx_word' id='word_1_309' title='bbox 1128 715 1181 756; x_wconf 86' lang='lat' dir='ltr'>ad</span> <span class='ocrx_word' id='word_1_310' title='bbox 1195 715 1458 756; x_wconf 87' lang='lat' dir='ltr'>suadendum</span> <span class='ocrx_word' id='word_1_311' title='bbox 1475 716 1891 769; x_wconf 85' lang='lat' dir='ltr'>dissuadendumque</span> <span class='ocrx_word' id='word_1_312' title='bbox 1908 717 2015 756; x_wconf 87' lang='lat' dir='ltr'>mul-</span> 
     </span>
     <span class='ocr_line' id='line_1_59' title="bbox 1127 779 2014 833; baseline -0.001 -13"><span class='ocrx_word' id='word_1_313' title='bbox 1127 780 1162 820; x_wconf 90' lang='lat' dir='ltr'>ti</span> <span class='ocrx_word' id='word_1_314' title='bbox 1182 779 1348 819; x_wconf 87' lang='lat' dir='ltr'>nobiles</span> <span class='ocrx_word' id='word_1_315' title='bbox 1369 780 1623 832; x_wconf 85' lang='lat' dir='ltr'>prodibant:</span> <span class='ocrx_word' id='word_1_316' title='bbox 1648 780 1908 833; x_wconf 87' lang='lat' dir='ltr'>Capitolium</span> <span class='ocrx_word' id='word_1_317' title='bbox 1924 786 2014 820; x_wconf 88' lang='lat' dir='ltr'>tur-</span> 
     </span>
     <span class='ocr_line' id='line_1_60' title="bbox 1127 840 2013 886; baseline 0.001 -2"><span class='ocrx_word' id='word_1_318' title='bbox 1127 844 1183 884; x_wconf 90' lang='lat' dir='ltr'>ba</span> <span class='ocrx_word' id='word_1_319' title='bbox 1227 844 1443 885; x_wconf 85' lang='lat' dir='ltr'>bominum</span> <span class='ocrx_word' id='word_1_320' title='bbox 1497 845 1730 885; x_wconf 82' lang='lat' dir='ltr'>faventium</span> <span class='ocrx_word' id='word_1_321' title='bbox 1779 840 2013 886; x_wconf 57' lang='lat' dir='ltr'>&#39;adversan-</span> 
     </span>
     <span class='ocr_line' id='line_1_61' title="bbox 1127 908 2012 961; baseline 0.001 -14"><span class='ocrx_word' id='word_1_322' title='bbox 1127 908 1318 961; x_wconf 89' lang='lat' dir='ltr'>tiumque</span> <span class='ocrx_word' id='word_1_323' title='bbox 1339 908 1425 960; x_wconf 82' lang='lat' dir='ltr'>legi</span> <span class='ocrx_word' id='word_1_324' title='bbox 1443 909 1741 961; x_wconf 86' lang='lat' dir='ltr'>complebatur</span> <span class='ocrx_word' id='word_1_325' title='bbox 1760 922 1770 948; x_wconf 80' lang='lat' dir='ltr'><em>z</em></span> <span class='ocrx_word' id='word_1_326' title='bbox 1806 913 2012 949; x_wconf 84' lang='lat' dir='ltr'>matronae</span> 
     </span>
     <span class='ocr_line' id='line_1_62' title="bbox 1128 973 2015 1023; baseline 0.001 -11"><span class='ocrx_word' id='word_1_327' title='bbox 1128 973 1244 1012; x_wconf 91' lang='lat' dir='ltr'>nulla</span> <span class='ocrx_word' id='word_1_328' title='bbox 1261 985 1340 1014; x_wconf 85' lang='lat' dir='ltr'>nec</span> <span class='ocrx_word' id='word_1_329' title='bbox 1356 973 1633 1023; x_wconf 85' lang='lat' dir='ltr'>auctoritate,</span> <span class='ocrx_word' id='word_1_330' title='bbox 1646 985 1724 1012; x_wconf 88' lang='lat' dir='ltr'>nec</span> <span class='ocrx_word' id='word_1_331' title='bbox 1738 973 2015 1023; x_wconf 83' lang='lat' dir='ltr'>verecundia,</span> 
     </span>
     <span class='ocr_line' id='line_1_63' title="bbox 1127 1037 2016 1090; baseline 0 -14"><span class='ocrx_word' id='word_1_332' title='bbox 1127 1049 1208 1078; x_wconf 90' lang='lat' dir='ltr'>nec</span> <span class='ocrx_word' id='word_1_333' title='bbox 1229 1037 1410 1090; x_wconf 91' lang='lat' dir='ltr'>imperio</span> <span class='ocrx_word' id='word_1_334' title='bbox 1429 1038 1631 1088; x_wconf 86' lang='lat' dir='ltr'>virorum,</span> <span class='ocrx_word' id='word_1_335' title='bbox 1647 1037 2016 1077; x_wconf 72' lang='lat' dir='ltr'>contium-nimine</span> 
     </span>
     <span class='ocr_line' id='line_1_64' title="bbox 1129 1101 2015 1153; baseline 0 -13"><span class='ocrx_word' id='word_1_336' title='bbox 1129 1107 1349 1152; x_wconf 87' lang='lat' dir='ltr'>poterant,</span> <span class='ocrx_word' id='word_1_337' title='bbox 1370 1114 1517 1141; x_wconf 90' lang='lat' dir='ltr'>omnes</span> <span class='ocrx_word' id='word_1_338' title='bbox 1547 1101 1636 1141; x_wconf 86' lang='lat' dir='ltr'>vias</span> <span class='ocrx_word' id='word_1_339' title='bbox 1653 1101 1768 1142; x_wconf 89' lang='lat' dir='ltr'>urbis</span> <span class='ocrx_word' id='word_1_340' title='bbox 1786 1101 2015 1153; x_wconf 84' lang='lat' dir='ltr'>aditusque</span> 
     </span>
     <span class='ocr_line' id='line_1_65' title="bbox 1129 1164 2014 1215; baseline 0 -11"><span class='ocrx_word' id='word_1_341' title='bbox 1129 1164 1172 1204; x_wconf 90' lang='lat' dir='ltr'>in</span> <span class='ocrx_word' id='word_1_342' title='bbox 1184 1164 1324 1206; x_wconf 86' lang='lat' dir='ltr'>forum</span> <span class='ocrx_word' id='word_1_343' title='bbox 1337 1165 1609 1215; x_wconf 82' lang='lat' dir='ltr'>obsidebant,</span> <span class='ocrx_word' id='word_1_344' title='bbox 1624 1165 1737 1205; x_wconf 88' lang='lat' dir='ltr'>viros</span> <span class='ocrx_word' id='word_1_345' title='bbox 1749 1165 2014 1206; x_wconf 86' lang='lat' dir='ltr'>descenden-</span> 
     </span>
     <span class='ocr_line' id='line_1_66' title="bbox 1129 1227 2015 1281; baseline 0 -13"><span class='ocrx_word' id='word_1_346' title='bbox 1129 1233 1195 1269; x_wconf 87' lang='lat' dir='ltr'>tes</span> <span class='ocrx_word' id='word_1_347' title='bbox 1216 1228 1270 1269; x_wconf 92' lang='lat' dir='ltr'>ad</span> <span class='ocrx_word' id='word_1_348' title='bbox 1290 1227 1428 1269; x_wconf 88' lang='lat' dir='ltr'>forum</span> <span class='ocrx_word' id='word_1_349' title='bbox 1448 1236 1636 1281; x_wconf 87' lang='lat' dir='ltr'>orantes,</span> <span class='ocrx_word' id='word_1_350' title='bbox 1656 1236 1720 1280; x_wconf 93' lang='lat' dir='ltr'>ut,</span> <span class='ocrx_word' id='word_1_351' title='bbox 1740 1228 1922 1271; x_wconf 86' lang='lat' dir='ltr'>florente</span> <span class='ocrx_word' id='word_1_352' title='bbox 1949 1241 2015 1269; x_wconf 82' lang='lat' dir='ltr'>re-</span> 
     </span>
     <span class='ocr_line' id='line_1_67' title="bbox 1128 1292 2016 1345; baseline 0.001 -13"><span class='ocrx_word' id='word_1_353' title='bbox 1128 1292 1316 1345; x_wconf 88' lang='lat' dir='ltr'>publica,</span> <span class='ocrx_word' id='word_1_354' title='bbox 1337 1300 1561 1334; x_wconf 86' lang='lat' dir='ltr'>crescente</span> <span class='ocrx_word' id='word_1_355' title='bbox 1580 1293 1718 1333; x_wconf 87' lang='lat' dir='ltr'>indies</span> <span class='ocrx_word' id='word_1_356' title='bbox 1743 1293 1910 1345; x_wconf 84' lang='lat' dir='ltr'>privata</span> <span class='ocrx_word' id='word_1_357' title='bbox 1930 1307 2016 1335; x_wconf 84' lang='lat' dir='ltr'>om-</span> 
     </span>
     <span class='ocr_line' id='line_1_68' title="bbox 1128 1355 2019 1411; baseline 0.003 -16"><span class='ocrx_word' id='word_1_358' title='bbox 1128 1356 1245 1396; x_wconf 90' lang='lat' dir='ltr'>nium</span> <span class='ocrx_word' id='word_1_359' title='bbox 1272 1355 1462 1407; x_wconf 78' lang='lat' dir='ltr'>fortuna,</span> <span class='ocrx_word' id='word_1_360' title='bbox 1489 1357 1696 1398; x_wconf 89' lang='lat' dir='ltr'>matronis</span> <span class='ocrx_word' id='word_1_361' title='bbox 1723 1370 1890 1410; x_wconf 90' lang='lat' dir='ltr'>quoque</span> <span class='ocrx_word' id='word_1_362' title='bbox 1911 1358 2019 1411; x_wconf 87' lang='lat' dir='ltr'>pris-</span> 
     </span>
     <span class='ocr_line' id='line_1_69' title="bbox 1130 1420 2017 1473; baseline 0.002 -13"><span class='ocrx_word' id='word_1_363' title='bbox 1130 1420 1266 1460; x_wconf 88' lang='lat' dir='ltr'>tinum</span> <span class='ocrx_word' id='word_1_364' title='bbox 1322 1428 1518 1464; x_wconf 84' lang='lat' dir='ltr'>ornatum</span> <span class='ocrx_word' id='word_1_365' title='bbox 1576 1421 1699 1461; x_wconf 86' lang='lat' dir='ltr'>reddi</span> <span class='ocrx_word' id='word_1_366' title='bbox 1744 1426 2017 1473; x_wconf 84' lang='lat' dir='ltr'>paterentur.</span> 
     </span>
     <span class='ocr_line' id='line_1_70' title="bbox 1129 1481 2014 1537; baseline 0.001 -14"><span class='ocrx_word' id='word_1_367' title='bbox 1129 1481 1383 1535; x_wconf 86' lang='lat' dir='ltr'>Augebatur</span> <span class='ocrx_word' id='word_1_368' title='bbox 1398 1484 1491 1526; x_wconf 87' lang='lat' dir='ltr'>haec</span> <span class='ocrx_word' id='word_1_369' title='bbox 1510 1483 1756 1537; x_wconf 83' lang='lat' dir='ltr'>frequentia</span> <span class='ocrx_word' id='word_1_370' title='bbox 1787 1485 2014 1525; x_wconf 86' lang='lat' dir='ltr'>mulierum</span> 
     </span>
     <span class='ocr_line' id='line_1_71' title="bbox 1127 1547 2017 1601; baseline 0.001 -14"><span class='ocrx_word' id='word_1_371' title='bbox 1127 1547 1267 1589; x_wconf 90' lang='lat' dir='ltr'>indies</span> <span class='ocrx_word' id='word_1_372' title='bbox 1277 1565 1289 1600; x_wconf 83' lang='lat'>3</span> <span class='ocrx_word' id='word_1_373' title='bbox 1305 1561 1402 1591; x_wconf 88' lang='lat' dir='ltr'>nam</span> <span class='ocrx_word' id='word_1_374' title='bbox 1417 1549 1546 1590; x_wconf 87' lang='lat' dir='ltr'>etiam</span> <span class='ocrx_word' id='word_1_375' title='bbox 1562 1561 1614 1589; x_wconf 89' lang='lat' dir='ltr'>ex</span> <span class='ocrx_word' id='word_1_376' title='bbox 1631 1548 1799 1601; x_wconf 82' lang='lat' dir='ltr'>oppidis</span> <span class='ocrx_word' id='word_1_377' title='bbox 1815 1548 2017 1589; x_wconf 85' lang='lat' dir='ltr'>concilia-</span> 
     </span>
     <span class='ocr_line' id='line_1_72' title="bbox 1127 1612 2014 1667; baseline 0.001 -15"><span class='ocrx_word' id='word_1_378' title='bbox 1127 1612 1321 1667; x_wconf 85' lang='lat' dir='ltr'>bulisque</span> <span class='ocrx_word' id='word_1_379' title='bbox 1357 1620 1673 1654; x_wconf 83' lang='lat' dir='ltr'>convenerant:</span> <span class='ocrx_word' id='word_1_380' title='bbox 1704 1613 1796 1665; x_wconf 88' lang='lat' dir='ltr'>jam</span> <span class='ocrx_word' id='word_1_381' title='bbox 1835 1619 1881 1653; x_wconf 90' lang='lat' dir='ltr'>et</span> <span class='ocrx_word' id='word_1_382' title='bbox 1912 1625 2014 1653; x_wconf 85' lang='lat' dir='ltr'>con-</span> 
     </span>
     <span class='ocr_line' id='line_1_73' title="bbox 1126 1676 2014 1730; baseline 0 -14"><span class='ocrx_word' id='word_1_383' title='bbox 1126 1676 1255 1728; x_wconf 82' lang='lat' dir='ltr'>sules,</span> <span class='ocrx_word' id='word_1_384' title='bbox 1273 1683 1318 1718; x_wconf 92' lang='lat' dir='ltr'>et</span> <span class='ocrx_word' id='word_1_385' title='bbox 1338 1683 1564 1729; x_wconf 83' lang='lat' dir='ltr'>praetores,</span> <span class='ocrx_word' id='word_1_386' title='bbox 1581 1676 1772 1730; x_wconf 85' lang='lat' dir='ltr'>aliosque</span> <span class='ocrx_word' id='word_1_387' title='bbox 1790 1677 2014 1729; x_wconf 82' lang='lat' dir='ltr'>magistra-</span> 
     </span>
     <span class='ocr_line' id='line_1_74' title="bbox 1129 1740 2016 1793; baseline 0 -13"><span class='ocrx_word' id='word_1_388' title='bbox 1129 1745 1214 1790; x_wconf 92' lang='lat' dir='ltr'>tus,</span> <span class='ocrx_word' id='word_1_389' title='bbox 1235 1740 1354 1781; x_wconf 90' lang='lat' dir='ltr'>adire</span> <span class='ocrx_word' id='word_1_390' title='bbox 1375 1748 1420 1782; x_wconf 89' lang='lat' dir='ltr'>et</span> <span class='ocrx_word' id='word_1_391' title='bbox 1437 1753 1589 1793; x_wconf 85' lang='lat' dir='ltr'>rogare</span> <span class='ocrx_word' id='word_1_392' title='bbox 1613 1741 1860 1791; x_wconf 85' lang='lat' dir='ltr'>audebant;</span> <span class='ocrx_word' id='word_1_393' title='bbox 1890 1746 2016 1782; x_wconf 80' lang='lat' dir='ltr'>eaete-</span> 
     </span>
     <span class='ocr_line' id='line_1_75' title="bbox 1126 1805 2015 1847; baseline 0.001 -3"><span class='ocrx_word' id='word_1_394' title='bbox 1126 1816 1219 1845; x_wconf 86' lang='lat' dir='ltr'>rum</span> <span class='ocrx_word' id='word_1_395' title='bbox 1248 1805 1422 1846; x_wconf 86' lang='lat' dir='ltr'>minime</span> <span class='ocrx_word' id='word_1_396' title='bbox 1450 1806 1711 1847; x_wconf 87' lang='lat' dir='ltr'>exorabilem</span> <span class='ocrx_word' id='word_1_397' title='bbox 1734 1807 1913 1846; x_wconf 86' lang='lat' dir='ltr'>alterum</span> <span class='ocrx_word' id='word_1_398' title='bbox 1932 1806 2015 1846; x_wconf 84' lang='lat' dir='ltr'>uti-</span> 
     </span>
     <span class='ocr_line' id='line_1_76' title="bbox 1127 1870 2013 1923; baseline -0.001 -13"><span class='ocrx_word' id='word_1_399' title='bbox 1127 1882 1210 1923; x_wconf 89' lang='lat' dir='ltr'>que</span> <span class='ocrx_word' id='word_1_400' title='bbox 1240 1871 1458 1911; x_wconf 89' lang='lat' dir='ltr'>consulem</span> <span class='ocrx_word' id='word_1_401' title='bbox 1487 1872 1550 1911; x_wconf 92' lang='lat' dir='ltr'>M.</span> <span class='ocrx_word' id='word_1_402' title='bbox 1580 1870 1783 1910; x_wconf 90' lang='lat' dir='ltr'>Porcium</span> <span class='ocrx_word' id='word_1_403' title='bbox 1805 1871 2013 1910; x_wconf 89' lang='lat' dir='ltr'>Catonem</span> 
     </span>
     <span class='ocr_line' id='line_1_77' title="bbox 1125 1933 2012 1987; baseline 0.002 -14"><span class='ocrx_word' id='word_1_404' title='bbox 1125 1933 1377 1986; x_wconf 83' lang='lat' dir='ltr'>habebant,&#39;</span> <span class='ocrx_word' id='word_1_405' title='bbox 1396 1936 1469 1987; x_wconf 91' lang='lat' dir='ltr'>qui</span> <span class='ocrx_word' id='word_1_406' title='bbox 1501 1947 1580 1986; x_wconf 89' lang='lat' dir='ltr'>pro</span> <span class='ocrx_word' id='word_1_407' title='bbox 1614 1935 1799 1986; x_wconf 87' lang='lat' dir='ltr'>lege‚ne</span> <span class='ocrx_word' id='word_1_408' title='bbox 1834 1934 2012 1987; x_wconf 86' lang='lat' dir='ltr'>abroga-</span> 
     </span>
     <span class='ocr_line' id='line_1_78' title="bbox 1126 1998 2012 2052; baseline 0.001 -13"><span class='ocrx_word' id='word_1_409' title='bbox 1126 2004 1260 2051; x_wconf 89' lang='lat' dir='ltr'>retur,</span> <span class='ocrx_word' id='word_1_410' title='bbox 1292 2000 1588 2052; x_wconf 84' lang='lat' dir='ltr'>copiosissime</span> <span class='ocrx_word' id='word_1_411' title='bbox 1618 1998 2012 2052; x_wconf 88' lang='lat' dir='ltr'>facundissimeque</span> 
     </span>
     <span class='ocr_line' id='line_1_79' title="bbox 1126 2063 2014 2116; baseline -0.001 -13"><span class='ocrx_word' id='word_1_412' title='bbox 1126 2064 1355 2104; x_wconf 89' lang='lat' dir='ltr'>disseruit:</span> <span class='ocrx_word' id='word_1_413' title='bbox 1390 2065 1510 2116; x_wconf 85' lang='lat' dir='ltr'>cujus</span> <span class='ocrx_word' id='word_1_414' title='bbox 1553 2064 1812 2104; x_wconf 86' lang='lat' dir='ltr'>seutentiam</span> <span class='ocrx_word' id='word_1_415' title='bbox 1852 2063 2014 2104; x_wconf 82' lang='lat' dir='ltr'>tribuni</span> 
     </span>
     <span class='ocr_line' id='line_1_80' title="bbox 1126 2127 2012 2181; baseline -0.001 -13"><span class='ocrx_word' id='word_1_416' title='bbox 1126 2128 1284 2180; x_wconf 86' lang='lat' dir='ltr'>plebis,</span> <span class='ocrx_word' id='word_1_417' title='bbox 1302 2130 1374 2181; x_wconf 91' lang='lat' dir='ltr'>qui</span> <span class='ocrx_word' id='word_1_418' title='bbox 1410 2141 1453 2168; x_wconf 88' lang='lat' dir='ltr'>se</span> <span class='ocrx_word' id='word_1_419' title='bbox 1488 2129 1796 2168; x_wconf 85' lang='lat' dir='ltr'>intercessuros</span> <span class='ocrx_word' id='word_1_420' title='bbox 1831 2127 2012 2180; x_wconf 86' lang='lat' dir='ltr'>professi</span> 
     </span>
     <span class='ocr_line' id='line_1_81' title="bbox 1125 2192 2013 2243; baseline 0.002 -13"><span class='ocrx_word' id='word_1_421' title='bbox 1125 2198 1267 2239; x_wconf 84' lang='lat' dir='ltr'>erant,</span> <span class='ocrx_word' id='word_1_422' title='bbox 1309 2193 1454 2232; x_wconf 83' lang='lat' dir='ltr'>multis</span> <span class='ocrx_word' id='word_1_423' title='bbox 1490 2192 1632 2232; x_wconf 83' lang='lat' dir='ltr'>verbis</span> <span class='ocrx_word' id='word_1_424' title='bbox 1665 2192 2013 2243; x_wconf 84' lang='lat' dir='ltr'>comprobarunt.</span> 
     </span>
     <span class='ocr_line' id='line_1_82' title="bbox 1126 2254 2010 2306; baseline 0 -11"><span class='ocrx_word' id='word_1_425' title='bbox 1126 2255 1290 2296; x_wconf 87' lang='lat' dir='ltr'>Contra</span> <span class='ocrx_word' id='word_1_426' title='bbox 1318 2267 1420 2297; x_wconf 86' lang='lat' dir='ltr'>vero</span> <span class='ocrx_word' id='word_1_427' title='bbox 1455 2257 1505 2296; x_wconf 82' lang='lat' dir='ltr'>L.</span> <span class='ocrx_word' id='word_1_428' title='bbox 1534 2256 1733 2295; x_wconf 90' lang='lat' dir='ltr'>Valerius</span> <span class='ocrx_word' id='word_1_429' title='bbox 1761 2255 1861 2295; x_wconf 88' lang='lat' dir='ltr'>trib.</span> <span class='ocrx_word' id='word_1_430' title='bbox 1895 2254 2010 2306; x_wconf 89' lang='lat' dir='ltr'>pleb.</span> 
     </span>
     <span class='ocr_line' id='line_1_83' title="bbox 1127 2319 2011 2370; baseline 0.001 -12"><span class='ocrx_word' id='word_1_431' title='bbox 1127 2319 1234 2359; x_wconf 91' lang='lat' dir='ltr'>Cum</span> <span class='ocrx_word' id='word_1_432' title='bbox 1255 2321 1391 2359; x_wconf 89' lang='lat' dir='ltr'>multa</span> <span class='ocrx_word' id='word_1_433' title='bbox 1410 2324 1455 2359; x_wconf 86' lang='lat' dir='ltr'>et</span> <span class='ocrx_word' id='word_1_434' title='bbox 1475 2324 1626 2359; x_wconf 87' lang='lat' dir='ltr'>contra</span> <span class='ocrx_word' id='word_1_435' title='bbox 1660 2319 1819 2370; x_wconf 86' lang='lat' dir='ltr'>legem,</span> <span class='ocrx_word' id='word_1_436' title='bbox 1854 2325 1900 2358; x_wconf 92' lang='lat' dir='ltr'>et</span> <span class='ocrx_word' id='word_1_437' title='bbox 1932 2330 2011 2370; x_wconf 91' lang='lat' dir='ltr'>pro</span> 
     </span>
     <span class='ocr_line' id='line_1_84' title="bbox 1124 2383 2014 2436; baseline -0.001 -13"><span class='ocrx_word' id='word_1_438' title='bbox 1124 2384 1222 2436; x_wconf 85' lang='lat' dir='ltr'>lege</span> <span class='ocrx_word' id='word_1_439' title='bbox 1254 2384 1374 2425; x_wconf 86' lang='lat' dir='ltr'>dicta</span> <span class='ocrx_word' id='word_1_440' title='bbox 1411 2390 1566 2435; x_wconf 86' lang='lat' dir='ltr'>essent,</span> <span class='ocrx_word' id='word_1_441' title='bbox 1593 2384 1840 2436; x_wconf 86' lang='lat' dir='ltr'>‘aliquanto</span> <span class='ocrx_word' id='word_1_442' title='bbox 1872 2383 2014 2434; x_wconf 86' lang='lat' dir='ltr'>major</span> 
     </span>
     <span class='ocr_line' id='line_1_85' title="bbox 1124 2446 2011 2502; baseline 0 -15"><span class='ocrx_word' id='word_1_443' title='bbox 1124 2446 1370 2502; x_wconf 81' lang='lat' dir='ltr'>frequentia</span> <span class='ocrx_word' id='word_1_444' title='bbox 1385 2449 1625 2500; x_wconf 87' lang='lat' dir='ltr'>mulierum,</span> <span class='ocrx_word' id='word_1_445' title='bbox 1641 2453 1815 2500; x_wconf 86' lang='lat' dir='ltr'>postero</span> <span class='ocrx_word' id='word_1_446' title='bbox 1834 2446 1903 2486; x_wconf 88' lang='lat' dir='ltr'>die</span> <span class='ocrx_word' id='word_1_447' title='bbox 1917 2458 2011 2487; x_wconf 86' lang='lat' dir='ltr'>sese</span> 
     </span>
     <span class='ocr_line' id='line_1_86' title="bbox 1124 2510 2012 2565; baseline -0.001 -14"><span class='ocrx_word' id='word_1_448' title='bbox 1124 2512 1165 2551; x_wconf 91' lang='lat' dir='ltr'>in</span> <span class='ocrx_word' id='word_1_449' title='bbox 1187 2511 1409 2565; x_wconf 89' lang='lat' dir='ltr'>publicum</span> <span class='ocrx_word' id='word_1_450' title='bbox 1428 2510 1600 2564; x_wconf 84' lang='lat' dir='ltr'>effudit,</span> <span class='ocrx_word' id='word_1_451' title='bbox 1634 2522 1807 2563; x_wconf 88' lang='lat' dir='ltr'>unoque</span> <span class='ocrx_word' id='word_1_452' title='bbox 1840 2511 2012 2562; x_wconf 84' lang='lat' dir='ltr'>agmine</span> 
     </span>
     <span class='ocr_line' id='line_1_87' title="bbox 1125 2576 2011 2629; baseline -0.002 -12"><span class='ocrx_word' id='word_1_453' title='bbox 1125 2589 1271 2618; x_wconf 89' lang='lat' dir='ltr'>omues</span> <span class='ocrx_word' id='word_1_454' title='bbox 1319 2578 1587 2618; x_wconf 87' lang='lat' dir='ltr'>tribunorum</span> <span class='ocrx_word' id='word_1_455' title='bbox 1627 2577 1779 2629; x_wconf 86' lang='lat' dir='ltr'>januas</span> <span class='ocrx_word' id='word_1_456' title='bbox 1829 2576 2011 2616; x_wconf 86' lang='lat' dir='ltr'>obsede-</span> 
     </span>
     <span class='ocr_line' id='line_1_88' title="bbox 1126 2640 2010 2694; baseline -0.002 -14"><span class='ocrx_word' id='word_1_457' title='bbox 1126 2647 1242 2691; x_wconf 89' lang='lat' dir='ltr'>runt,</span> <span class='ocrx_word' id='word_1_458' title='bbox 1263 2641 1336 2694; x_wconf 89' lang='lat' dir='ltr'>qui</span> <span class='ocrx_word' id='word_1_459' title='bbox 1352 2643 1611 2694; x_wconf 85' lang='lat' dir='ltr'>collegarum</span> <span class='ocrx_word' id='word_1_460' title='bbox 1634 2640 1847 2692; x_wconf 87' lang='lat' dir='ltr'>rogationi</span> <span class='ocrx_word' id='word_1_461' title='bbox 1878 2640 2010 2679; x_wconf 86' lang='lat' dir='ltr'>inter-</span> 
     </span>
     <span class='ocr_line' id='line_1_89' title="bbox 1125 2706 2011 2758; baseline -0.001 -13"><span class='ocrx_word' id='word_1_462' title='bbox 1125 2706 1354 2755; x_wconf 87' lang='lat' dir='ltr'>cedebant,</span> <span class='ocrx_word' id='word_1_463' title='bbox 1374 2718 1454 2747; x_wconf 89' lang='lat' dir='ltr'>nec</span> <span class='ocrx_word' id='word_1_464' title='bbox 1472 2713 1572 2748; x_wconf 89' lang='lat' dir='ltr'>ante</span> <span class='ocrx_word' id='word_1_465' title='bbox 1589 2706 1865 2756; x_wconf 89' lang='lat' dir='ltr'>abstiterunt,</span> <span class='ocrx_word' id='word_1_466' title='bbox 1884 2717 2011 2758; x_wconf 78' lang='lat' dir='ltr'>quum</span> 
     </span>
     <span class='ocr_line' id='line_1_90' title="bbox 1124 2769 2009 2809; baseline -0.001 -2"><span class='ocrx_word' id='word_1_467' title='bbox 1124 2769 1296 2809; x_wconf 84' lang='lat' dir='ltr'>remissa</span> <span class='ocrx_word' id='word_1_468' title='bbox 1331 2769 1588 2809; x_wconf 89' lang='lat' dir='ltr'>intercessio</span> <span class='ocrx_word' id='word_1_469' title='bbox 1632 2781 1657 2808; x_wconf 91' lang='lat' dir='ltr'>a</span> <span class='ocrx_word' id='word_1_470' title='bbox 1699 2769 1882 2808; x_wconf 86' lang='lat' dir='ltr'>tribunis</span> <span class='ocrx_word' id='word_1_471' title='bbox 1929 2777 2009 2807; x_wconf 84' lang='lat' dir='ltr'>est.</span> 
     </span>
     <span class='ocr_line' id='line_1_91' title="bbox 1125 2831 2009 2884; baseline -0.002 -13"><span class='ocrx_word' id='word_1_472' title='bbox 1125 2831 1258 2872; x_wconf 87' lang='lat' dir='ltr'>Nulla</span> <span class='ocrx_word' id='word_1_473' title='bbox 1295 2831 1454 2872; x_wconf 89' lang='lat' dir='ltr'>deinde</span> <span class='ocrx_word' id='word_1_474' title='bbox 1504 2831 1720 2873; x_wconf 87' lang='lat' dir='ltr'>dubitatio</span> <span class='ocrx_word' id='word_1_475' title='bbox 1762 2831 1859 2883; x_wconf 88' lang='lat' dir='ltr'>fuit,</span> <span class='ocrx_word' id='word_1_476' title='bbox 1906 2831 2009 2884; x_wconf 79' lang='lat' dir='ltr'>quin</span> 
     </span>
     <span class='ocr_line' id='line_1_92' title="bbox 1122 2894 2010 2949; baseline -0.002 -14"><span class='ocrx_word' id='word_1_477' title='bbox 1122 2908 1270 2935; x_wconf 90' lang='lat' dir='ltr'>omnes</span> <span class='ocrx_word' id='word_1_478' title='bbox 1290 2896 1426 2936; x_wconf 89' lang='lat' dir='ltr'>tribus</span> <span class='ocrx_word' id='word_1_479' title='bbox 1447 2897 1583 2949; x_wconf 85' lang='lat' dir='ltr'>legem</span> <span class='ocrx_word' id='word_1_480' title='bbox 1597 2896 1873 2948; x_wconf 86' lang='lat' dir='ltr'>abrogarent.</span> <span class='ocrx_word' id='word_1_481' title='bbox 1919 2894 2010 2935; x_wconf 88' lang='lat' dir='ltr'>An·</span> 
     </span>
     <span class='ocr_line' id='line_1_93' title="bbox 1120 2959 2008 3012; baseline 0.001 -15"><span class='ocrx_word' id='word_1_482' title='bbox 1120 2959 1186 2998; x_wconf 87' lang='lat' dir='ltr'>nis</span> <span class='ocrx_word' id='word_1_483' title='bbox 1209 2960 1363 3011; x_wconf 84' lang='lat' dir='ltr'>viginti</span> <span class='ocrx_word' id='word_1_484' title='bbox 1394 2966 1494 3012; x_wconf 91' lang='lat' dir='ltr'>post</span> <span class='ocrx_word' id='word_1_485' title='bbox 1525 2960 1735 3012; x_wconf 80' lang='lat' dir='ltr'>abrogata</span> <span class='ocrx_word' id='word_1_486' title='bbox 1771 2964 1851 3009; x_wconf 88' lang='lat' dir='ltr'>est,</span> <span class='ocrx_word' id='word_1_487' title='bbox 1883 2970 2008 3010; x_wconf 88' lang='lat' dir='ltr'>quam</span> 
     </span>
     <span class='ocr_line' id='line_1_94' title="bbox 1120 3021 1423 3062; baseline 0.003 -1"><span class='ocrx_word' id='word_1_488' title='bbox 1120 3021 1240 3062; x_wconf 87' lang='lat' dir='ltr'>lata.&#39;</span> <span class='ocrx_word' id='word_1_489' title='bbox 1271 3023 1423 3062; x_wconf 75' lang='lat' dir='ltr'>Oliver.</span> 
     </span>
    </p>

    <p class='ocr_par' dir='ltr' id='par_1_11' title="bbox 1118 3085 2006 3254">
     <span class='ocr_line' id='line_1_95' title="bbox 1174 3085 2006 3138; baseline -0.001 -14"><span class='ocrx_word' id='word_1_490' title='bbox 1174 3085 1394 3126; x_wconf 79' lang='lat' dir='ltr'>Brutorum</span> <span class='ocrx_word' id='word_1_491' title='bbox 1409 3087 1583 3138; x_wconf 82' lang='lat' dir='ltr'>domum]</span> <span class='ocrx_word' id='word_1_492' title='bbox 1616 3086 1700 3128; x_wconf 82' lang='lat' dir='ltr'>Qui</span> <span class='ocrx_word' id='word_1_493' title='bbox 1723 3090 1823 3126; x_wconf 88' lang='lat' dir='ltr'>tunc</span> <span class='ocrx_word' id='word_1_494' title='bbox 1846 3085 2006 3126; x_wconf 84' lang='lat' dir='ltr'>tribuni</span> 
     </span>
     <span class='ocr_line' id='line_1_96' title="bbox 1121 3147 2004 3201; baseline -0.001 -14"><span class='ocrx_word' id='word_1_495' title='bbox 1121 3148 1258 3199; x_wconf 89' lang='lat' dir='ltr'>plebis</span> <span class='ocrx_word' id='word_1_496' title='bbox 1278 3156 1420 3201; x_wconf 87' lang='lat' dir='ltr'>erant,</span> <span class='ocrx_word' id='word_1_497' title='bbox 1451 3151 1542 3190; x_wconf 88' lang='lat' dir='ltr'>scil.</span> <span class='ocrx_word' id='word_1_498' title='bbox 1571 3151 1746 3190; x_wconf 83' lang='lat' dir='ltr'>Marcus</span> <span class='ocrx_word' id='word_1_499' title='bbox 1780 3155 1825 3188; x_wconf 85' lang='lat' dir='ltr'>et</span> <span class='ocrx_word' id='word_1_500' title='bbox 1855 3148 1907 3187; x_wconf 91' lang='lat' dir='ltr'>P.</span> <span class='ocrx_word' id='word_1_501' title='bbox 1927 3147 2004 3187; x_wconf 87' lang='lat' dir='ltr'>Ju-</span> 
     </span>
     <span class='ocr_line' id='line_1_97' title="bbox 1118 3212 1562 3254; baseline 0.002 -4"><span class='ocrx_word' id='word_1_502' title='bbox 1118 3212 1212 3252; x_wconf 86' lang='lat' dir='ltr'>nius</span> <span class='ocrx_word' id='word_1_503' title='bbox 1234 3213 1410 3254; x_wconf 84' lang='lat' dir='ltr'>Brutus.</span> <span class='ocrx_word' id='word_1_504' title='bbox 1439 3214 1562 3254; x_wconf 82' lang='lat' dir='ltr'>Idem.</span> 
     </span>
    </p>

    <p class='ocr_par' dir='ltr' id='par_1_12' title="bbox 1117 3274 2000 3444">
     <span class='ocr_line' id='line_1_98' title="bbox 1174 3274 1998 3329; baseline -0.004 -14"><span class='ocrx_word' id='word_1_505' title='bbox 1174 3277 1346 3328; x_wconf 79' lang='lat' dir='ltr'>Propius</span> <span class='ocrx_word' id='word_1_506' title='bbox 1384 3277 1537 3329; x_wconf 82' lang='lat' dir='ltr'>urbem]</span> <span class='ocrx_word' id='word_1_507' title='bbox 1577 3277 1630 3316; x_wconf 89' lang='lat' dir='ltr'>In</span> <span class='ocrx_word' id='word_1_508' title='bbox 1664 3278 1773 3323; x_wconf 84' lang='lat' dir='ltr'>loco,</span> <span class='ocrx_word' id='word_1_509' title='bbox 1808 3274 1880 3327; x_wconf 88' lang='lat' dir='ltr'>qui</span> <span class='ocrx_word' id='word_1_510' title='bbox 1914 3286 1998 3313; x_wconf 89' lang='lat' dir='ltr'>non</span> 
     </span>
     <span class='ocr_line' id='line_1_99' title="bbox 1118 3339 2000 3390; baseline -0.003 -10"><span class='ocrx_word' id='word_1_511' title='bbox 1118 3340 1302 3381; x_wconf 87' lang='lat' dir='ltr'>distaret</span> <span class='ocrx_word' id='word_1_512' title='bbox 1349 3341 1404 3382; x_wconf 90' lang='lat' dir='ltr'>ab</span> <span class='ocrx_word' id='word_1_513' title='bbox 1459 3342 1564 3381; x_wconf 87' lang='lat' dir='ltr'>urbe</span> <span class='ocrx_word' id='word_1_514' title='bbox 1623 3341 1737 3381; x_wconf 86' lang='lat' dir='ltr'>mille</span> <span class='ocrx_word' id='word_1_515' title='bbox 1794 3339 2000 3390; x_wconf 79' lang='lat' dir='ltr'>passibus.</span> 
     </span>
     <span class='ocr_line' id='line_1_100' title="bbox 1117 3405 1225 3444; baseline 0 -1"><span class='ocrx_word' id='word_1_516' title='bbox 1117 3405 1225 3444; x_wconf 83' lang='lat' dir='ltr'>Bad.</span> 
     </span>
    </p>

    <p class='ocr_par' dir='ltr' id='par_1_13' title="bbox 1118 3465 1999 3583">
     <span class='ocr_line' id='line_1_101' title="bbox 1174 3465 1998 3520; baseline -0.008 -11"><span class='ocrx_word' id='word_1_517' title='bbox 1174 3470 1261 3511; x_wconf 86' lang='lat' dir='ltr'>Nec</span> <span class='ocrx_word' id='word_1_518' title='bbox 1278 3470 1380 3510; x_wconf 83' lang='lat' dir='ltr'>enim</span> <span class='ocrx_word' id='word_1_519' title='bbox 1394 3468 1662 3520; x_wconf 78' lang='lat' dir='ltr'>providerunt,</span> <span class='ocrx_word' id='word_1_520' title='bbox 1678 3465 1763 3516; x_wconf 60' lang='lat' dir='ltr'>Esou]</span> <span class='ocrx_word' id='word_1_521' title='bbox 1781 3465 1877 3505; x_wconf 82' lang='lat' dir='ltr'>Non</span> <span class='ocrx_word' id='word_1_522' title='bbox 1895 3465 1998 3503; x_wconf 82' lang='lat' dir='ltr'>satis</span> 
     </span>
     <span class='ocr_line' id='line_1_102' title="bbox 1118 3527 1999 3583; baseline -0.008 -10"><span class='ocrx_word' id='word_1_523' title='bbox 1118 3533 1462 3583; x_wconf 85' lang='lat' dir='ltr'>considerarunt,</span> <span class='ocrx_word' id='word_1_524' title='bbox 1501 3530 1657 3582; x_wconf 87' lang='lat' dir='ltr'>inquit,</span> <span class='ocrx_word' id='word_1_525' title='bbox 1701 3527 1881 3569; x_wconf 86' lang='lat' dir='ltr'>Romani</span> <span class='ocrx_word' id='word_1_526' title='bbox 1918 3528 1999 3578; x_wconf 83' lang='lat' dir='ltr'>illi,</span> 
     </span>
    </p>
   </div>
  </div>
 </body>
</html>
