2288 3990
583 297 843 339 VALERH
887 294 1131 336 MAX1M1
1176 295 1296 334 [ΑΒ.
1327 293 1396 334 11.
1435 279 1648 333 οΑΡ.4,

202 423 316 474 solis,
335 419 411 461 sed
429 418 532 460 totis
552 417 753 458 membris
769 415 929 456 victum
944 414 1085 455 elabo-

204 500 317 529 rare.
349 487 523 526 Colerus.
1047 481 1053 486 '

255 546 511 603 Satyrarum]
526 545 810 587 Fescenninos
824 542 998 596 excepit
1011 543 1086 583 Sa-

203 621 330 672 tyra:
359 620 407 655 nt
426 620 622 664 ternpore
652 611 885 663 posterior,
907 610 968 649 ita
1001 609 1086 649 ela·

199 679 351 721 bon-ata
371 678 522 730 magis,
549 681 596 716 et
626 676 739 728 quod
770 674 824 714 ad
851 680 1086 714 metrorum

199 745 319 796 teges
337 743 510 792 attinet,
539 739 783 793 perfectum
810 739 902 791 jam
923 737 1087 790 poema.

201 807 351 848 Livius
378 806 450 846 lib.
480 816 563 846 vir.
593 804 646 844 de
676 803 872 843 ludorum
900 802 1088 842 scenico-

202 883 297 912 rum
325 871 602 912 institutione
631 880 777 920 agens,
804 868 817 890 ‘
838 865 1087 917 Caeterum,'

204 936 285 986 ait,
315 939 328 959 ‘
351 947 483 987 parva
513 934 606 973 haec
636 943 824 985 quoque,
854 931 925 984 (ut
954 929 1089 970 ferme

203 998 422 1052 principia
449 995 626 1049 omnia,)
658 1002 704 1035 et
743 1007 795 1035 ea
832 995 928 1046 ipsa
965 1005 1088 1046 pere-

205 1063 328 1112 grina
348 1074 416 1103 res
433 1060 542 1110 fuit3
572 1061 664 1100 sine
681 1059 869 1100 carmine
885 1059 986 1104 ullo,
1001 1057 1090 1098 sine

202 1126 508 1167 imitandorum
519 1125 751 1166 carminum
767 1131 883 1174 actu,
893 1124 1089 1164 ludiones

204 1201 261 1230 ex
280 1189 489 1231 Hetruria
505 1189 652 1238 acciti,
666 1188 719 1228 ad
737 1188 925 1228 tibicinis
941 1187 1090 1227 modos

205 1254 428 1305 saltantes,
441 1254 555 1294 haud
572 1253 799 1293 indecoros
816 1258 958 1293 motus
974 1264 1091 1292 more

206 1310 382 1360 Thusco
411 1318 597 1358 dabant:
642 1317 801 1358 imitari
829 1316 986 1357 deinde
1020 1328 1093 1356 eos

200 1377 412 1437 juventus
445 1384 588 1433 simul,
624 1381 860 1422 inconditis
890 1380 1006 1420 inter
1045 1392 1094 1419 se

200 1448 418 1501 jocularia
426 1447 654 1487 fundentes
671 1445 881 1496 versibus,
895 1457 1092 1498 coepere:

206 1524 290 1554 nec
308 1511 458 1552 absoni
478 1523 504 1550 a
526 1523 629 1552 voce
649 1516 791 1550 motus
813 1515 952 1550 erant.
1007 1508 1095 1550 Ac-

207 1581 337 1628 cepta
348 1575 492 1628 itaque
504 1587 586 1626 res,
598 1574 836 1627 saepiusque
849 1574 1095 1626 usurpando

208 1639 415 1686 excitata,
444 1639 683 1679 vernaculis
715 1637 969 1691 artificibus,
997 1639 1095 1691 quia

207 1703 364 1747 Hister
381 1705 525 1744 Tusco
545 1703 678 1744 verbo
695 1703 812 1743 ludio
842 1703 1094 1754 vocabatur,

207 1780 365 1809 nomen
411 1768 687 1809 histrionibus
735 1768 975 1809 indictum:
1001 1769 1096 1822 ‚qui

208 1845 293 1873 non
313 1834 428 1874 sient
446 1831 547 1873 ante
565 1833 834 1873 Fescennino
868 1833 1011 1873 versui
1039 1833 1095 1873 si-

209 1897 369 1950 milem,
386 1897 671 1950 compositum
689 1902 854 1938 temere
874 1910 926 1938 ac
945 1897 1096 1938 rudem

212 1961 389 2002 alternis
397 1962 651 2014 jaciebant:
682 1962 759 2003 sed
787 1962 988 2015 impletas
1012 1975 1098 2002 mo-

211 2025 280 2066 dis
305 2026 488 2080 Satyrus
517 2027 742 2080 descripto
767 2027 861 2080 Jam
881 2027 937 2067 ad
958 2026 1097 2068 tibici-

209 2102 310 2132 nem
327 2099 476 2144 cantu,
495 2097 699 2145 motuque
726 2092 983 2145 congruenti
1005 2103 1101 2144 per-

211 2155 428 2208 agebant!
476 2156 589 2197 Haec
611 2156 755 2198 Livius
774 2162 824 2196 ut
843 2168 955 2196 anno
974 2157 1031 2197 U.
1048 2156 1100 2198 C.

213 2234 372 2266 cccxc.
406 2225 526 2266 Coss.
565 2225 616 2265 C.
641 2222 829 2275 Sulpitio
857 2221 1030 2274 Petico,
1049 2224 1100 2264 C.

214 2288 384 2329 Licinio
403 2289 604 2330 Stolone:
637 2287 807 2340 quando
827 2287 949 2340 gravi
968 2287 1101 2340 pesti-

211 2351 348 2392 lentia
365 2352 470 2391 urbs
491 2351 720 2392 laboravit.
764 2350 835 2390 Sic
857 2363 911 2390 cx
931 2351 1015 2391 illis
1031 2350 1101 2403 jo-

213 2415 431 2456 cularibus
462 2415 606 2465 dictis,
625 2427 722 2468 quae
744 2414 868 2455 fundi
888 2415 1007 2468 prius
1039 2421 1102 2455 te-

210 2488 330 2518 mere
349 2478 547 2520 solebant
576 2479 619 2519 in
650 2481 937 2520 Romanorum
963 2479 1102 2520 solen-

212 2541 356 2593 nibus,
373 2544 530 2596 Satyra
552 2543 735 2595 primum
769 2549 836 2583 est
867 2548 978 2584 orta.
1026 2544 1103 2584 Sa-

213 2613 315 2661 tyra
332 2608 425 2649 haec
455 2619 631 2648 carmen
651 2606 748 2659 fuit,
767 2608 950 2649 ridicula
971 2609 1102 2649 versi-

214 2670 297 2712 lms
325 2671 496 2712 intexta
517 2672 756 2724 continens,
787 2685 881 2725 quae
912 2672 1029 2713 inter
1056 2684 1102 2713 se

213 2746 334 2777 more
352 2737 527 2788 antiquo
539 2736 819 2788 jactitabant,
847 2742 898 2777 ut
924 2749 1025 2777 mox
1042 2737 1104 2778 lo·

171 2795 176 2798 ’
214 2800 366 2854 quitur
392 2801 484 2853 ipse
517 2801 690 2842 Livius:
721 2814 845 2855 quam
875 2800 1009 2843 fuerit
1026 2803 1104 2842 hu-

205 2864 400 2916 Jusmodi
419 2866 574 2919 Satyra
606 2866 780 2906 diversa
807 2878 832 2907 a
867 2866 1102 2914 Luciliana,

215 2928 365 2969 dicere
398 2929 503 2969 nihil
534 2930 717 2982 attinet;
747 2942 816 2972 res
837 2931 950 2972 enim
969 2933 1104 2973 mani-

212 2991 342 3034 festa.
397 2991 436 3032 A
472 2994 671 3046 Satyrion
706 3007 810 3036 vero
850 2995 1102 3037 Graecorum

211 3061 379 3096 tantum
400 3054 646 3108 differebat,
668 3065 874 3110 quantum
895 3072 920 3099 a
940 3064 1104 3100 caetera

214 3119 335 3174 poesi
364 3121 500 3161 distat
518 3121 782 3162 dramatica:
812 3123 936 3175 cujus
954 3134 1008 3163 ne
1028 3135 1102 3164 no·

214 3195 314 3225 men
349 3183 522 3237 quidem
561 3191 717 3226 norant
762 3192 851 3227 tum
900 3187 1100 3229 Romani.

218 3247 484 3290 casaubonus.

213 3325 220 3331 ·
263 3313 392 3353 Po‘e‘ta
410 3313 568 3366 Livius]
599 3313 751 3354 Lucius
765 3314 928 3368 Livius,
942 3329 1100 3370 cogno—

214 3371 329 3416 mine
358 3375 651 3430 Andronicus,
683 3378 824 3419 Poeta
844 3380 1005 3432 Epicus
1024 3382 1098 3421 lia·

1886 278 2030 330 1019

1147 413 1356 454 firmatur.
1402 411 1456 453 In
1492 410 1731 454 Annalibus
1765 409 1893 462 enim,
1925 423 2031 464 quos

1148 478 1350 518 habemus
1367 491 1391 518 a
1413 477 1606 528 Graecis3
1635 475 1873 529 plerunque
1904 487 2034 515 anno-

1147 553 1240 583 rum
1258 543 1509 594 supputatio
1529 539 1637 582 falsa
1668 547 1755 590 est,
1773 545 1820 579 et
1840 537 2031 579 liistoriae

1150 611 1309 650 veritas
1327 617 1547 663 corrupta.
1593 609 1772 648 Marcus
1793 606 1964 655 Cicero,
1991 611 2037 644 et

1150 675 1221 715 alii
1258 680 1445 724 veteres,
1485 673 1652 714 Livium
1690 671 1804 711 hunc
1840 668 2038 710 referunt

1150 741 1334 794 primum
1364 739 1533 781 dedisse
1569 739 1735 779 fabulas
1767 736 1883 789 apud
1922 734 2039 777 Lati-

1150 816 1244 857 nos,
1266 816 1402 858 eoque
1423 803 1607 843 maxime
1641 809 1836 854 tempore
1869 798 2039 853 praesti-

1151 870 1269 920 tisse,
1289 881 1371 922 quo
1389 868 1603 910 S.P.Q.R.
1627 878 1776 918 pacem
1791 864 1912 922 *fecit
1942 875 2040 903 cum

1151 933 1316 974 Poenis.
1359 932 1526 973 Gellius
1544 936 1689 971 autem
1712 930 1900 981 scriptor
1920 928 2040 969 nobi-

1152 998 1219 1048 lis,
1239 1002 1284 1037 et
1304 996 1348 1036 in
1369 995 1681 1048 perscrutanda
1711 992 1823 1033 omni
1856 994 2042 1047 antiqui-

1154 1066 1247 1101 tate
1267 1059 1470 1111 diligens,
1490 1060 1544 1099 de
1565 1058 1688 1099 Livio
1721 1057 1967 1098 Andronico
1989 1058 2043 1098 ad

1153 1125 1265 1164 hunc
1290 1124 1463 1164 modum
1496 1124 1649 1173 tradit,
1683 1136 1768 1176 quo
1795 1123 1890 1163 loco
1912 1134 2043 1163 anno-

1154 1200 1248 1229 rum
1279 1188 1500 1228 historiam
1533 1188 1753 1228 contexit:
1785 1191 1797 1211 ‘
1819 1189 1865 1227 L.
1896 1187 2044 1227 Livius

1154 1252 1324 1304 Poeta&
1339 1253 1495 1305 inquit,
1514 1256 1525 1275 ‘
1541 1251 1711 1292 fabulas
1731 1252 1920 1304 primoin
1935 1252 2044 1293 urbe

1155 1317 1292 1356 Roma
1329 1315 1486 1356 docere
1521 1316 1669 1369 coepit,
1707 1316 1808 1356 Cor.
1847 1316 2048 1368 Claudio,

1157 1381 1291 1434 Appii
1311 1382 1427 1422 Caeci
1448 1380 1551 1433 filio,
1583 1387 1630 1422 et
1659 1382 1811 1422 Marco
1830 1381 2046 1422 Tuditano

1157 1445 1276 1486 Coss.
1296 1452 1395 1498 post
1414 1446 1578 1486 obitum
1610 1446 1838 1498 Sophoclis
1858 1451 1903 1486 et
1922 1447 2048 1486 Euri·

1156 1509 1268 1562 pidis
1289 1510 1410 1550 annis
1431 1511 1524 1562 plus
1543 1508 1635 1550 fere
1656 1516 1831 1550 centum
1862 1515 1908 1550 et
1925 1522 2048 1551 sexa-

1157 1573 1304 1626 ginta.'
1358 1575 1487 1617 Quod
1519 1581 1565 1616 et
1593 1575 1657 1615 M.
1689 1575 1862 1627 Cicero,
1890 1575 1963 1629 qui
1993 1576 2045 1615 ad

1158 1639 1342 1679 Brutum
1374 1640 1587 1690 scribens,
1616 1652 1729 1680 anno
1766 1645 1867 1680 ante
1900 1645 2048 1680 natum

1157 1704 1343 1744 Ennium
1365 1703 1498 1745 refert
1527 1704 1695 1744 Livium
1726 1703 1896 1744 dedisse
1926 1704 2049 1745 fabu-

1156 1771 1235 1811 las.
1291 1770 1473 1811 Porcins
1501 1783 1605 1810 vero
1643 1769 1831 1810 Licinius
1865 1782 1962 1809 cum
1995 1769 2050 1809 de

1157 1834 1332 1887 poetica
1358 1834 1564 1887 loquitur,
1597 1834 1691 1886 ejus
1721 1833 1910 1873 studium
1941 1834 2050 1874 dicit

1161 1900 1308 1940 Romae
1321 1905 1512 1951 coeptum
1527 1898 1642 1939 bello
1656 1898 1826 1938 Punico
1841 1897 2049 1939 secundo.

1160 1963 1287 2006 Quod
1308 1976 1363 2003 ex
1382 1964 1447 2005 his
1466 1964 1661 2004 versibus
1674 1962 1803 2004 facile
1815 1963 2052 2015 colligitur,

1160 2041 1266 2082 quos
1283 2029 1490 2069 Horatius
1503 2028 1913 2069 Flaccusimitatur:
1934 2030 1946 2051 ‘
1966 2028 2052 2069 Pu-

1161 2093 1259 2133 nico
1297 2093 1412 2133 bello
1458 2093 1650 2135 secundo
1688 2093 1816 2133 Musa
1862 2102 2052 2146 pennata

1162 2158 1296 2210 gradu
1318 2159 1473 2199 Intulit
1492 2170 1586 2198 sese
1606 2158 1651 2197 in
1681 2158 1929 2199 bellicosam
1966 2160 2050 2199 Ro-

1161 2221 1265 2262 muli
1286 2230 1459 2275 gentem
1494 2221 1660 2263 feram.’
1713 2223 1801 2264 Sed
1833 2223 1927 2263 liaec
1948 2224 2052 2263 satis

1161 2287 1373 2337 hocloco,
1402 2299 1455 2328 ne
1482 2285 1593 2328 forte
1623 2286 1848 2328 videamur
1876 2288 2053 2329 nimium

1163 2349 1350 2390 detineri
1371 2352 1415 2390 in
1436 2350 1500 2390 his
1530 2351 1796 2403 repetendis.
1838 2351 1962 2392 Idem
1983 2353 2053 2393 Li.-

1162 2414 1257 2453 vius
1279 2413 1393 2453 dumi
1415 2425 1466 2454 ac
1485 2412 1591 2454 foris
1610 2414 1750 2466 primo
1772 2414 1923 2455 docuit
1937 2421 2056 2456 ntra-

1161 2489 1245 2531 que
1272 2478 1434 2530 lingua,
1462 2485 1513 2518 ut
1541 2479 1771 2519 Suetonius
1793 2479 1947 2530 tradit,
1966 2492 2052 2520 non

1163 2542 1255 2581 sine
1286 2554 1444 2595 magna
1481 2543 1854 2584 commendatione
1886 2544 1950 2584 sui
1978 2556 2053 2584 no-

1161 2607 1302 2647 minis.
1360 2608 1474 2648 Nam
1514 2608 1796 2648 vetustissimi
1833 2609 1894 2649 illi
1931 2616 2056 2651 erant

1162 2669 1255 2711 fere
1274 2671 1563 2724 semi-Graeci,
1594 2679 1639 2712 et
1660 2666 1840 2713 Graecas
1860 2674 2052 2726 discipli-

1164 2747 1257 2787 nati,
1275 2741 1405 2788 atque
1426 2737 1560 2777 etiam
1582 2737 1825 2778 Hetruscas
1849 2740 1944 2791 pari
1965 2745 2055 2780 stu-

1165 2799 1236 2839 dio
1253 2799 1495 2850 discebant,
1525 2800 1640 2854 quod
1661 2814 1714 2841 ex
1749 2809 1947 2844 veterum
1969 2816 2056 2844 mo-

1164 2866 1384 2906 numentis
1413 2866 1680 2918 intelligitur.
1736 2869 1961 2910 Laudatur
1986 2872 2056 2911 Li-

1165 2930 1274 2980 vius,
1307 2936 1353 2971 et
1385 2931 1476 2983 ejus
1508 2943 1703 2982 carmen,
1734 2945 1831 2974 cum
1872 2934 1925 2974 ab
1963 2936 2057 2975 aliis

1164 2995 1327 3046 multis,
1360 3000 1451 3035 tum
1484 2996 1555 3036 hic
1590 3009 1616 3036 a
1644 2997 1746 3039 Val.
1776 2999 1896 3039 Max,
1930 3005 1976 3040 et
2003 3001 2054 3040 T.

1164 3058 1303 3111 Livio,
1322 3059 1394 3112 qui
1415 3060 1589 3113 copiose
1609 3061 1821 3114 scribunt,
1848 3070 2056 3116 quantum

1164 3122 1312 3162 Romae
1333 3124 1592 3175 praestiterit
1611 3125 1741 3166 editis
1762 3127 2024 3167 carminibus
2043 3143 2053 3168 z

1164 3197 1258 3238 quae
1279 3191 1347 3226 ter
1363 3199 1543 3228 novenae
1571 3188 1778 3242 virgines,
1805 3190 1909 3230 data
1937 3197 2055 3231 reste

1164 3261 1243 3302 per
1261 3262 1431 3302 manus,
1448 3263 1529 3304 per
1541 3252 1705 3293 Urbem
1724 3259 1876 3293 euntes
1896 3252 2054 3295 decan-

1163 3319 1331 3366 tarunt,
1361 3315 1415 3355 ad
1442 3316 1550 3356 iram
1571 3317 1759 3356 Deorum
1783 3317 2053 3368 placandam.

1164 3379 1389 3420 Praetereo
1410 3380 1464 3420 de
1485 3380 1549 3419 his
1570 3378 1726 3419 fabulis
1746 3378 1925 3432 referre,
1945 3394 2051 3434 quas

214 3436 331 3478 bitus
346 3445 442 3480 est:
474 3441 622 3482 Romae
651 3441 797 3483 floruit
818 3450 917 3495 post
935 3444 1098 3486 Urbem
1160 3444 1310 3484 Livius
1330 3443 1490 3484 dicitur
1518 3456 1543 3483 a
1575 3443 1746 3494 Satyris
1763 3446 2050 3497 transtulisse,

215 3502 430 3544 conditam
448 3507 570 3547 anuis
588 3508 716 3560 paulo
737 3520 867 3560 supra
896 3511 1096 3562 quadrin-

219 3567 374 3619 gentis,
393 3581 487 3622 quae
509 3582 577 3614 res
596 3572 742 3623 probis
758 3574 980 3615 autoribus
996 3582 1096 3616 con-

1161 3518 1427 3559 puerumque
1447 3506 1502 3545 ad
1522 3505 1760 3546 canendum
1790 3507 2048 3549 instruxisse

1162 3578 1263 3611 ante
1282 3570 1517 3611 tibicinem.
1554 3569 1785 3624 Praecipue
1808 3583 1909 3614 vero
1930 3584 2044 3614 com-
