2320 4004
548 268 811 310 VALEnu
854 253 1612 306 MAxaM11Ass.v.cAP.6.

167 394 353 437 nibalem
399 393 647 439 cernerent,
685 388 837 440 jurant
887 398 1053 435 omnes,

165 455 560 508 custodiendosque
599 451 857 503 semetipsos
901 455 1053 490 contra

167 520 423 562 Annibalem
441 517 635 570 Scipioni
655 515 850 556 tradunt.
882 515 1034 555 Olioer.

221 587 245 638 ᾗ
265 588 291 624 8
307 583 413 634 Age,
439 587 486 622 ut
511 594 538 621 a
563 580 734 632 singulis
765 581 816 620 ad
835 578 1053 630 universos]

165 649 383 698 Diximus,
402 647 558 700 inquit,
579 646 633 685 de
653 645 846 697 singulis,
862 644 1052 685 dicamus

163 712 221 752 de
239 710 450 751 universis
481 709 660 750 civibus.
716 709 831 749 Nam
862 707 1052 748 secundo

164 774 281 816 bello
318 773 504 825 Punico,
540 785 635 813 cum
672 771 863 812 Annibal
897 771 1054 811 multas

161 843 212 879 et
257 836 530 890 gravissimas
581 835 726 877 clades
773 835 878 875 alias
921 847 1053 887 super

165 902 273 943 alias
300 902 507 942 Romanis
545 900 777 951 intulisset,
822 900 886 940 sic
928 899 1052 940 brevi

165 966 419 1006 exhaustum
467 970 533 1005 est
588 965 804 1015 aerarium,
861 969 910 1004 ut
965 977 1051 1005 non

164 1030 292 1071 modo
329 1042 415 1070 non
451 1029 584 1070 scribi
625 1029 857 1080 exercitus,
891 1027 967 1068 sed
996 1041 1050 1069 ne

164 1093 260 1134 fieri
276 1094 448 1147 quidem
469 1093 564 1133 Diis
584 1092 893 1134 immortalibus
919 1092 1051 1133 sacri-

161 1156 265 1198 ficia
295 1162 498 1209 possent;
533 1163 625 1197 tum
663 1156 879 1208 publicani
918 1169 1048 1208 pecu-

160 1221 282 1262 nIam
296 1219 458 1261 affatim
479 1226 735 1273 erogaturos
750 1221 933 1273 polliciti
950 1234 1050 1261 cen-

162 1297 284 1326 sores
301 1285 520 1336 adierunt,
547 1285 788 1335 hortantes,
818 1297 902 1324 non
923 1285 1050 1325 aliter

163 1348 307 1389 omnia
335 1349 548 1401 locarent,
571 1361 698 1401 quam
728 1349 763 1388 si
797 1349 1048 1400 reipublicae

163 1412 353 1465 pecnnia
378 1419 647 1464 superessem
699 1413 814 1452 Item
846 1426 943 1453 cum
982 1418 1051 1453 tot

162 1476 360 1529 cladibus
386 1481 642 1529 consumpta
658 1476 890 1529 juventute
925 1489 1052 1528 coge·

163 1545 330 1593 rentur,
361 1540 668 1582 deficientibus
697 1541 876 1592 civibus,
904 1554 1050 1582 servos

162 1604 463 1654 conscribere;
507 1605 786 1657 Sempronius
824 1606 1051 1646 Gracchus

164 1681 366 1721 magnum
402 1669 661 1721 conscripsit
693 1670 949 1721 exercitum,
976 1670 1051 1722 qui

159 1732 174 1754 ⁸
186 1731 376 1772 Volones
390 1731 403 1749 ’
421 1731 530 1772 dicti
545 1738 661 1783 sunt,
674 1732 788 1785 quod
810 1733 1052 1773 voluntaria

162 1801 212 1836 et
248 1808 337 1836 non
382 1803 536 1837 coacta
580 1796 799 1848 stipendia
840 1795 1051 1848 facerent,

161 1871 340 1912 quorum
361 1871 494 1912 opera
521 1860 747 1900 victoriam
775 1872 830 1900 ex
857 1860 1051 1900 hostibus

162 1935 250 1964 non
265 1923 525 1964 mediocrem
546 1928 801 1964 consecutus
822 1929 903 1963 est.
934 1924 1050 1964 Nam

163 1999 260 2028 cnm
280 1987 500 2040 integrum
531 1999 686 2028 annum
718 1999 891 2039 operam
927 1999 1048 2027 suam

162 2050 415 2104 reipublicae
437 2056 611 2090 strenue
626 2049 886 2103 fortiterque
899 2063 1048 2091 navas-

161 2120 276 2166 sent,
294 2114 544 2155 libertatem
575 2114 707 2155 tacite
735 2115 1048 2167 deposcebant,

162 2177 287 2230 qnasi
343 2189 516 2218 suorum
566 2177 764 2217 laborum
811 2178 1049 2230 praemium.

163 2240 295 2284 Quod
313 2253 410 2282 cum
442 2241 649 2281 sensisset
677 2241 899 2281 Gracchus
919 2254 1050 2293 super

162 2318 216 2348 ea
235 2318 282 2347 re
300 2306 451 2347 literas
477 2305 532 2346 ad
565 2307 768 2346 Senatum
797 2305 945 2355 dedit;
975 2306 1049 2359 qui

160 2370 246 2422 ipsi
264 2370 460 2423 permisit
479 2368 641 2419 facere,
657 2369 772 2422 quod
786 2381 811 2409 e
824 2369 1050 2421 republica

160 2431 256 2474 fore
294 2433 530 2474 videretur.
585 2433 675 2473 Hic
710 2432 924 2472 advocata
951 2445 1049 2474 con·

161 2497 304 2548 cione,
331 2503 378 2537 et
409 2497 534 2537 lectis
553 2497 710 2549 literis,
729 2509 802 2536 eos
824 2509 971 2537 omnes
1001 2510 1047 2538 se

156 2559 362 2601 libertate
407 2559 665 2600 donaturum
707 2560 926 2614 pollicitus
964 2567 1046 2612 est,

161 2625 406 2678 quicunque
425 2631 601 2677 postero
621 2626 691 2666 die
719 2627 854 2678 signis
874 2627 1044 2668 collatis

157 2694 293 2741 capnt
311 2689 445 2729 hostis
461 2689 515 2729 ad
530 2701 578 2730 se
594 2690 811 2731 retulisset
829 2703 840 2730 ε
865 2703 959 2743 quae
977 2703 1046 2731 res

157 2752 295 2804 mgis
345 2753 541 2795 victoriae
595 2754 902 2806 impedimento
948 2754 1045 2808 fuit,

159 2827 288 2868 qnam
324 2823 576 2860 momento:
619 2830 718 2858 nam
766 2825 816 2859 ut
862 2819 1044 2871 quisque

157 2877 324 2920 hostem
356 2881 542 2933 impigre
587 2882 823 2933 ceciderat,
860 2883 1044 2935 primum

160 2950 293 2998 caput
322 2957 439 2998 aegre
470 2945 586 2987 inter
614 2947 784 2987 turbam
811 2953 859 2987 et
887 2949 1045 2988 tumul-

160 3015 253 3051 tum
299 3011 592 3059 abscindendo
629 3013 801 3053 terebat
843 3020 1044 3065 tempus;

158 3072 315 3114 deinde
335 3083 550 3127 occupata
578 3074 732 3115 dextra
761 3076 948 3116 tenendo
975 3090 1045 3117 ca-

158 3141 240 3187 pnt
288 3135 549 3177 fortissimus
599 3139 778 3191 quisque
826 3146 1045 3190 pugnator

160 3210 254 3240 esse
297 3201 498 3241 desierat.
567 3201 694 3243 Quod
743 3203 814 3243 ubi
862 3204 1046 3244 Tribuni

158 3262 344 3303 militum
364 3264 563 3306 Graccho
583 3267 847 3318 nuntiarunt,
877 3268 1045 3320 signum

162 3324 255 3365 dari
275 3339 458 3380 propere
466 3330 612 3383 jussit,
632 3333 777 3384 capita
795 3333 1046 3385 abjicerent,

160 3395 210 3428 et.
235 3389 398 3431 hostem
417 3394 703 3445 invaderent3
741 3410 824 3449 quo
857 3396 969 3449 fuso,
995 3399 1043 3437 li-

159 3451 374 3496 bertatem
387 3457 578 3497 omnibus
590 3470 681 3499 esse
699 3459 915 3500 daturum.
948 3462 1044 3503 Quo

162 3516 328 3568 audito,
371 3518 668 3572 redintegrata
713 3536 875 3577 pugna,
921 3531 1043 3566 tauto

271 3583 418 3636 Delph.
439 3590 479 3626 et
499 3587 595 3629 Var.
619 3590 726 3630 Clas.

978 3593 1062 3632 Val.
1087 3592 1200 3631 Max.

1859 250 2001 307 1201

1118 386 1273 426 ardore
1293 392 1340 426 et
1355 387 1507 427 animis
1534 387 1577 426 in
1609 386 1756 427 hostes
1784 386 2004 427 incursum

1117 453 1201 500 est,
1233 454 1283 489 ut
1314 451 1398 490 vim
1431 462 1581 490 eorum
1616 462 1702 491 non
1723 449 2006 500 sustinentes,

1117 511 1242 554 Poeni
1259 527 1403 555 omnes
1424 514 1559 557 ferme
1577 516 1644 557 vel
1661 517 1782 567 caesi,
1800 517 1867 556 vel
1885 516 2006 568 capti

1116 577 1294 618 fuerint.
1351 580 1463 620 Nam
1499 592 1554 620 ex
1589 581 1769 632 triginta
1804 580 2007 631 millibus,

1117 643 1188 683 vix
1204 641 1291 682 dno
1312 643 1459 690 millia,
1480 649 1525 684 et
1539 645 1676 684 minor
1690 656 1789 696 pars
1809 644 2005 696 equitum

1117 718 1212 747 cum
1235 706 1336 758 ipso
1356 707 1467 747 duce
1483 714 1731 749 evaserunt.
1785 708 1894 749 Post
1916 714 2009 749 tan-

1117 775 1206 810 tam
1245 770 1380 822 igitur
1416 770 1640 812 victoriam
1678 784 1821 813 servos
1858 783 2005 812 omnes

1116 833 1396 887 Sempronius
1419 833 1578 875 liberos
1599 848 1692 876 esse
1714 836 1859 888 jussit.
1918 837 2005 876 Oli-

1114 898 1262 938 verius.

1169 961 1371 1013 Insignia]
1399 961 1671 1003 Praetextum
1691 969 1736 1004 et
1750 963 1910 1004 bullam
1931 976 2005 1004 au·

1114 1040 1247 1080 ream,
1286 1041 1367 1081 qua
1400 1027 1706 1080 significabant
1743 1040 1889 1069 omnes
1932 1041 2005 1071 eos

1113 1092 1281 1133 nobiles
1303 1104 1397 1132 esse
1418 1097 1547 1145 atque
1572 1092 1789 1144 patricios.

1168 1157 1443 1209 Decimarum]
1464 1156 1642 1197 Scilicet
1662 1156 1837 1209 praedae.

1167 1222 1318 1274 Ex'r.§
1335 1225 1354 1260 1
1373 1221 1451 1261 Sed
1469 1225 1509 1262 et
1527 1225 1693 1262 externa
1712 1222 1903 1274 eJ’usdem]
1933 1221 2006 1263 Ad

1113 1290 1295 1326 externa
1309 1285 1481 1336 transit,
1498 1290 1543 1326 et
1557 1285 1687 1326 Codri
1703 1286 1813 1338 regis
1825 1285 2006 1328 Atheni-

1113 1349 1276 1390 ensium
1305 1349 1489 1401 primum
1512 1349 1717 1402 proponit
1746 1349 2006 1403 exemplum.

1115 1414 1221 1454 Cum
1259 1413 1494 1454 Dorienses
1527 1426 1626 1453 cum
1661 1412 2003 1456 Atheniensibus

1115 1477 1170 1517 de
1201 1476 1357 1518 finibus
1395 1489 1595 1529 agrorum
1635 1476 1751 1516 bella
1784 1485 2004 1529 gererent,

1116 1547 1506 1594 premerenturque
1524 1539 1830 1593 Athenienses,
1845 1548 1891 1582 ut
1908 1543 2007 1582 hos-

1116 1605 1232 1646 tibus
1254 1606 1458 1646 resistere
1475 1617 1558 1645 non
1579 1611 1775 1657 possent,
1796 1605 1883 1645 suis
1905 1605 2005 1644 viri-

1115 1670 1194 1711 bus
1233 1669 1495 1719 diffidentes,
1550 1670 1604 1709 ad
1652 1669 1838 1709 divinam
1875 1681 2003 1722 opem

1114 1732 1416 1785 confugerunt.
1473 1735 1659 1785 Legatos
1690 1733 1744 1772 ad
1777 1734 2005 1774 consulen-

1115 1799 1213 1839 dum
1233 1799 1478 1852 Apollinem
1496 1800 1758 1851 Delphicum
1771 1800 2005 1849 miserunt;

1114 1876 1364 1917 responsum
1385 1866 1525 1905 tulere
1545 1878 1554 1902 ε
1577 1864 1679 1904 Non
1697 1864 1824 1904 aliter
1843 1864 2003 1904 bellum

1113 1927 1226 1968 finiri
1265 1934 1310 1968 et
1346 1930 1532 1981 patriam
1567 1927 1792 1968 obsidione
1827 1927 2006 1968 liberari

1114 2005 1253 2044 posse,
1272 2005 1396 2045 quam
1419 1993 1453 2033 si
1475 1992 1639 2033 Codrus
1655 1992 1927 2032 occideretur
1948 1991 2004 2031 ab

1112 2056 1317 2098 hostibus.
1376 2057 1503 2099 Quod
1526 2056 1747 2096 oraculum
1770 2055 1823 2095 ad
1857 2055 2004 2095 hostes

1112 2132 1281 2173 quoque
1312 2121 1523 2173 pervenit.
1580 2121 1736 2173 Itaque
1770 2133 1794 2159 a
1823 2121 2006 2160 Dorien-

1114 2184 1230 2224 sibus
1260 2185 1449 2225 edictum
1485 2189 1569 2235 est,
1600 2196 1655 2223 ne
1690 2184 1781 2235 quis
1813 2184 2002 2223 Codrum

1112 2259 1256 2299 regem
1278 2248 1542 2287 vulneraret.
1597 2247 1679 2287 Ille
1699 2259 1816 2298 vero,
1839 2253 1886 2287 ut
1910 2245 2002 2287 fato

1112 2322 1190 2349 suo
1210 2310 1360 2362 patriae
1384 2316 1670 2360 succurreret,
1701 2315 1874 2361 sumpto
1895 2310 2002 2348 mili·

1113 2374 1196 2414 tari
1224 2374 1388 2425 sagulo,
1431 2379 1476 2413 et
1507 2373 1720 2424 lignorum
1751 2371 1872 2412 fasce
1903 2385 2000 2412 cum

1111 2434 1240 2488 falce,
1274 2442 1479 2490 tanquam
1519 2437 1727 2488 lignatum
1763 2435 2003 2488 profectus,

1112 2505 1255 2539 castra
1282 2500 1470 2540 hostium
1504 2501 1648 2553 petiit,
1680 2506 1726 2541 et
1754 2512 1881 2553 quem
1911 2500 2000 2552 pri-

1111 2575 1227 2603 mum
1247 2563 1417 2604 obviam
1445 2564 1614 2615 habuit,
1643 2564 1836 2616 graviter
1861 2564 2003 2605 incre-

1110 2627 1222 2678 puit.
1281 2626 1393 2668 Orta
1413 2627 1570 2668 deinde
1584 2628 1877 2679 contentione,
1895 2628 2001 2668 mul-

1111 2690 1164 2730 tis
1193 2690 1313 2731 illum
1331 2691 1531 2732 convitiis
1550 2704 1748 2743 onerans,
1766 2692 1807 2731 in
1829 2693 1895 2731 sui
1914 2704 2001 2732 cae-

1107 2756 1203 2796 dem
1234 2758 1500 2810 provocavit.
1556 2759 1670 2798 Nam
1696 2759 1832 2798 iratus
1861 2758 1998 2806 miles,

1107 2820 1243 2870 illum,
1260 2822 1435 2874 ignarus
1457 2822 1650 2875 quisnam
1670 2827 1798 2873 esset,
1821 2822 1999 2863 occidit.

1108 2885 1205 2927 Quo
1223 2884 1361 2936 facto,
1381 2886 1510 2938 paulo
1528 2891 1626 2937 post
1642 2886 1881 2926 Dorienses
1894 2885 1998 2926 victi

1108 2960 1163 2988 ex
1181 2947 1331 2988 Attica
1349 2949 1525 3001 regione
1554 2955 1792 2990 cesserunt.
1850 2949 1997 3001 Atque

1106 3012 1170 3052 ita
1201 3012 1492 3053 Athenienses
1538 3013 1700 3053 virtute
1747 3013 1868 3053 ducis
1917 3025 1995 3064 pro

1108 3077 1247 3117 salute
1265 3078 1418 3129 patriae
1440 3077 1569 3116 morti
1583 3090 1628 3117 se
1646 3076 1865 3117 offerentis
1885 3077 1995 3116 bello

1106 3140 1360 3182 liberantur.
1392 3141 1543 3181 (niver.

1162 3202 1373 3254 Hostiam]
1385 3203 1875 3255 Peloponensiumjuxta
1884 3202 1995 3240 Pau-

1108 3267 1268 3306 saniam
1288 3273 1335 3307 et
1349 3267 1551 3307 Orosium
1570 3267 1642 3306 lib.
1661 3279 1694 3319 ι,
1711 3278 1807 3317 cap.
1824 3269 1888 3305 18.
1908 3265 1993 3303 Pa-

1108 3334 1299 3374 terculus
1320 3333 1481 3373 adserit
1502 3331 1867 3372 Lacedaemonios.
1901 3332 1993 3370 Do-

1108 3398 1271 3438 rienses
1288 3397 1453 3438 Herod.
1473 3396 1544 3436 lib.
1562 3408 1593 3437 1.
1611 3400 1656 3435 et
1670 3396 1831 3436 sustin.
1849 3395 1923 3434 lib.
1943 3406 1992 3434 ιι.

1111 3463 1243 3502 Coler-

1165 3523 1410 3574 Contrariis]
1437 3521 1722 3563 Doriensium.

1783 3591 1807 3626 4
1840 3586 1878 3626 G
