2320 4004
366 284 392 334 1
404 282 507 336 156

364 417 508 468 spicit,
527 429 627 457 mox
647 415 803 455 deinde
823 427 919 454 cum
939 414 1101 467 paucis,
1119 421 1163 455 et
1183 416 1244 454 in-

363 480 623 531 compositis,
670 479 710 518 in
758 479 914 518 bellum
955 478 1246 530 progreditur.

363 542 516 581 Victus
537 543 580 580 in
601 542 762 593 regiam
783 553 829 580 se
859 541 1040 592 recepit,
1070 541 1143 580 ubi
1171 553 1244 582 ex-

363 609 510 642 tructa
526 603 781 654 incensaque
801 614 921 654 pyra,
937 610 981 642 et
996 614 1056 654 se,
1071 609 1115 643 et
1135 603 1243 644 divi-

364 669 446 707 tias
466 679 561 705 suas
590 666 882 718 praecipitavit
910 666 953 705 in
983 666 1139 718 iguem,
1164 667 1243 708 hoc

361 729 494 767 solum
517 728 708 767 imitatus
729 727 879 767 virum.
905 727 992 768 Sed
1013 734 1243 781 antequam

362 797 617 841 moreretur,
630 791 760 843 jussit
781 793 918 843 (teste
938 790 1147 832 Cicerone
1167 792 1242 832 lib.

363 855 719 907 v.'I'usculanar.)
746 853 877 893 verba
903 854 996 894 haec
1024 853 1148 894 busto
1166 867 1242 894 suo

359 916 535 956 inscribi
552 930 562 956 ε
592 918 604 938 ‘
622 917 731 957 Haec
746 917 893 968 habui,
910 929 1004 969 quae
1026 917 1110 968 edi,
1128 929 1241 970 quae-

361 993 445 1033 que
467 987 719 1020 exsaturata
737 979 868 1020 libido
889 980 1074 1020 Hausit:
1105 987 1150 1021 at
1169 982 1243 1021 illa

351 1045 503 1096 jacent
548 1044 684 1084 multa
725 1051 770 1083 et
817 1044 1024 1095 praeclara
1061 1044 1241 1085 relicta.’

364 1107 515 1147 Oliver.

420 1174 581 1213 Orestes
594 1173 766 1226 Pylade]
796 1172 983 1224 Pylades
999 1176 1043 1211 et
1059 1171 1239 1212 Orestes

361 1234 474 1275 inter
495 1235 723 1275 admodum
753 1248 891 1287 pauca
919 1247 1116 1275 verorum
1138 1235 1240 1274 ami-

359 1309 506 1338 corum
539 1299 660 1350 paria
691 1302 1065 1338 connumerantur.
1139 1296 1242 1346 Qui,

359 1369 408 1402 ut
427 1375 451 1402 a
470 1363 664 1402 Pacuvio
694 1362 1037 1412 introducuntur,
1070 1372 1166 1400 cnm
1196 1360 1239 1400 in

358 1424 588 1465 Tauricam
619 1426 838 1477 regionem
870 1424 1092 1464 venissent
1109 1423 1240 1475 depo-

358 1488 488 1527 nendi
506 1488 663 1528 furoris
690 1489 843 1540 gratia,
863 1500 948 1540 quo
969 1493 1066 1539 post
1083 1498 1239 1527 caesam

356 1558 538 1592 matrem
555 1553 791 1593 vexabatur
811 1553 1008 1603 Orestes,
1028 1555 1072 1591 et
1090 1563 1115 1590 a
1139 1562 1240 1602 rege

358 1617 655 1668 comprehensi
700 1621 860 1667 essent,
908 1615 1023 1668 quod
1070 1614 1239 1654 simula-

360 1680 508 1720 chrum
534 1679 725 1720 Palladis
756 1680 857 1719 inde
885 1678 1051 1719 auferre
1083 1679 1237 1719 voluis-

360 1748 474 1794 sent,
491 1742 620 1795 idque
638 1743 766 1794 culpa
785 1741 955 1783 Orestis
974 1741 1106 1790 foret,
1127 1740 1238 1793 quod

359 1819 456 1846 cum
486 1818 630 1846 sorore
649 1805 876 1858 Iphigenia
904 1810 1165 1845 convenerat
1184 1804 1240 1844 de

359 1868 493 1918 furto,
539 1869 780 1922 capitisque
828 1868 1056 1908 damnatus
1110 1872 1239 1919 esset,

359 1939 483 1974 tanto
511 1945 557 1973 se
590 1933 773 1973 invicem
807 1945 951 1972 amore
989 1930 1239 1983 tuebantur,

359 2001 408 2036 nt
440 2009 534 2036 cum
569 2008 645 2035 rex
677 1996 810 2036 vellet
844 1995 1049 2035 Orestem
1078 1992 1239 2033 interfi-

359 2070 473 2110 cere,
506 2070 586 2098 nec
618 2065 718 2098 uter
749 2069 895 2098 eorum
933 2061 1063 2103 esset,
1093 2056 1242 2108 sciret,

358 2120 545 2174 Pylades
565 2133 610 2161 se
631 2121 836 2162 Orestem
855 2132 946 2160 esse
961 2125 1242 2171 asseveraret,

358 2192 408 2226 ut
428 2198 507 2238 pro
527 2186 688 2226 Oreste
707 2184 1039 2235 interficeretur,
1065 2196 1145 2225 nec
1165 2185 1241 2224 mi-

357 2248 437 2289 rius
453 2249 632 2289 Orestes
649 2261 694 2289 se
715 2247 1001 2300 profitebatur
1021 2248 1240 2289 Orestem.

358 2313 429 2352 De
450 2313 514 2352 his
546 2325 650 2364 ergo
679 2313 796 2352 nulla
825 2318 930 2352 aetas
964 2312 1240 2353 conticescet.

356 2377 518 2417 Tullius
556 2377 600 2416 in
639 2376 797 2416 Laelio:
839 2377 852 2399 ‘
873 2376 980 2416 Cum
1014 2376 1242 2427 ignorante

360 2444 457 2479 nter
476 2444 588 2479 esset
609 2438 808 2489 Orestes,
838 2438 1024 2490 Pylades
1044 2449 1091 2477 se
1111 2437 1240 2478 Ores-

359 2507 448 2541 tem
478 2513 572 2541 esse
595 2501 776 2552 diceret,
811 2507 859 2541 ut
878 2512 957 2552 pro
976 2501 1048 2540 illo
1065 2511 1241 2540 necare-

360 2571 455 2614 tur,
476 2564 654 2604 Orestes
673 2569 832 2614 autem,
846 2564 908 2603 ita
921 2568 968 2602 ut
983 2568 1094 2613 erat,
1110 2563 1242 2603 Ores-

360 2632 447 2666 tem
461 2639 506 2666 se
517 2639 612 2666 esse
625 2626 1243 2678 perseveraret,stantesplau·

360 2690 519 2730 debant
539 2690 582 2728 in
603 2701 648 2728 re
666 2689 797 2729 ficta!
835 2689 984 2730 Oliver.

415 2753 540 2792 Patre
558 2754 686 2792 notior
705 2753 781 2804 est]
813 2752 900 2794 Qui
928 2752 1071 2803 ipsum
1099 2751 1143 2790 in
1169 2750 1241 2790 ad-

360 2817 497 2856 versis
518 2828 600 2855 non
624 2815 830 2865 deseruit,
852 2814 926 2854 sed
955 2813 1169 2854 furentem
1198 2815 1242 2853 in

358 2880 582 2920 Tauricam
620 2891 757 2933 usque
791 2878 1010 2930 regionem
1040 2889 1243 2929 prosecu-

363 2950 431 2983 tus
452 2948 532 2982 est.

414 3009 437 3059 ξ
459 3011 481 3047 l
513 3005 702 3045 Inimicus
715 3004 876 3056 patrica]
897 3003 1064 3055 Saepius
1079 3003 1241 3043 dictum

362 3075 444 3119 est,
490 3068 596 3108 duos
643 3067 879 3119 Gracchos,
924 3066 1147 3107 Tiberium
1197 3074 1244 3106 et

363 3133 529 3183 Caium,
547 3131 719 3183 fratres,
753 3131 807 3171 ob
838 3130 1105 3182 gravissimas
1134 3129 1243 3168 sedi-

361 3198 519 3246 tiones,
549 3209 655 3249 quas
685 3196 729 3235 in
758 3195 918 3247 populo
951 3194 1037 3234 suis
1075 3193 1242 3244 legibus

361 3260 628 3312 excitabant,
648 3261 792 3300 hostes
813 3273 837 3300 a
854 3259 1015 3300 Senatu
1029 3257 1160 3298 fuisse
1172 3259 1242 3309 ju-

363 3325 547 3374 dicatos,
566 3330 612 3364 et
632 3330 858 3376 utrumque
875 3334 901 3362 a
919 3321 1141 3362 nobilitate
1162 3332 1243 3360 cae-

363 3401 470 3438 sum,
497 3389 677 3428 alterum
713 3399 738 3426 a
772 3386 946 3436 Nasica,
978 3385 1161 3423 alterum
1188 3382 1242 3422 ab

366 3452 561 3503 Opimio.
619 3452 715 3494 Quo
738 3449 912 3490 tandem
932 3460 1057 3497 casse,
1073 3447 1242 3487 Blosins

367 3515 419 3553 ad
437 3515 728 3555 Aristonicum
745 3524 888 3566 regem
901 3511 1111 3563 confugit.
1140 3511 1244 3551 Pro-

953 293 1130 331 NOTAE
1171 292 1499 334 VARIORUM
1547 295 1610 334 IN

1307 414 1464 468 fligatis
1484 415 1642 456 deinde
1663 416 1790 456 rebus
1810 411 2057 463 Aristonici,
2075 425 2185 455 rnor-

1308 483 1397 518 tem
1436 479 1516 518 sibi
1562 480 1781 520 conscivit.
1836 479 1962 519 Unde
2006 478 2184 519 Cicero:

1307 542 1320 564 ‘
1340 541 1494 594 Itaque
1514 543 1589 582 hac
1610 543 1797 582 amentia
1817 541 2055 594 quaestione
2075 551 2187 580 nova

1307 606 1564 656 perterritus
1586 605 1631 644 in
1652 605 1798 645 Asiam
1830 603 2035 657 profugit,
2066 610 2112 644 et
2131 603 2203 646 ad*

1306 668 1450 708 hostes
1488 679 1534 707 se
1569 668 1769 719 contulit,
1804 668 1877 708 ubi
1912 679 2059 721 poenas
2103 667 2185 706 reia

1307 732 1492 783 publicae
1525 743 1675 783 graves
1697 733 1921 785 justasque
1949 730 2188 783 persolvit.’

1309 796 1417 836 Oliv.

1362 860 1412 899 C.
1432 857 1612 908 Blosius]
1641 858 1798 898 Cicero
1827 863 1955 898 vocat
1987 858 2036 898 C.
2069 857 2186 897 Blos-

1304 922 1419 963 sium.
1466 922 1659 962 Emendo
1691 922 1852 974 absque
1885 921 1970 960 ulla
2015 921 2185 960 haesita·

1305 986 1450 1026 tione:
1496 987 1544 1026 C.
1583 986 1766 1025 Blossius
1809 986 2046 1036 Campanus,
2082 995 2186 1032 non,

1308 1049 1516 1088 Cumanus.
1572 1049 1662 1088 Pro
1677 1060 1744 1088 me
1762 1053 1830 1088 est
1845 1047 2060 1087 Ciceroin
2083 1045 2185 1086 Rul-

1302 1111 1438 1150 liana:
1455 1112 1468 1133 ‘
1483 1111 1613 1151 Hunc
1630 1111 1790 1162 capuae
1807 1111 2024 1163 Campano
2040 1121 2187 1162 super-

1303 1173 1402 1212 cilio
1422 1186 1473 1213 ac
1501 1174 1619 1224 regio
1638 1175 1790 1226 spiritu
1809 1186 1906 1215 cum
1924 1174 2186 1223 videremus,

1303 1232 1490 1288 Magios,
1523 1236 1712 1277 Blossios
1743 1237 1845 1277 mihi
1880 1238 2058 1278 videbar
2085 1238 2184 1278 illos

1305 1297 1453 1338 videre
1474 1310 1524 1337 ac
1543 1299 1571 1340 J
1576 1298 1781 1339 ubenios!
1800 1310 1902 1339 sane
1921 1299 2078 1339 Blossii
2098 1299 2184 1350 spi-

1304 1360 1411 1401 ritus
1429 1362 1497 1400 vel
1523 1373 1576 1401 ex
1607 1362 1688 1402 hoc
1713 1363 1911 1414 exemplo
1931 1374 2016 1402 non
2039 1362 2184 1412 vulga-

1303 1423 1378 1464 ris.
1410 1424 1536 1464 Color.
2142 1435 2145 1438 ·

1360 1487 1594 1538 Cumanum]
1622 1486 1662 1527 A
1685 1488 1847 1535 Cumis,
1862 1487 2040 1532 civitate
2061 1488 2185 1528 Cam-

1303 1550 1459 1602 paniae,
1470 1551 1599 1602 juxta
1626 1551 1772 1591 Baias.
1810 1550 2010 1591 Dicimus
2042 1553 2184 1590 Cuma·

1302 1626 1390 1666 nus,
1418 1619 1464 1654 et
1495 1615 1677 1654 Cumeus.
1721 1614 1955 1665 Virgilius:
1987 1617 1998 1636 ⁸
2019 1614 2186 1657 Ultima

1304 1676 1451 1717 Cumei
1474 1677 1589 1715 venit
1601 1677 1692 1728 jam
1708 1677 1907 1717 carminis
1927 1676 2068 1716 aetasss
2133 1714 2135 1717 ,

1357 1741 1425 1792 §2
1458 1740 1688 1789 Trigemina
1729 1739 1863 1791 portu]
1904 1740 2057 1788 Dicta,
2104 1750 2183 1790 per

1303 1814 1431 1854 quam
1463 1802 1690 1853 tergemini
1720 1801 1879 1844 fratres
1912 1801 2085 1842 Horatii
2110 1813 2184 1841 ex·

1302 1864 1448 1904 ierunt
1484 1871 1638 1904 contra
1672 1861 1906 1914 Curiatios,
1936 1865 1993 1904 de
2021 1871 2186 1904 summa

1302 1926 1473 1978 imperii
1509 1928 1734 1979 certaturi,
1767 1933 1815 1968 ut
1851 1927 1966 1967 inter
2003 1928 2184 1980 impera-

1303 1994 1418 2029 tores
1438 1996 1716 2030 convenerat.

1356 2053 1485 2093 Pon-te
1497 2054 1676 2105 sublicio]
1706 2055 1817 2095 Vide
1836 2067 1977 2106 supra.

1356 2116 1554 2157 Horatius
1574 2118 1726 2170 Cocles]
1755 2118 1842 2159 Qui
1875 2118 2081 2158 Porsenae
2116 2129 2184 2157 re-

1304 2182 1368 2233 gis
1388 2183 1624 2223 exercitum
1645 2188 1733 2223 tam
1754 2183 1827 2222 diu
1847 2183 1962 2223 solus
1983 2182 2185 2222 sustinuit

1302 2245 1346 2285 in
1364 2252 1513 2298 ponte,
1533 2246 1671 2286 donec
1691 2259 1716 2286 a
1735 2252 1856 2298 tergo
1874 2245 2038 2286 fractus
2058 2257 2184 2298 pons,

1303 2311 1626 2363 praeclususque
1671 2310 1864 2350 hostibus
1907 2309 2048 2350 aditus
2089 2308 2187 2360 fluit,

1302 2380 1352 2414 ut
1382 2374 1426 2413 in
1458 2386 1554 2426 cap.
1594 2374 1648 2414 de
1681 2373 1954 2414 Fortitudinis
1987 2372 2186 2412 diximus.

1305 2437 1454 2479 Oliver.

1356 2501 1522 2551 Adjecta
1551 2501 1774 2541 voluntaria
1804 2499 1948 2551 morte]
1977 2498 2082 2540 Cum
2102 2499 2184 2539 Co·

1303 2565 1394 2605 cles
1414 2565 1552 2603 salvus
1573 2564 1833 2605 enataverit.

1358 2628 1539 2667 Materni
1571 2627 1656 2677 avi]
1695 2627 1908 2678 Scipionis
1937 2626 2184 2678 superioris,

1304 2690 1425 2742 cujus
1471 2690 1671 2730 Cornelia
1706 2696 1846 2729 mater
1889 2688 2183 2729 Gracchorum

1304 2757 1398 2792 erat
1425 2751 1525 2792 filia.
1721 2803 1723 2805 .

1358 2815 1542 2855 Sinistris
1567 2815 1719 2866 quidem
1743 2812 1948 2864 auspiciis]
1976 2811 2184 2853 Infaustis

1303 2878 1504 2930 inceptis,
1547 2878 1648 2931 quia
1685 2878 1844 2917 malum
1883 2877 2038 2917 sortita
2086 2881 2186 2917 sunt

1303 2940 1447 2982 finem.

1358 3004 1505 3045 Lucius
1539 3009 1669 3044 autem
1707 3004 1931 3057 Rhegium]
1971 3004 2020 3045 C.
2057 3004 2186 3043 Man-

1303 3067 1383 3106 lius
1415 3073 1462 3107 et
1497 3068 1551 3109 Q.
1590 3067 1765 3107 Servius
1802 3067 1967 3118 Caepio,
2002 3077 2184 3118 procon„

1304 3130 1416 3170 sules
1445 3129 1648 3170 adversus
1677 3130 1841 3179 Gallos,
1869 3128 2079 3178 Cimbros,
2108 3128 2184 3168 Se-

1304 3205 1438 3233 nones
1453 3199 1498 3232 et
1517 3194 1731 3232 Teutones
1747 3191 1879 3243 missi,
1893 3191 2043 3243 proelio
2061 3191 2183 3242 victi,

1305 3263 1350 3296 et
1367 3256 1476 3296 binis
1494 3257 1647 3296 castris
1663 3255 1782 3295 exuti
1793 3261 1908 3305 sunt,
1922 3255 2103 3294 militnm
2115 3258 2183 3297 8⁰.

1305 3320 1435 3359 millia
1472 3331 1611 3359 caesa:
1651 3319 1780 3370 juxta
1819 3323 1919 3357 acta
1952 3317 2186 3369 Caepionis,

1304 3383 1423 3434 cujus
1445 3382 1686 3421 temeritate
1715 3380 1862 3420 clades
1892 3388 2073 3432 accepta
2090 3380 2184 3420 fue*

1306 3454 1389 3495 rat,
1421 3446 1628 3495 damnati,
1654 3450 1700 3485 et
1728 3456 1872 3484 eorum
1904 3444 2015 3483 bona
2044 3441 2182 3495 publi-

1305 3519 1400 3553 cata
1421 3517 1532 3551 sunt.
1587 3511 1673 3551 Hic
1696 3515 1837 3551 autem
1865 3509 1999 3550 Fabio
2016 3519 2183 3549 succes⁴
