2346 3996
336 278 478 332 1:318

335 409 381 450 id
399 409 598 450 incendio
613 408 961 461 consumpsisset,
973 409 1087 449 aliud
1104 422 1211 462 prae-

335 474 520 515 stantius
549 478 880 515 construxerunt
904 474 1129 516 mulierum
1147 486 1213 513 or-

337 538 550 578 namentis
569 544 614 578 et
646 537 790 578 multis
812 537 963 589 opibus
984 537 1037 577 ad
1054 537 1096 577 id
1129 538 1214 577 col·

336 602 451 648 latis,
467 601 726 654 refectisque
747 600 961 652 prioribus
981 600 1212 650 columnis,'

337 668 418 705 &m
475 667 586 706 Nam
608 666 662 705 de
683 665 882 705 restituto
902 666 1062 717 templo
1082 665 1215 705 multa

340 733 661 779 commemorat,
682 728 791 780 quod
809 729 981 780 longum
1011 728 1133 768 nimis
1153 741 1215 768 es·

341 797 408 830 set
428 791 497 830 hic
523 789 704 831 referre.
764 791 911 831 Oliver.

396 858 551 896 Nomen
565 856 647 906 ejus
663 869 731 908 per
746 861 870 896 totum
884 860 1077 897 terrarum
1088 856 1217 896 orbem

341 920 649 973 diffunderetur]
695 921 765 963 Ita
810 920 954 972 vulgo.
1009 920 1061 959 In
1109 921 1218 960 Cau-

343 985 496 1025 chiano
528 985 726 1036 legimus,
756 985 982 1024 disseretur.
1038 984 1091 1023 In
1125 983 1217 1023 aliis

341 1054 484 1088 autem
505 1048 838 1099 exemplaribus,
855 1047 1086 1087 disiceretur
1108 1060 1121 1093 ;
1146 1059 1218 1086 an-

341 1113 464 1166 tiqua
482 1125 604 1162 voce,
619 1124 711 1163 pro,
731 1112 1064 1163 dispergeretur.
1094 1111 1219 1160 Pigh.

403 1175 652 1228 Theopompi]
680 1175 767 1215 Hic
796 1173 881 1214 fuit
910 1174 1112 1214 Isocratis
1137 1173 1221 1212 dis·

346 1240 528 1292 cipulus,
562 1239 767 1290 Tragicus
805 1236 944 1278 Poe'ta
982 1244 1026 1277 et
1064 1237 1223 1277 Orator

348 1305 546 1353 eximius,
566 1307 676 1342 teste
706 1300 864 1342 Gellio.
920 1300 1018 1340 Fuit
1048 1305 1093 1339 et
1113 1301 1224 1338 alter

346 1368 644 1419 Theopompus
682 1364 1100 1405 Lacedaemoniorum
1135 1375 1225 1413 rex,

348 1431 402 1470 de
438 1443 522 1482 quo
543 1429 726 1469 diximus
754 1428 797 1466 in
828 1439 926 1478 cap.
946 1426 998 1466 de
1025 1425 1226 1465 Modera-

350 1495 481 1534 tione.
535 1493 644 1534 Οῑὶυ.
692 1488 945 1542 Theopompi]
1002 1489 1172 1529 Citatur
1203 1501 1228 1527 a

350 1557 580 1607 Strabone,
617 1556 774 1606 Plinio,
810 1553 958 1604 Suida,
993 1552 1227 1604 Stephano.

352 1622 459 1673 Ejus
493 1620 696 1660 orationis
717 1619 779 1658 vis
800 1631 825 1658 a
845 1617 1055 1657 Cicerone
1085 1616 1229 1656 lauda-

352 1692 423 1726 tur
459 1686 502 1725 in
541 1685 741 1725 Oratore.
808 1682 958 1722 Fidem
1006 1681 1230 1732 aliquoties

354 1751 498 1803 pulsat
514 1749 683 1790 Strabo.
741 1748 869 1788 Coler.

411 1815 521 1855 CAP.
541 1825 617 1853 xv.
645 1811 1003 1852 Honoratissimum
1034 1809 1235 1862 templum]

356 1876 477 1916 Nihil
507 1874 848 1928 magnificentius
881 1873 1133 1925 contingere
1160 1886 1233 1925 po-

355 1940 527 1991 tuisset,
550 1951 675 1992 quam
709 1945 760 1978 ut
785 1939 989 1990 praesenti
1018 1937 1101 1988 ipsi
1129 1942 1234 1976 tem-

357 2007 475 2058 plum
512 2011 557 2045 et
596 2015 666 2043 ara
701 2002 1054 2051 constitueretur,
1090 2001 1235 2052 illique

358 2067 642 2108 redderentur
697 2066 880 2105 honores
926 2064 1073 2113 divini,
1123 2062 1236 2117 quod

359 2130 520 2172 factum
541 2142 653 2180 esse,
671 2141 816 2170 omnes
847 2133 1061 2168 testantur
1090 2119 1236 2167 aucto-

359 2209 444 2236 res.
475 2195 708 2235 Horatius:
727 2195 739 2217 ‘
755 2193 963 2233 Praesenti
980 2192 1058 2232 tibi
1073 2191 1238 2231 divinos

359 2258 564 2312 largimur
581 2259 776 2308 honores,
794 2255 1091 2308 Jurandasque
1120 2261 1240 2295 tuum

363 2334 442 2375 per
461 2334 614 2363 nomen
635 2321 829 2373 ponimus
851 2319 973 2360 aras!
1031 2319 1180 2360 Oliver.

418 2387 621 2439 Superiori
639 2385 827 2435 Africano
844 2385 1063 2424 consulatus
1085 2384 1244 2424 citerior

363 2453 539 2504 legitimo
564 2457 733 2504 tempore
760 2453 875 2491 datus
898 2455 968 2491 est.
1026 2451 1140 2496 Quod
1144 2450 1245 2503 fieri

366 2523 556 2571 oportere,
571 2518 764 2559 exercitus
779 2522 954 2557 senatum
970 2517 1097 2557 literis
1114 2519 1243 2556 admo-

366 2584 468 2624 nuit.
515 2584 582 2623 Ita
600 2583 750 2622 nescias
769 2586 901 2622 utrum
918 2582 979 2621 illi
995 2582 1082 2634 plus
1100 2581 1247 2621 decoris

367 2652 527 2699 patrum
544 2645 848 2699 conscriptorum
879 2646 1086 2697 autoritas,
1102 2659 1153 2686 an
1175 2645 1247 2685 mi-

369 2712 485 2751 litum
528 2712 727 2751 consilium
759 2711 959 2762 adjecerit.
1005 2710 1111 2760 Toga
1147 2710 1248 2750 enim

372 2777 593 2829 Scipionem
610 2777 745 2816 ducem
773 2777 956 2814 adversus
977 2775 1119 2814 Poenos
1142 2785 1247 2812 crea-

371 2840 448 2890 vit,
476 2851 586 2879 arma
614 2836 883 2891 poposcerunt]
910 2837 979 2876 Ita
1009 2837 1148 2887 vulgo.
1196 2835 1250 2875 In

376 2903 623 2955 Campensi,
650 2901 775 2942 Arma
800 2905 1054 2952 poposcerunt
1081 2900 1251 2939 eundem.

374 2968 442 3008 Ex
476 2978 559 3019 qua
595 2966 721 3005 unica
756 2965 947 3004 dictione
977 2964 1044 3004 hic
1083 2963 1255 3014 adjecta

375 3031 532 3083 colligo
549 3033 683 3073 totam
697 3028 803 3068 hanc.
817 3027 1033 3067 historiam
1049 3027 1100 3066 de
1120 3026 1253 3066 literis

379 3096 433 3135 ab
460 3093 655 3134 exercitu
686 3092 740 3132 ad
769 3092 971 3132 Senatum
1002 3091 1138 3130 missis
1160 3102 1254 3142 per-

379 3170 530 3211 peram
562 3169 588 3197 a
617 3155 802 3196 librariis
829 3154 899 3194 hic
932 3155 1134 3194 insertam
1162 3167 1255 3194 esse

383 3221 438 3261 ab
453 3221 648 3271 exemplo
664 3217 875 3258 inferioris
892 3218 1106 3257 AEmiliani
1122 3223 1256 3257 trans·

381 3286 528 3336 latam,
545 3295 642 3324 cum
663 3290 709 3321 et
729 3282 788 3322 ibi
808 3282 881 3321 illa
910 3281 1042 3321 dictio
1070 3281 1256 3333 reperia-

384 3356 455 3388 tur
493 3352 595 3399 apte
632 3345 786 3397 posita,
821 3345 890 3386 hic
935 3343 1150 3396 superflua
1190 3345 1259 3386 sit·

386 3413 467 3455 Cui
487 3423 592 3452 meae
613 3410 837 3450 sententiae
859 3407 1115 3460 suffragatur
1134 3409 1261 3448 histo-

387 3478 465 3518 riae
499 3476 673 3525 veritas,
703 3480 832 3527 atque
856 3473 1046 3526 Appiani
1077 3472 1263 3514 Alexan·

391 3541 502 3582 drini
539 3538 789 3591 auctoritaS‚
826 3538 897 3591 qui
945 3538 1034 3578 tale
1072 3537 1171 3591 quid
1210 3537 1265 3578 de

923 289 1098 328 NoTAE
1140 289 1471 331 VARIORUM
1512 292 1578 330 IN

1276 410 1498 451 AEmiliano
1527 410 1677 462 refert,
1694 410 1857 451 crebris
1889 410 2048 463 quippe
2075 410 2154 450 mi-

1275 473 1396 513 litum
1416 474 1551 513 literis
1570 486 1622 513 ex
1643 472 1792 514 Africa
1821 474 1994 525 scriptis
2015 475 2153 524 ipsum

1277 536 1422 576 Romae
1453 537 1796 577 commendatum
1829 535 1976 583 fuisse,
2002 536 2154 588 quibus

1276 600 1523 651 petebatur,
1544 604 1591 639 ut
1609 600 1652 639 in
1673 598 1864 640 Africam
1893 600 2040 639 consul
2058 599 2154 639 mit-

1278 667 1455 703 teretur.
1510 663 1577 702 De
1609 663 1830 714 superiore
1863 661 2066 703 Africano
2084 663 2156 702 Li-'

1278 726 1368 765 vius
1388 725 1557 778 quidem
1573 726 1735 776 scribit,
1749 725 1893 779 (cujus
1909 726 2010 766 istic
2022 725 2154 766 histo-

1279 791 1385 830 riam
1422 791 1634 841 integram
1651 790 1892 844 habemus,)
1924 803 2020 831 eum
2056 797 2157 831 ante

1281 862 1447 909 tempus
1476 857 1638 908 ingenti
1671 857 1856 896 omnium
1888 855 2035 896 favore
2055 869 2158 897 con-

1283 921 1412 960 sulem
1432 920 1610 971 factum,
1629 921 1704 962 sed
1727 921 1782 961 de
1808 921 1945 961 literis
1977 921 2158 961 militum

1282 997 1455 1037 prorsus
1500 985 1619 1024 nihil.
1695 986 1972 1036 Quapropter
2017 985 2160 1024 omnia

1282 1049 1415 1089 verba
1444 1050 1526 1101 jam
1547 1056 1753 1090 annotata
1781 1050 1837 1090 ab
1863 1049 2060 1101 exemplo
2077 1049 2160 1089 hoc

1284 1113 1552 1152 excludenda
1586 1122 1706 1164 puto,
1740 1119 1871 1165 atque
1903 1119 2055 1166 postea
2083 1125 2162 1153 sno

1283 1178 1394 1226 loco,
1412 1175 1486 1216 ubi
1507 1178 1561 1217 de
1582 1177 1794 1216 AEmiliani
1825 1177 2049 1216 consulatu
2068 1187 2160 1216 ver-

1283 1239 1335 1278 ba
1355 1238 1479 1288 facit,
1495 1239 1722 1280 inserenda
1737 1253 1847 1290 esse,
1862 1245 1911 1279 ut
1930 1245 2031 1280 tunc
2047 1239 2163 1279 dice-

1285 1316 1392 1343 mus.
1430 1304 1495 1343 De
1531 1305 1752 1355 superiore
1789 1308 1930 1343 autem
1952 1301 2162 1343 Africano

1286 1366 1352 1405 hic
1382 1366 1442 1405 ita
1462 1366 1689 1417 legendum
1719 1366 1930 1406 arbitror:
1961 1365 2165 1417 Superiori

1286 1431 1483 1480 Africano*
1526 1433 1744 1471 consulatus
1786 1431 1948 1471 citerior
1989 1431 2166 1481 legitimo

1288 1499 1458 1546 tempore
1476 1497 1593 1535 datus
1610 1500 1666 1535 ese
1679 1509 1693 1542 ,·
1721 1495 1784 1534 cui
1801 1508 1886 1546 φατε
1903 1494 1945 1534 iu
1963 1494 2048 1534 vito
2063 1506 2167 1545 prce-

1289 1560 1403 1612 cipuo
1429 1562 1628 1610 assignata
1645 1564 1752 1609 sunt,
1778 1561 1843 1607 ὅτ.
1863 1558 1990 1610 Pigh.
2046 1558 2168 1610 Supe-

1291 1624 1390 1664 riori
1415 1623 1626 1675 Afn‘eano]
1667 1623 1860 1674 Scipioni
1878 1621 2087 1663 Africano
2102 1634 2169 1661 su·

1294 1689 1451 1742 periori
1470 1687 1697 1740 magnifica
1724 1688 1860 1727 multa
1877 1686 2170 1740 contigerunt,

1293 1765 1470 1807 quorum
1502 1753 1586 1792 alia
1617 1751 1892 1802 contempsit,
1919 1750 2005 1789 alia
2031 1761 2173 1789 susce-

1296 1817 1375 1869 pit.
1432 1817 1570 1856 Natus
1591 1826 1721 1854 annos
1734 1819 1918 1865 quatuor
1937 1818 1983 1852 et
2002 1812 2172 1864 viginti,

1296 1880 1405 1932 patri
1439 1885 1674 1930 patruoque
1713 1877 1832 1916 caesis
1868 1876 1911 1915 in
1945 1875 2172 1928 Hispania,

1297 1955 1391 1982 cum
1417 1940 1596 1992 imperio
1629 1938 1851 1988 successit,
1871 1943 1920 1978 nt
1940 1937 1982 1977 in
2001 1949 2098 1989 cap.
2117 1937 2172 1976 de

1297 2005 1476 2046 Fiducia
1505 2003 1704 2042 diximus.
1763 2001 1921 2041 Consul
1940 1999 2095 2040 deinde
2114 2000 2173 2040 ci-

1300 2076 1369 2111 tra
1389 2068 1623 2120 legitimum
1645 2073 1811 2118 tempus
1831 2065 2074 2105 declaratus
2093 2069 2176 2113 est,

1300 2134 1506 2174 suadente
1525 2131 1736 2179 exercitu,
1754 2134 1799 2170 et
1816 2133 2013 2168 senatum
2032 2126 2176 2167 admo-

1302 2203 1432 2236 nente
1464 2206 1542 2247 per
1574 2194 1737 2234 literas.
1762 2190 1960 2244 (Pighius
1989 2190 2070 2230 hoc
2103 2201 2176 2230 ne-

1304 2260 1415 2312 gat.)
1459 2259 1531 2299 Ita
1563 2258 1674 2309 reip.
1700 2263 1870 2308 tempus
1895 2254 2087 2306 exigere,
2114 2254 2177 2294 sic

1302 2323 1398 2364 fieri
1425 2327 1642 2374 oportere,
1671 2319 1770 2372 quia
1796 2330 1924 2359 nemo
1950 2324 2086 2367 esset,
2110 2315 2181 2357 cui

1307 2395 1474 2429 tantum
1508 2385 1724 2426 exercitus
1754 2383 1928 2434 fideret,
1947 2387 1993 2422 et
2024 2383 2068 2421 in
2096 2392 2180 2434 quo

1307 2464 1406 2504 spes
1439 2456 1559 2490 tanta
1579 2448 1770 2489 victoriae
1796 2446 1924 2486 foret.
1977 2443 2180 2497 Magnifi-

1308 2529 1403 2556 cum
1432 2515 1603 2568 quidem
1636 2514 1714 2552 boc
1750 2510 1851 2561 fnit,
1870 2516 1918 2550 ut
1945 2521 2029 2551 non
2054 2508 2184 2549 facile

1309 2578 1495 2618 discerni
1517 2576 1666 2629 possit,
1684 2576 1834 2627 plusne
1859 2573 1923 2613 illi
1943 2571 2091 2626 gloriae
2108 2571 2183 2611 Se-

1309 2648 1435 2682 natus
1465 2639 1718 2685 auctoritas,
1746 2650 1799 2677 an
1835 2637 2016 2677 militum
2047 2634 2186 2676 consi-

1309 2708 1413 2747 lium
1450 2704 1660 2745 attulerit.
1717 2702 1959 2743 Gloriosum
1989 2700 2080 2740 sine
2111 2698 2188 2738 dn·

1311 2770 1384 2811 bio
1415 2768 1495 2808 fuit
1528 2768 1589 2808 illi
1619 2770 1722 2806 ante
1752 2764 1988 2817 legitimum
2014 2768 2186 2814 tempus

1312 2838 1464 2873 contra
1481 2832 1599 2883 leges
1627 2829 1855 2870 Consulem
1885 2827 2068 2867 Senatus
2088 2836 2188 2865 auc·

1313 2896 1490 2936 toritate
1518 2892 1671 2943 creari,
1689 2891 1804 2931 bello
1823 2887 1987 2930 difficili
2015 2893 2060 2928 et
2078 2886 2189 2939 peri-

1315 2961 1478 3009 culoso,
1497 2963 1542 2998 et
1563 2957 1671 3010 quod
1685 2954 1868 3007 juvenili
1886 2966 2001 2994 curae
2019 2952 2191 2994 deman·
2228 2989 2239 2998 ,

1316 3023 1418 3063 data
1454 3022 1523 3069 sit,
1543 3019 1787 3071 respublica
1822 3019 2027 3058 Romana.
2089 3015 2190 3057 Non

1317 3089 1453 3127 minus
1474 3096 1574 3125 vero
1593 3083 1654 3123 illi
1682 3080 1952 3133 magnificum
1979 3079 2113 3120 fuisse
2131 3078 2193 3118 vi-

1318 3151 1458 3199 detur,
1471 3147 1583 3201 quod
1605 3147 1658 3186 ab
1673 3144 1867 3185 exercitu
1879 3141 2011 3183 fuerit
2029 3153 2192 3182 summo

1320 3214 1505 3254 omnium
1534 3221 1740 3251 consensu
1769 3207 1999 3258 imperator
2016 3209 2194 3258 exopta-

1322 3284 1407 3319 tus.
1462 3277 1570 3316 Post
1604 3284 1705 3313 vero
1739 3268 2044 3322 rempublicam
2083 3267 2195 3308 bene

1322 3339 1594 3391 feliciterque
1626 3341 1806 3388 gestam,
1836 3332 1972 3372 multo
2003 3331 2126 3383 plura
2154 3329 2198 3369 ei

1322 3402 1546 3455 magnifica
1592 3405 1638 3439 et
1682 3396 1866 3450 gloriosa
1910 3396 2196 3445 contigerunt,

1324 3470 1422 3523 quia
1439 3468 1621 3507 Senatus
1639 3462 1700 3502 illi
1722 3459 1894 3514 praemia
1910 3457 2100 3508 ingentia
2114 3467 2199 3497 non

1325 3537 1458 3577 solum
1478 3533 1674 3580 humana,
1693 3525 1767 3567 sed
1787 3535 1921 3579 prope
1941 3522 2084 3564 divina
2102 3533 2199 3575 pro-
