2320 4004
356 277 496 330 1160

312 450 317 454 ,
358 421 555 459 sponsam
603 407 817 448 maleficiis
863 419 1007 447 eorum
1059 413 1231 449 necatas

356 467 686 523 contingentem,
707 473 870 523 aliaque
890 469 1079 511 facinora
1098 473 1232 511 multa

356 541 563 587 patrasse.
618 536 772 576 Strabo
804 535 874 575 lib.
912 546 1017 575 xm.
1055 535 1109 574 de
1145 535 1231 574 Eu-

355 610 493 650 mene,
526 610 608 638 non
643 598 794 638 Attalo
825 599 888 638 ita
924 598 1104 638 scribit:
1135 599 1228 638 ‘Ex

355 661 573 711 Eumene,’
591 661 745 712 inquit,
762 660 774 682 ‘
790 667 916 703 natus
931 667 998 701 est
1019 661 1229 701 Eumenes

354 725 406 763 de
440 726 574 776 patris
605 725 792 767 nomine.
849 726 892 765 Is
912 726 1112 777 Pergami
1132 739 1226 766 suc-

354 788 586 829 cessionem
601 789 764 839 habuit‚
780 789 921 841 etjam
934 790 1030 830 loca
1047 790 1228 830 circum-

351 850 468 889 circa
488 851 679 902 teuebat,
698 852 808 892 uude
831 852 946 904 apud
967 852 1119 892 Sardes
1138 852 1225 891 An-

353 914 539 953 tiochum
596 915 766 955 Seleuci
815 914 948 955 filium
993 917 1227 966 superavit,

352 988 447 1016 cum
494 988 546 1016 eo
588 990 851 1029 congressus.
927 978 1049 1020 Obiit
1084 986 1225 1019 autem

352 1051 448 1079 cum
485 1051 604 1080 xxn.
638 1042 757 1081 annis
777 1043 1046 1093 imperasset.
1102 1042 1226 1082 Atta-

351 1102 418 1141 lus
451 1114 521 1142 ex>
542 1102 691 1144 Attalo
727 1112 772 1145 et
800 1105 1057 1148 Antiochide
1077 1106 1228 1148 Achaei

350 1165 439 1204 filia
458 1171 600 1215 natus,
630 1170 836 1208 successit
862 1170 1054 1220 imperio,
1075 1177 1119 1209 et
1143 1169 1226 1220 pri-

349 1240 418 1268 mo
453 1241 530 1269 rex
558 1236 624 1270 est
648 1238 936 1283 nuncupatus.
993 1232 1079 1274 Hic
1100 1233 1227 1273 Gala-

351 1299 418 1333 tas
467 1295 620 1345 proelio
665 1296 852 1337 maximo
898 1296 1136 1347 superavit,
1182 1303 1227 1336 et

351 1357 639 1397 Romanorum
666 1359 827 1398 amicus
854 1357 952 1408 fuit,
984 1365 1144 1399 etcum
1166 1360 1227 1399 eis

350 1419 555 1459 adversus
568 1420 812 1472 Philippum
823 1423 1030 1473 pugnavit
1042 1422 1084 1461 in
1093 1422 1226 1463 classe

350 1481 628 1524 Rhodiorum.
684 1484 808 1524 Obiit
834 1485 925 1536 jam
958 1486 1102 1525 senior
1128 1498 1225 1526 cum

348 1546 467 1589 annis
502 1557 578 1587 XL.
610 1553 655 1587 et
687 1547 824 1589 tribus
854 1555 1093 1600 regnasset,
1118 1548 1226 1588 filios

347 1615 528 1662 quatuor
570 1611 762 1662 reliquit,
811 1613 1062 1663 Eumenem,
1098 1612 1225 1653 Atta-

346 1675 449 1724 lum,
488 1674 786 1725 Philetaerum,
815 1679 859 1714 et
886 1674 1171 1725 Athenaeum3
1199 1688 1224 1716 e

347 1737 499 1788 quibus
548 1738 744 1790 juniores
805 1738 960 1789 privati
1013 1739 1226 1790 vixerunt,

348 1800 559 1844 Eumenes
606 1805 709 1840 natu
755 1800 955 1852 grandior
1013 1801 1225 1852 regnavit.

347 1863 433 1904 Hic
462 1875 559 1902 cum
596 1864 798 1905 Romanis
831 1863 1037 1905 adversus
1077 1864 1224 1904 Antio·

346 1927 468 1967 chum
508 1928 713 1980 Magnum
750 1933 795 1968 et
828 1928 1031 1969 adversus
1059 1930 1223 1970 Persen

346 1991 502 2031 bellum
521 1989 668 2040 gessit,
700 2003 724 2030 a
756 1991 955 2032 Romanis
975 1996 1109 2032 totam
1131 2005 1223 2034 eam

345 2055 562 2106 regionem
582 2057 772 2107 accepit,
794 2068 889 2107 quae
910 2055 990 2096 sub
1009 2046 1230 2098 Antiocho*

345 2119 450 2159 citra
469 2120 654 2159 Taurum
675 2118 799 2161 erat-⁹
842 2119 994 2160 mirer.

399 2186 421 2237 ᾗ
450 2189 474 2224 5
507 2183 706 2236 Philippo]
723 2183 895 2224 Attalus
912 2196 989 2224 rex
1003 2183 1222 2236 Pergami,

345 2255 391 2288 et
411 2249 580 2298 Rhodii,
619 2261 644 2288 a
681 2248 883 2299 Philippo
916 2260 1021 2299 rege
1058 2247 1222 2300 injuriis

344 2312 547 2358 lacessiti,
582 2312 794 2350 Romanos
830 2311 1033 2350 adversus
1076 2323 1220 2362 regem

342 2375 638 2417 concitarunt:
661 2386 744 2426 quo
762 2372 898 2424 facto,
919 2374 1093 2414 Graecia
1111 2379 1220 2426 tota,

343 2437 503 2478 fiducia
533 2438 820 2479 Romanorum
841 2437 1044 2478 adversus
1063 2438 1221 2490 Philip·

343 2515 462 2554 pum,
496 2514 571 2554 spe
591 2501 779 2554 pristinae
811 2501 1023 2544 libertatis
1055 2509 1222 2554 erecta,

342 2567 500 2608 bellum
532 2566 679 2606 intulit
715 2566 804 2617 regi
833 2580 845 2616 ;
879 2571 1006 2619 atque
1038 2567 1098 2606 ita
1130 2579 1222 2617 rex,

343 2642 439 2670 cum
476 2629 661 2682 undique
693 2635 935 2681 urgeretur,
967 2642 1117 2682 pacem
1145 2643 1218 2682 pe-

342 2699 437 2734 tere
466 2693 663 2746 cogitur-3
703 2693 859 2732 deiude
887 2705 981 2732 cum
1011 2694 1217 2744 expositas

343 2757 613 2800 conditiones
634 2756 752 2808 pacis
781 2769 806 2796 a
831 2757 1031 2798 Romanis
1057 2763 1218 2803 esseut,

344 2828 546 2875 repetere
579 2833 670 2871 sua,
699 2826 746 2860 et
775 2818 963 2869 Attalus,
984 2825 1030 2860 et
1049 2820 1219 2871 Rhodii,

344 2892 391 2928 et
408 2885 576 2936 Achaei,
600 2889 646 2927 et
670 2883 802 2924 AEtoli
830 2895 1028 2934 coepere;
1059 2883 1134 2923 sed
1157 2895 1220 2924 re·

343 2950 525 3003 pudiata
543 2960 653 3001 pace
677 2947 904 3001 Philippus
924 2947 1082 2987 bellum
1101 2959 1221 2987 reno-

344 3017 431 3063 vat,
459 3012 533 3069 qui
553 3010 726 3052 tandem
748 3022 774 3050 a
793 3010 1026 3051 Flaminino
1045 3012 1220 3052 consule

343 3077 457 3117 bello
486 3083 739 3127 superatum
775 3078 820 3114 et
840 3079 938 3126 post
957 3073 1065 3115 hanc
1086 3074 1220 3115 victo-

343 3142 446 3180 riam
468 3138 696 3182 Quinctius
726 3137 1008 3188 Flamininus,
1043 3150 1220 3178 consen-

342 3206 482 3245 tiente
516 3210 644 3255 atque
676 3202 807 3243 etiam
831 3201 1018 3252 jubente
1042 3202 1220 3252 Senatu,

344 3280 490 3310 omnes
509 3267 692 3308 Graeciae
712 3266 856 3313 urbes,
878 3276 981 3317 quas
996 3264 1220 3316 Philippus

343 3332 573 3384 subegerat
591 3329 796 3381 Imperio,
812 3328 1014 3369 libertate
1029 3328 1218 3369 donavit.

342 3397 496 3448 Itaque
526 3399 740 3446 praesente
759 3391 929 3434 Graecia
957 3390 1090 3431 ferme
1110 3396 1218 3442 tota,

345 3475 440 3513 quae
461 3460 513 3501 ad
539 3464 672 3500 tautae
705 3457 897 3498 victoriae
926 3456 1217 3508 spectaculum

343 3528 621 3575 convenerat,
649 3522 776 3574 jussit
812 3519 1075 3563 Flamininus
1110 3531 1216 3572 prae-

915 290 1094 327 NOTAE
1138 289 1465 331 VARIORUM
1515 293 1574 330 ΙΝ

1294 420 1442 449 eonem
1473 422 1624 462 magna
1657 422 1759 451 voce
1783 410 2076 462 pronuntiare,
2092 412 2171 452 Se-

1295 480 1436 511 natum
1473 475 1757 526 populumque
1786 475 2017 514 Romanum
2047 481 2092 515 et
2111 476 2170 517 Q.

1296 534 1572 575 Flamininum
1619 537 1930 587 Imperatorem
1968 539 2077 577 velle
2115 550 2167 578 ac

1283 599 1440 649 jubere
1478 612 1623 639 omnes
1652 600 1834 640 Graeciae
1868 601 2046 652 populos
2072 611 2169 640 esse

1292 662 1450 702 liberos
1465 668 1510 702 et
1529 664 1746 703 immunes.
1779 664 1931 704 Oliver.

1344 725 1412 765 Ad
1430 725 1656 766 Isthmicum
1670 729 1942 780 spectaculum]
1981 728 2166 767 Isthmos

1291 802 1343 828 ea
1362 794 1490 829 terrae
1512 790 1716 829 strictura
1740 790 1914 840 dicitur,
1938 803 2030 842 quoe
2052 790 2168 831 inter

1290 852 1374 892 duo
1393 852 1526 892 maria
1554 854 1754 892 conclusa
1787 853 1871 893 iter
1900 855 2081 904 porrigit
2111 854 2166 894 ad

1291 915 1616 965 Chersonesum,
1646 921 1693 955 ut
1709 916 1790 956 alio
1811 916 1904 956 loco
1929 917 2034 963 dixi,
2056 923 2167 958 teste

1289 980 1449 1020 Ovidio
1486 980 1781 1022 Heroidihus:
1814 980 2028 1034 ‘AEquora
2064 981 2167 1022 bina

1289 1043 1373 1083 suis
1394 1050 1645 1095 oppugnant
1663 1043 1866 1084 fluctibus
1881 1044 2088 1095 Isthmon,
2107 1045 2166 1086 Et

1290 1108 1426 1146 tenuis
1455 1108 1581 1147 tellus
1613 1107 1732 1148 audit
1761 1114 1985 1161 utrumque
2014 1109 2166 1149 marest

1289 1169 1340 1210 In
1377 1170 1458 1211 hoc
1495 1170 1626 1222 igitur
1661 1171 1754 1211 loco
1792 1176 1891 1212 sunt
1919 1172 1989 1223 qui
2017 1172 2165 1212 dicant

1287 1234 1409 1274 ludos
1442 1234 1535 1274 fieri
1572 1234 1842 1275 consuevisse
1878 1235 1922 1274 in
1959 1235 2164 1275 honorem

1288 1297 1435 1336 matris
1467 1298 1652 1337 Matutae
1699 1302 1828 1349 atque
1870 1297 2068 1346 Portuni,
2107 1298 2163 1337 ad

1286 1359 1399 1412 quod
1435 1361 1728 1411 spectaculum
1759 1360 1958 1398 universa
1991 1359 2165 1400 Graecia

1287 1423 1516 1462 convenire
1546 1423 1724 1462 solebat.
1781 1422 1888 1463 Cum
1916 1421 2048 1474 igitur
2067 1432 2165 1462 con-

1289 1487 1488 1535 venisset,
1510 1487 1575 1525 vel
1595 1486 1649 1526 ad
1669 1485 1748 1525 hoc
1769 1486 2075 1538 spectaculum,
2095 1486 2163 1525 vel

1287 1550 1338 1589 ad
1357 1551 1647 1601 spectaculum
1669 1549 1876 1597 victoriae,
1905 1548 2165 1588 Flamininus

1288 1613 1416 1653 verba
1433 1613 1619 1653 Senatus
1636 1613 1819 1652 recitare
1831 1611 1978 1662 jussit.
2011 1611 2162 1652 Oliver.

1285 1676 1352 1716 Aa
1400 1676 1628 1717 Isthmicum
1670 1674 1947 1727 spectaculum]
1998 1675 2070 1714 Ita
2116 1677 2164 1715 in

1286 1738 1559 1780 Atrebatensi
1579 1740 1770 1791 aliisque.
1825 1738 1898 1778 Sic
1913 1737 2044 1777 etiam
2060 1731 2162 1779 Piu-

1286 1804 1455 1843 tarchus
1474 1804 1516 1843 in
1536 1804 1784 1843 Flaminino.
1839 1801 1984 1842 Livius
2018 1807 2162 1841 tamen

1286 1867 1452 1908 Nemea
1489 1867 1596 1907 dicit
1634 1866 1780 1906 fuisse.
1819 1866 1945 1916 Pigh.
1998 1864 2164 1904 Isthmi-

1284 1931 1388 1981 cum]
1445 1931 1560 1971 Cave
1595 1930 1742 1970 credas
1778 1929 1950 1981 Pighio,
1987 1927 2060 1981 qui
2100 1929 2164 1967 ait

1285 1995 1449 2035 Livium
1480 1994 1683 2045 scrihere,
1727 1993 1889 2033 Nemea
1917 1992 1992 2031 hos
2026 1989 2162 2030 fuisse

1283 2058 1423 2100 ludos.
1494 2059 1602 2099 Nam
1649 2059 1795 2098 Livius
1843 2057 1985 2109 potius
2027 2056 2162 2096 sentit

1286 2123 1464 2163 Nemeae
1501 2122 1576 2162 hos
1615 2122 1736 2162 ludos
1769 2120 1921 2161 factos.
1979 2120 2160 2160 Nemeae

1284 2185 1474 2226 civitatis
1491 2185 1682 2225 meminit
1698 2183 1852 2224 Strabo
1870 2183 1979 2223 libro
1995 2193 2099 2223 vm.
2114 2187 2162 2223 et

1284 2260 1340 2287 ex
1358 2259 1409 2288 eo
1429 2248 1684 2300 Stephanus.
1745 2247 1794 2287 In
1810 2259 1861 2286 ea
1879 2246 1972 2291 ludi
1989 2245 2160 2287 Isthmi-

1284 2312 1323 2352 ci
1361 2311 1607 2365 aliquandiu
1640 2310 1850 2351 celebrati
1878 2315 1991 2360 suut,
2021 2309 2161 2349 donec

1284 2381 1435 2428 postea
1458 2374 1703 2415 Corinthum
1727 2372 1935 2423 translati,
1948 2378 1996 2412 ut
2009 2370 2160 2413 scribit

1283 2439 1454 2480 Strabo.
1511 2439 1658 2478 Florus
1694 2437 1804 2477 libro
1833 2449 1884 2477 ιι.
1911 2436 2048 2476 ‘Cum
2079 2435 2162 2476 hoc

1280 2502 1394 2544 forte
1408 2504 1586 2544 Nemeae
1606 2503 1650 2542 in
1669 2502 1836 2542 theatro
1854 2500 2160 2553 Quinquenna-

1282 2568 1390 2608 libus
1410 2567 1521 2607 ludis
1542 2579 1567 2606 a
1588 2575 1790 2617 praecone
1809 2569 2053 2612 caneretur,
2070 2574 2159 2615 quo

1281 2637 1507 2671 certavere
1554 2628 1738 2682 plausu?
1769 2626 1870 2679 quid
1916 2624 2070 2666 florum
2113 2627 2159 2666 in

1280 2695 1496 2734 consulem
1518 2692 1802 2744 profuderunt
1817 2690 1847 2730 ?’
1879 2692 2050 2731 Color-us.

1335 2757 1547 2808 Immunes]
1566 2757 1666 2797 Sine
1682 2756 1768 2795 ulla
1782 2754 1987 2807 pensione
2001 2752 2156 2794 tributi

1282 2827 1328 2862 et
1353 2820 1570 2872 stipendii.
2142 2810 2156 2814 ‘¹

1335 2883 1460 2935 Aves]
1507 2884 1765 2924 Plutarchus
1784 2882 1892 2923 dicit
1918 2882 2050 2922 fuisse
2067 2893 2160 2922 cor-

1284 2959 1376 2994 vos,
1392 2948 1464 2998 qui
1484 2946 1735 2986 ceciderunt
1754 2946 1795 2985 in
1814 2946 2058 2985 Theatrum.

1294 3049 1296 3054 ,
1337 3009 1417 3051 Sed
1449 3009 1566 3050 etiam
1603 3022 1688 3060 quoe
1723 3009 1823 3048 alius
1854 3008 1940 3059 ipso
1965 3007 2160 3048 tribuente

1282 3075 1403 3115 sensit
1420 3072 1728 3123 commemorari]
1761 3072 1916 3112 Labem
1937 3076 1984 3111 et
2000 3070 2158 3110 nubem

1282 3138 1382 3178 huic
1399 3138 1492 3178 loco
1510 3142 1679 3177 veteres
1697 3136 1913 3183 adimunt;
1943 3135 1987 3174 in
2003 3133 2156 3185 quihus

1283 3201 1344 3241 sic
1359 3215 1372 3252 3
1390 3214 1473 3253 quae
1493 3202 1572 3241 alio
1593 3200 1785 3240 tribuente
1801 3198 1937 3238 sensit.
1991 3197 2160 3237 Transi-

1284 3270 1374 3304 tum
1412 3264 1523 3307 enim
1559 3267 1604 3303 et
1641 3263 1760 3302 velut
1793 3262 1904 3301 viam
1938 3260 2020 3300 sibi
2051 3258 2160 3300 facit

1279 3328 1468 3381 (solitum
1491 3326 1534 3366 id
1553 3325 1750 3377 Valerio)
1781 3324 1835 3365 ad
1854 3325 2052 3375 exempla
2070 3324 2157 3364 Ex-

1281 3398 1404 3430 terna
1422 3390 1672 3443 sequentia;
1701 3389 1743 3428 in
1773 3388 1927 3441 quibus
1953 3399 2038 3427 non
2069 3388 2154 3429 Ro-

1281 3467 1496 3494 manorum
1544 3455 1588 3494 in
1623 3454 1745 3504 alios,
1783 3452 1859 3492 sed
1893 3452 2072 3494 aliorum
2108 3450 2155 3489 in

1282 3522 1490 3561 Romanos
1508 3518 1742 3560 liberalitas
1762 3527 1979 3569 expressa.
2047 3514 2156 3556 Eam
