2346 3996
578 327 841 369 VALERH
884 324 1126 367 ΜΑΧιΜι
1174 327 1401 369 L1ss.vt.
1441 329 1574 368 cAP.
1599 316 1653 369 9.

207 449 262 492 ad
294 463 419 504 quem
458 448 613 491 Cicero
656 447 785 501 primi
826 447 926 486 libri
973 445 1084 496 epis-

206 517 314 555 tolas
366 514 517 556 scribit
565 513 618 552 de
682 510 927 551 reducendo
981 520 1084 560 rege

203 578 458 628 Ptolemaeo,
488 589 611 630 quem
658 575 991 627 repetundarum
1029 585 1085 612 ex

201 641 352 682 Sicilia
368 647 413 681 et
434 641 580 693 Cypro
612 642 859 680 accusatum
880 636 1083 688 intelligi-

201 715 320 744 mus:
357 715 453 743 uam
475 705 584 744 Cato
610 702 997 755 promulgationem
1017 704 1083 739 tu—

199 767 268 819 lit,
287 771 335 807 ut
348 767 386 806 ei
406 766 624 819 provincia
637 758 938 817 abrogaretur,
956 770 999 802 ut
1018 768 1084 802 est

201 830 315 882 apud
346 830 600 870 Ciceronem
640 830 694 870 ad
739 828 963 877 Atticum
1001 839 1083 879 qua

199 896 543 947 promulgatione
558 894 691 946 facta,
712 901 873 935 vestem
890 892 1083 933 mutavit.

203 958 356 1000 Oliver.

256 1021 438 1073 Coecilia]
469 1016 632 1074 Legem
659 1023 768 1061 hanc
797 1020 850 1060 de
880 1024 1082 1072 repetun-

200 1083 267 1124 dis
303 1085 405 1125 tulit
441 1086 497 1128 Q.
536 1084 734 1125 Caecilius
771 1083 988 1123 Tribunus
1024 1084 1081 1135 pl.

198 1148 307 1188 Lata
323 1154 403 1199 est,
418 1154 466 1188 ut
481 1154 633 1188 censet
647 1148 886 1197 Manutius,
899 1147 947 1186 L.
962 1148 1081 1187 Mar-

197 1211 260 1251 tio
276 1217 322 1251 et
341 1212 388 1252 L.
409 1211 591 1251 Manilio
609 1211 728 1251 Coss.
757 1222 866 1250 anno
886 1221 977 1251 Dm.
997 1223 1081 1263 quo

198 1284 308 1314 anuo
327 1275 398 1313 lex
419 1274 653 1327 Calpurnia
670 1275 755 1314 lata
771 1279 853 1324 est,
875 1276 941 1314 vel
961 1281 1081 1314 certe

193 1338 271 1392 Sp.
291 1338 540 1380 Postlmmio
562 1341 608 1380 L.
628 1339 861 1390 Calpurnio
882 1339 1000 1380 Coss.

250 1403 273 1454 ᾧ
295 1405 343 1442 ll
375 1403 522 1443 Iisdem
548 1403 716 1454 viribus]
743 1403 889 1455 Scipio
918 1402 1081 1443 Nasica

195 1470 352 1518 captus
391 1479 416 1506 a
452 1468 613 1508 Poenis.
672 1467 759 1507 Hic
792 1468 959 1518 collega
987 1471 1081 1506 erat

143 1541 149 1546 ·
195 1529 336 1569 Duilii
375 1531 582 1582 consulis,
618 1531 691 1584 qui
737 1531 850 1583 apud
900 1530 1079 1582 Liparas

194 1593 325 1642 victa,
341 1604 493 1643 mersa,
508 1599 554 1634 et
566 1593 719 1645 fugata
732 1595 914 1633 hostium
928 1595 1080 1645 classe,

195 1656 381 1707 primum
400 1657 518 1697 illum
540 1648 799 1697 maritimum
820 1658 911 1709 'egit
931 1658 1078 1698 trium-

193 1720 340 1771 phum.
397 1722 511 1762 Nam
532 1723 665 1762 multo
694 1726 793 1761 ante
812 1722 923 1762 lianc
941 1722 1078 1763 victo-

191 1782 299 1822 riam
329 1784 411 1824 Cn.
442 1786 665 1825 Cornelius
685 1786 831 1837 Scipio
853 1786 964 1826 alter
980 1798 1078 1827 con-

191 1846 346 1897 sulum,
366 1853 415 1888 ut
435 1838 545 1900 dixi',
558 1849 694 1889 classe
715 1849 879 1889 Punica
897 1850 1078 1890 circum-

193 1915 366 1960 ventus,
384 1917 429 1952 et
459 1923 538 1964 per
563 1911 757 1953 fraudem
791 1914 970 1954 velutin
992 1916 1079 1956 col-

194 1972 381 2026 loquium
417 1981 592 2016 vocatus
623 1981 668 2017 et
688 1982 863 2029 captus,
895 1979 1077 2030 primum

194 2035 282 2078 fuit
310 2038 507 2091 perfidiae
541 2040 721 2081 Punicae
750 2041 1075 2084 documentum:

191 2109 293 2154 post
312 2104 613 2155 captivitatem
633 2118 736 2146 vero
764 2119 787 2146 a
814 2108 982 2159 collega
1002 2121 1080 2161 per

191 2166 422 2206 victoriam
436 2167 701 2221 redemptus,
715 2182 812 2209 cum
828 2172 971 2210 omnia
974 2171 994 2224 j
1003 2184 1077 2212 ure

195 2228 298 2269 belli
310 2229 587 2282 perdidisset,
603 2237 743 2271 tamen
758 2233 977 2285 aspirante
992 2234 1078 2274 for-

193 2297 300 2332 tuna
328 2301 485 2333 cuncta
517 2296 805 2347 recuperavit,
842 2299 1077 2352 consulque

193 2357 352 2396 iterum
383 2355 541 2408 factus,
571 2370 667 2398 cum
705 2359 885 2411 imperio
914 2367 958 2401 et
986 2362 1076 2415 dig-

192 2420 332 2459 nitate
365 2420 490 2461 vixit.
540 2421 646 2462 Oliv.
704 2423 898 2477 Contigit
931 2425 984 2467 A.
1021 2428 1075 2468 U.

194 2493 392 2523 cnxctn.

245 2547 432 2599 Liparas]
479 2548 668 2589 Insulam
717 2563 843 2591 unam
890 2565 943 2592 ex
975 2552 1074 2594 1Εο-

191 2610 274 2652 liis.

245 2675 283 2716 A
315 2676 515 2716 duodecim
544 2677 758 2731 securibus]
791 2679 845 2720 Id
883 2685 962 2733 est,
992 2680 1071 2723 fasss

191 2737 325 2780 cibus.

245 2805 340 2856 §12
371 2803 511 2850 Quid?
537 2807 624 2859 ξω]
654 2807 848 2861 Contigit
865 2822 975 2851 anno
1003 2823 1070 2851 ur-

190 2864 256 2905 bis
277 2877 461 2908 ncxctv.

244 2929 590 2984 Super-lationem]
623 2934 820 2975 Barbara
855 2948 953 2988 vox,
990 2950 1069 2990 pro

189 3002 275 3044 qua
294 2993 466 3045 Lipsius
501 2996 727 3037 substituit
757 3001 1067 3050 appellationem.

190 3055 406 3096 Neutrum
438 3058 624 3109 probare
659 3073 846 3112 possum.
902 3065 955 3103 In
977 3064 1067 3104 edi-

187 3121 307 3160 tione
327 3121 495 3161 Veneta
523 3128 646 3163 vetus
673 3131 986 3167 commentator
1004 3129 1065 3168 le-

191 3191 316 3235 gerat
332 3186 677 3235 suggillationem.-
712 3190 821 3241 quod
839 3190 976 3242 ipsum
997 3199 1065 3233 est

189 3247 357 3288 scilicet
387 3260 412 3288 a
429 3250 605 3291 Valerio
625 3252 847 3304 scriptum.
901 3254 1065 3307 Suggil-

188 3309 284 3350 latio
310 3311 570 3365 ὑπωπιασμὸς,
595 3315 639 3354 in
670 3317 806 3355 veteri
827 3314 1065 3360 Glossario.

189 3370 246 3412 In
263 3373 415 3416 eodem
433 3377 530 3428 legi,
562 3378 768 3430 Suggella,
784 3380 968 3432 ὑπώπιον,
987 3384 1063 3423 sed

187 3433 343 3476 vitiose
362 3449 441 3488 pro
457 3439 657 3490 Suggilla.
711 3443 971 3496 Suggillatio,
986 3447 1065 3498 igi-

190 3504 264 3537 tur
298 3511 324 3539 a
352 3502 538 3553 suggillat,
566 3511 720 3546 contra
752 3520 879 3559 quam
910 3509 1064 3549 Festus

191 3567 391 3615 nugatur·
436 3563 574 3608 Aliter
594 3569 725 3610 etiam
746 3582 876 3623 super
895 3571 976 3613 hoc
994 3584 1065 3614 vo-

1885 276 2026 370 1243

1147 445 1301 485 cabulo
1318 446 1534 498 Josephus
1565 445 1757 498 Scaliger
1783 445 2027 496 ἐτυμολογεῖ.

1150 509 1324 550 Colerus.

1202 575 1223 625 ᾧ
1246 577 1294 613 13
1328 575 1526 622 Crassum,
1543 575 1629 627 ἔξω]
1658 574 1712 616 Q.
1741 573 1889 626 Caepio
1910 575 2026 627 capi-

1147 637 1223 675 tali
1234 636 1399 688 judicio
1413 636 1590 678 affectus
1606 643 1689 688 est,
1706 637 1807 691 quia
1820 636 2028 677 videlicet

1146 699 1273 750 culpa
1284 699 1372 751 ejus
1388 700 1552 739 amissis
1569 700 1734 740 duobus
1747 701 2026 750 exercitibus,

1146 774 1239 812 suo,
1258 769 1304 802 et
1331 764 1508 814 collegae
1540 764 1707 815 Manlii,
1726 771 1870 805 castra
1894 764 2027 804 etiam

1146 831 1279 876 capta
1307 823 1480 866 fuerant
1514 840 1539 866 a
1566 827 1753 868 Cimbris
1775 833 1820 868 et
1837 829 2025 868 Theuto-

1145 888 1228 939 nis,
1247 888 1454 929 adversus
1486 903 1590 943 quos
1621 892 1737 931 missi
1759 890 1931 931 fuerant
1950 893 2026 931 im-

1145 958 1384 1003 peratores.
1418 953 1526 995 Quae
1546 955 1799 1006 gravissima
1817 953 1902 995 fuit
1920 955 2028 1008 reip.

1146 1016 1315 1065 clades;
1345 1029 1442 1056 nam
1461 1030 1592 1069 supra
1623 1019 1846 1070 octoginta
1870 1019 2026 1059 Roma-

1144 1093 1294 1120 norum
1329 1081 1462 1122 millia
1501 1094 1616 1122 caesa
1655 1082 1872 1123 dicuntur.
1940 1082 2027 1123 Hic

1145 1150 1276 1183 antea
1294 1144 1417 1184 Fabii
1447 1145 1722 1197 ignominiam
1751 1146 1795 1185 in
1816 1146 2029 1198 Hispania

1144 1215 1413 1260 correxerat,
1439 1221 1552 1249 caeso
1583 1222 1608 1248 a
1638 1208 1931 1262 proditoribus
1951 1209 2027 1248 Vi·

1144 1270 1271 1321 nato,
1292 1277 1340 1311 ut
1360 1276 1461 1311 ante
1487 1269 1649 1311 dictum
1681 1272 1753 1312 lib.
1776 1283 1847 1312 111.
1866 1284 1962 1324 cap.
1983 1275 2024 1312 7.

1145 1334 1198 1373 de
1215 1332 1432 1375 Amicitia.
1462 1335 1615 1376 Cicero
1629 1335 1878 1386 Caepionem
1895 1335 2024 1375 etiam

1146 1404 1404 1450 quaestorem
1437 1398 1569 1439 fuisse
1603 1399 1795 1440 ostendit
1836 1400 1881 1439 in
1912 1399 2025 1440 Rhe-

1145 1462 1293 1502 toricis
1332 1461 1406 1503 lib.
1441 1475 1473 1503 1.
1519 1475 1614 1515 cap.
1648 1467 1689 1503 7.
1718 1463 1773 1502 de
1815 1464 2025 1503 constitu-

1141 1525 1258 1566 tione
1289 1527 1590 1579 conjecturali,
1621 1527 1695 1567 ubi
1725 1527 1857 1567 dicit:
1890 1528 2024 1568 ‘Cum

1142 1590 1191 1630 L.
1226 1591 1477 1629 Saturninus
1515 1591 1654 1642 legem
1702 1589 2025 1631 frumentariam

1142 1652 1198 1692 de
1232 1654 1478 1694 semissibus
1516 1661 1563 1695 et
1598 1654 1828 1695 trientibus
1859 1656 2023 1695 laturus

1144 1724 1277 1768 esset,
1299 1723 1346 1758 et
1373 1719 1538 1770 Caepio,
1556 1719 1628 1772 qui
1659 1731 1737 1771 per
1755 1719 1798 1758 id
1821 1721 2025 1771 temporis

1143 1789 1335 1834 quaestor
1364 1783 1550 1823 urbanus
1578 1789 1689 1835 erat,
1717 1782 1864 1823 docuit
1891 1784 2024 1823 Sena-

1142 1845 1261 1896 tum‚'
1278 1848 1361 1887 &c.
1396 1847 1502 1886 Oliv.

1197 1910 1397 1949 Proeturoe
1429 1911 1650 1964 splendore]
1704 1910 1815 1951 Nam
1864 1917 2026 1963 pra‘tor

1142 1973 1266 2014 Fabii
1285 1986 1471 2014 errorem
1494 1977 1700 2028 correxit,
1720 1977 1792 2030 qui
1814 1989 1839 2016 a
1857 1977 2023 2017 Viriato

1143 2041 1355 2093 deceptus
1374 2039 1529 2082 fuerat.
1558 2042 1683 2083 Idem.

1197 2105 1405 2157 Triumphi
1420 2105 1620 2157 claritate]
1649 2106 1786 2147 Quem
1807 2104 1862 2145 de
1883 2106 2024 2146 Viria-

1141 2173 1186 2208 to
1214 2168 1318 2219 egit.
1373 2169 1582 2209 Servilius
1603 2170 1766 2221 Caepio,
1798 2176 1845 2210 ut
1864 2171 1926 2210 ait
1944 2170 2024 2210 As·

1140 2232 1302 2284 conius,
1326 2232 1481 2273 bellum
1503 2233 1545 2272 in
1566 2233 1717 2273 Sicilia
1735 2234 1883 2285 gessit,
1903 2239 1948 2274 et
1967 2233 2022 2274 de

1140 2294 1214 2334 illa
1245 2295 1542 2346 triumphavit,
1574 2301 1704 2347 capta
1737 2296 1930 2348 Olyntho
1976 2302 2021 2336 et

1142 2358 1390 2410 Phaselide,
1436 2358 1490 2398 de
1537 2358 1675 2399 tribus
1719 2360 1884 2412 magnis
1922 2359 2020 2411 ejus

1140 2428 1267 2461 terrae
1300 2422 1572 2462 civitatibus:
1612 2424 1688 2462 sed
1722 2422 1776 2462 P.
1796 2423 2020 2462 Servilium

1139 2488 1387 2540 Caepionem
1417 2489 1538 2540 dicit,
1570 2501 1654 2529 non
1681 2489 1736 2530 Q.
1791 2490 1954 2529 Forsan
1975 2488 2017 2527 in

1138 2553 1474 2604 praenominibus
1494 2566 1614 2594 error
1642 2559 1738 2603 est;
1775 2565 1872 2593 nam
1893 2554 2018 2593 aliter

1137 2616 1361 2656 videretur
1382 2629 1406 2656 a
1433 2618 1575 2670 seipso
1606 2617 1832 2658 dissentire
1852 2619 2019 2658 Valeri-

1138 2692 1216 2729 us;
1245 2680 1287 2719 in
1307 2692 1404 2732 cap.
1420 2681 1531 2720 enim
1549 2681 1603 2720 de
1624 2681 1830 2722 Amicitia
1850 2683 2018 2734 Caepio-

1138 2755 1235 2783 nem
1255 2743 1364 2783 dixit
1385 2756 1409 2782 a
1431 2745 1477 2784 L.
1500 2745 1663 2796 Regino
1684 2745 1857 2785 tribuno
1879 2747 2017 2797 plebis

1135 2818 1310 2846 carcere
1325 2805 1457 2846 fuisse
1473 2807 1721 2860 liberatum,
1736 2814 1782 2849 et
1795 2810 1885 2861 ejus
1902 2809 2016 2862 fugae

1135 2871 1335 2910 comitem
1363 2869 1540 2912 factum.
1596 2871 1682 2912 Hic
1712 2884 1814 2912 vero
1841 2872 1947 2912 dicit
1971 2874 2016 2913 in

1133 2946 1307 2974 carcere
1325 2934 1451 2974 fuisse
1467 2936 1790 2987 consumptum:
1822 2948 1926 2989 ergo
1941 2943 2016 2977 aut

1132 2997 1243 3037 bunc
1276 2998 1555 3051 intelligimus
1588 2999 1642 3040 Q.
1677 2999 1938 3052 Caepionem,
1965 3000 2014 3039 il-

1132 3061 1218 3101 lum
1257 3075 1361 3102 vero
1399 3063 1667 3115 superiorem
1702 3065 1753 3105 P.
1786 3065 2011 3104 Servilium

1132 3124 1402 3177 Caepionem,
1423 3132 1498 3167 aut
1520 3127 1582 3167 bis
1602 3127 1783 3167 eundem
1802 3128 1845 3166 in
1867 3127 2010 3166 vincu-

1127 3188 1170 3227 la
1191 3187 1325 3228 fuisse
1346 3189 1660 3241 conjectum,et
1679 3195 1896 3242 postremo
1912 3199 2011 3228 con·

1128 3258 1363 3303 sumptum,
1381 3257 1456 3292 aut
1475 3258 1595 3293 certe
1615 3264 1735 3291 error
1749 3257 1827 3290 est.
1862 3249 2008 3289 Livius
2022 3295 2038 3307 ι

1127 3320 1270 3355 tamen
1307 3315 1437 3355 dicit:
1467 3316 1479 3336 ‘
1494 3316 1541 3356 C.
1556 3314 1759 3354 Manilius
1780 3322 1824 3352 et
1840 3313 1893 3353 Q.
1909 3312 2009 3351 Ser-

1127 3378 1252 3418 vilius
1287 3379 1435 3431 Caepio
1467 3377 1750 3418 Proconsules
1770 3375 1873 3415 victi
1898 3386 2006 3426 prae-

1127 3443 1199 3495 lio,
1215 3444 1456 3494 castrisque
1477 3441 1596 3480 exuti
1618 3439 1725 3478 binis
1741 3444 1855 3487 sunt,
1886 3443 2004 3476 octo-

1125 3507 1243 3559 ginta
1261 3506 1396 3546 millia
1427 3504 1609 3545 militum
1629 3502 1788 3551 occisa,
1808 3502 2004 3541 calonum

1130 3577 1175 3611 et
1205 3571 1386 3610 lixarum
1423 3565 1708 3622 quadraginta
1726 3564 1871 3606 millia.
1927 3563 2003 3604 Se-
