2288 3990
546 300 802 343 vAnEmr
845 300 1087 340 MAxuur
1132 302 1250 341 mn.
1281 301 1347 341 11.
1386 301 1519 341 uAr.
1546 289 1599 341 ’7.

159 425 412 467 Volscorum
439 422 628 472 incursu,
648 419 880 461 Consulum
913 417 1039 470 alter,

163 492 212 532 L.
223 489 444 538 Minutius,
453 485 507 526 ad
522 486 726 526 ultionem
740 484 894 524 missus
910 488 1040 535 esset,

159 554 222 593 illi
239 563 376 605 neque
394 549 582 601 fortuna,
598 559 737 601 neque
760 547 823 587 vis
847 545 974 587 animi
992 546 1035 586 in

157 629 209 657 ea
221 628 267 656 re
277 613 464 667 gerenda
473 610 575 653 fuit:
597 623 692 652 nam
705 622 802 650 cum
814 609 924 650 haud
939 621 1035 661 pro-

155 679 225 720 cul
237 678 290 718 ab
300 677 422 718 hoste
432 682 578 717 castra
589 674 942 728 posuisset,nulla
950 674 1034 714 cla-

154 740 210 782 de
223 746 406 793 accepta
414 740 596 793 pavidus
606 739 720 779 intra
731 743 870 780 castra
880 749 925 778 se
933 749 1033 778 con·

153 804 347 854 tinebat;
381 804 496 858 quod
518 803 591 844 ubi
615 814 787 844 sensere
803 803 965 853 hostes,
979 813 1033 840 ex

152 874 272 908 metu
298 867 439 908 alieno
466 867 605 908 crevit
624 866 815 912 audacia,
832 870 878 905 et
897 865 1033 917 primo

152 936 296 972 castra
306 942 552 984 expugnare
563 929 719 980 adorti,
730 941 826 969 cum
843 941 927 968 non
941 941 1032 969 suc-

151 995 346 1047 cederet,
363 995 419 1035 ad
436 994 700 1035 obsidionem
718 993 927 1039 conversi,
946 1004 1033 1032 mu-

150 1058 380 1099 nitionibus
396 1057 688 1099 circumdant:
718 1056 832 1109 quod
849 1055 922 1096 ubi
949 1058 1032 1097 Ro-

152 1133 262 1162 mam
286 1122 495 1174 perlatum
526 1125 608 1167 est,
645 1119 831 1161 obsideri
861 1120 1029 1161 scilicet

151 1186 377 1227 Consulem
393 1191 439 1226 et
458 1185 714 1237 exercitum,
730 1189 876 1225 tantus
896 1196 1030 1237 pavor

149 1255 196 1291 et
207 1249 439 1302 trepidatio
453 1248 604 1289 urbem
618 1248 806 1299 incessit,
819 1253 866 1289 ut
881 1247 1030 1288 Dicta-

149 1321 288 1355 torem
323 1325 452 1367 quam
486 1314 671 1366 primum
707 1313 805 1353 diciv
823 1313 1029 1363 placeret,

150 1372 377 1431 dictusque
409 1383 479 1418 est
506 1389 718 1418 consensu
753 1376 940 1416 omnium
979 1377 1030 1415 L.

151 1441 382 1486 Quinctius
391 1440 757 1494 Cincinnatus,qui
773 1445 862 1480 tum
878 1440 1029 1480 eratin

152 1505 284 1557 agris,
301 1510 347 1546 et
365 1504 526 1544 rustico
544 1504 709 1544 inhians
730 1503 868 1555 operi,
884 1503 1030 1543 audito

151 1568 303 1620 patriae
320 1573 519 1620 statu,-et
538 1568 740 1608 honorem
768 1573 814 1607 et
842 1567 1030 1607 laborem

149 1633 267 1685 pium
297 1644 433 1685 prono
458 1632 602 1672 anImo
629 1631 833 1684 suscepit,
863 1630 1030 1682 profec-

148 1703 304 1751 tusque
340 1697 582 1746 confestim,
620 1697 784 1748 scripto
817 1696 1031 1747 exercitu,

150 1761 344 1802 omnihus
364 1762 478 1801 ultro
510 1760 682 1800 nomina
701 1759 919 1810 dantibus,
952 1771 1030 1810 spe

147 1829 268 1865 certa
285 1824 363 1865 sub
383 1824 460 1864 tali
487 1823 597 1864 duce
618 1821 831 1874 vincendi,
850 1821 1031 1873 disposi-

150 1893 197 1930 to
214 1901 354 1929 rerum
374 1894 508 1939 statu,
526 1887 594 1926 die
610 1886 804 1939 proximo
825 1885 903 1926 suh
928 1897 1030 1926 noc—

150 1956 239 1992 tem
272 1952 412 1993 Roma
435 1962 643 2002 egressus,
661 1949 885 1990 alacritate
903 1949 1030 1988 mira-

148 2015 238 2068 bili,
260 2016 482 2068 mediaque
510 2021 637 2055 nocte
657 2014 710 2054 ad
738 2014 902 2054 hostem
933 2026 1029 2065 per-

148 2081 338 2131 veniens,
374 2085 420 2119 et
458 2079 686 2119 Consulem
715 2084 762 2117 et
790 2077 1028 2117 exercitum

148 2143 370 2184 obsidione
398 2142 610 2191 liberavit,
626 2142 787 2191 hostes,
814 2145 863 2180 ut
885 2141 1028 2192 expri-

149 2214 340 2248 meretur
358 2205 528 2246 tand'em
557 2203 782 2256 consessio,
806 2203 1028 2244 subactam

150 2268 439 2322 domitamque
458 2280 549 2308 esse
575 2274 763 2320 gentem,
782 2267 861 2306 sub
875 2267 1029 2318 jugum

149 2332 278 2372 misit.
333 2332 488 2372 Fiebat
503 2337 644 2371 autem
654 2331 806 2382 jugum
821 2343 874 2369 ex
895 2331 1030 2370 tribus

149 2396 300 2445 hastis,
319 2394 481 2435 duabus
500 2394 614 2434 humi
629 2393 796 2439 defixis,
816 2406 1030 2445 superque

150 2471 224 2499 eas
261 2470 346 2498 nna
390 2462 634 2497 transversa
678 2457 894 2509 deligata;
949 2458 1030 2498 hoc

141 2522 251 2574 jugo
279 2521 466 2561 dictator
499 2521 645 2561 hostes
683 2521 815 2561 veluti
847 2522 1028 2561 totidem

151 2584 282 2625 boves
293 2583 427 2635 misit,
446 2584 599 2624 castris
628 2583 813 2624 hostium
840 2585 1029 2636 receptis

149 2648 288 2701 plenis
321 2647 507 2688 omnium
542 2659 684 2687 rerum
723 2646 881 2699 (nudos
915 2648 1029 2687 enim

148 2710 368 2764 emiserat)
384 2710 575 2762 praedam
587 2722 756 2750 omnem
771 2722 847 2749 suo
861 2714 1030 2750 tantum

150 2774 277 2816 militi
321 2774 460 2827 dedit,
491 2774 756 2814 consularem
793 2773 1030 2813 exercitum

150 2837 463 2890 consulemque
483 2837 620 2889 ipsum
639 2837 879 2888 increpans,
900 2837 1029 2876 Care-

148 2901 233 2952 bis,
250 2901 406 2954 inquit,
425 2899 586 2953 praedae
617 2906 739 2951 parte
757 2898 880 2938 miles
898 2911 954 2938 ex
977 2911 1030 2938 eo

147 2964 287 3014 hoste,
303 2963 373 3003 cni
393 2974 529 3014 prope
548 2961 705 3014 praedae
722 2960 870 3002 fuisti:
900 2968 947 3002 et
965 2967 1029 3013 tu,

149 3027 201 3066 L.
214 3025 395 3076 Minuci,
408 3024 546 3065 donec
561 3024 826 3065 consularem
845 3025 1030 3065 animum

148 3087 329 3140 incipias
341 3087 515 3139 babere,
531 3088 695 3139 legatus
710 3089 784 3140 sis,
791 3088 1030 3140 legionibus

149 3151 342 3204 praeeris.
409 3151 481 3191 Ita
516 3162 563 3190 se
596 3150 808 3191 Minutius
857 3151 1033 3192 abdicat

151 3216 392 3265 consulatu,
433 3215 660 3267 jussusque
700 3214 754 3254 ad
792 3216 1032 3256 exercitum

149 3284 324 3328 manen
356 3277 432 3318 sed
453 3277 560 3318 adeo
574 3283 663 3318 tum
675 3278 855 3330 imperio
870 3279 1033 3319 meliori

152 3340 319 3381 animus
336 3346 575 3381 rmansuete
606 3340 812 3381 obediens
843 3347 952 3393 erat,
985 3348 1036 3383 ut

154 3401 356 3443 beneficii
383 3404 535 3455 magis,
553 3414 680 3457 quam
701 3405 944 3457 ignominiae
964 3407 1034 3447 hic

155 3467 371 3506 exercitus
390 3480 568 3520 memor,
586 3475 633 3509 et
652 3482 851 3510 coronam
868 3483 1036 3512 auream

155 3527 374 3567 Dictatori
401 3529 521 3569 librae
551 3531 692 3580 pondo
711 3532 966 3580 decreverit,
990 3540 1035 3573 et

265 3593 408 3645 Detplt.
424 3599 461 3635 et
488 3595 582 3635 Var.
603 3598 711 3638 Clas.

953 3601 1040 3641 Val.
1060 3602 1178 3642 Max.

1841 288 1981 342 1041

1103 419 1444 471 proficiscentem
1469 431 1566 461 eum
1586 422 1811 472 patronum
1831 419 1987 460 saluta-

1103 484 1230 524 verit.
1264 485 1414 526 Oliver.

1152 547 1311 600 AEquis]
1339 546 1549 601 AEquiculi
1581 551 1680 588 sunt
1699 545 1740 586 in
1760 545 1883 586 LatIo
1903 559 1980 599 po-

1101 611 1216 662 puli:
1247 612 1319 665 qui
1339 619 1469 653 antea
1488 613 1613 666 AEqui
1633 611 1755 653 dicti.
1812 612 1980 653 Auctor

1099 674 1277 715 Livius:
1305 676 1409 715 item
1429 677 1662 728 Diodorus,
1681 676 1754 730 qui
1772 675 1906 716 Αἵκλοι
1933 681 1980 716 et

1097 738 1270 778 Αἵκικλοι
1287 739 1416 792 legit:
1437 740 1497 780 sic
1516 752 1684 794 quoque
1704 736 1978 781 Ptoiemaeus.

1096 802 1366 856 AEquiculani
1379 803 1493 856 apud
1510 804 1696 844 Plinium
1715 809 1826 845 sunt.
1857 804 1980 845 AEca-

1096 864 1140 904 ni
1160 867 1322 908 suntin
1352 866 1531 919 antiqua
1560 867 1857 919 inscriptione,
1891 868 1979 907 Be-

1095 930 1284 970 neventi.
1353 929 1509 970 Strabo
1557 935 1604 969 et
1642 931 1790 970 Florus
1829 942 1976 971 eorum

1094 1004 1263 1046 quoque
1282 993 1529 1034 meminere.
1561 993 1751 1034 Ortelius.

1145 1058 1270 1099 Fossa
1282 1058 1519 1110 vallumque]
1546 1058 1659 1098 Vide
1679 1070 1825 1110 supra.

1146 1121 1484 1173 Imperiosissimi]
1510 1121 1562 1162 Id
1585 1127 1664 1168 est,
1698 1122 1873 1161 maximi
1901 1120 1975 1162 im-

1094 1185 1206 1238 perii
1225 1185 1403 1226 indices.

1145 1248 1209 1288 Ac
1241 1261 1289 1289 ne
1314 1249 1441 1290 inulta
1466 1249 1579 1300 foret
1603 1248 1734 1300 glor-iu
1765 1247 1974 1300 militaris]

1093 1311 1300 1365 Plerique
1336 1313 1443 1354 Mss.
1477 1314 1577 1353 libri
1613 1313 1805 1353 liabent:
1846 1312 1976 1352 inulta

1082 1374 1195 1422 soret
1239 1376 1331 1415 loeta
1372 1376 1502 1426 gloria
1543 1376 1744 1416 militaris.
1814 1376 1971 1427 Vulgo,

1093 1441 1230 1480 multa.
1283 1440 1335 1480 In
1365 1441 1679 1481 Pulmanniano
1707 1447 1754 1481 et
1773 1441 1978 1482 Cauchia-

1093 1514 1164 1553 no,
1191 1504 1303 1544 laesa.
1358 1504 1464 1546 Quae
1494 1517 1577 1544 vox
1609 1504 1879 1545 librariorum
1910 1504 1973 1557 ig·

1093 1567 1218 1606 navia
1237 1568 1282 1607 in
1297 1568 1481 1620 vulgatis
1500 1568 1738 1608 intercidit.
1756 1568 1946 1618 Pighius.

1146 1631 1342 1682 Piaculis]
1371 1631 1717 1684 Expiationibus.
1774 1643 1777 1645 ‘

1145 1694 1432 1747 Ignominiam]
1462 1695 1575 1738 Quia
1591 1700 1742 1748 posset
1773 1706 1866 1735 esse
1901 1696 1974 1736 ho-

1093 1762 1232 1809 nesta,
1261 1764 1309 1798 ut
1329 1758 1364 1798 si
1386 1759 1440 1798 ob
1461 1759 1749 1798 valetudinem
1777 1763 1853 1798 aut
1883 1759 1977 1799 vul·

1093 1831 1197 1860 nera
1229 1829 1427 1874 accepta,
1458 1828 1534 1862 aut
1553 1823 1609 1862 ob
1629 1823 1879 1875 religionem
1902 1824 1978 1864 ali-

1094 1897 1219 1937 quam
1239 1886 1333 1938 quis
1354 1898 1399 1926 se
1418 1887 1671 1938 magistratu
1691 1885 1924 1927 abdicarit.-

1146 1949 1214 2000 §8
1243 1950 1428 1999 Ejusdem
1472 1950 1636 2002 ordinis,
1678 1950 1768 2002 ξω]
1810 1950 1978 1991 Fronti-

1091 2024 1171 2053 nus
1190 2014 1219 2054 1.
1240 2026 1308 2054 iv.
1327 2019 1374 2054 et
1394 2026 1439 2058 v.
1465 2015 1478 2037 ‘
1497 2015 1547 2055 L.
1580 2013 1781 2066 Papirius
1816 2013 1976 2055 Cursor

1093 2078 1301 2118 Dictator
1332 2078 1507 2118 Fabium
1548 2078 1792 2117 Rullianum
1824 2077 1978 2129 magis-

1092 2148 1206 2183 trum
1224 2143 1431 2196 equitum,
1447 2143 1520 2196 qui
1548 2143 1755 2182 adversus
1787 2141 1975 2185 edictum

1092 2208 1183 2259 ejus
1229 2220 1400 2260 quoque
1438 2219 1649 2260 prospere
1688 2212 1976 2259 pugnaverat,

1094 2272 1223 2323 virgis
1243 2271 1442 2324 poposcit
1474 2270 1600 2321 caedi,
1627 2270 1768 2310 securi
1799 2281 1976 2321 percus-

1092 2347 1230 2384 surus,
1267 2347 1347 2374 nec
1378 2334 1645 2374 contentioni
1683 2340 1756 2374 aut
1776 2334 1975 2385 precibus

1093 2398 1272 2437 militum
1310 2398 1522 2438 concessit
1550 2397 1979 2449 animadversionem,

1092 2471 1275 2511 eumque
1293 2459 1606 2512 profugientem
1627 2461 1807 2500 Romam
1828 2472 1974 2512 prose·

1093 2528 1218 2563 cutus
1255 2530 1338 2574 est,
1379 2536 1460 2564 nec
1495 2524 1556 2564 ibi
1593 2523 1764 2577 quidem
1800 2525 1978 2564 remisso

1092 2586 1211 2638 prius
1229 2587 1430 2638 supplicii
1449 2593 1582 2640 metu,
1609 2598 1735 2640 quam
1763 2587 1819 2627 ad
1838 2599 1979 2639 genua

1092 2649 1199 2700 ejus,
1218 2655 1260 2688 et
1279 2648 1434 2690 Fabius
1453 2662 1549 2690 cum
1567 2655 1688 2703 patre
1703 2652 1978 2706 provolvere-

1092 2715 1177 2758 tur,
1217 2718 1263 2752 et
1295 2714 1461 2764 pariter
1492 2715 1674 2754 Senatus
1711 2719 1758 2755 et
1794 2715 1977 2766 populus

1093 2775 1328 2827 rogarent!
1365 2777 1461 2818 Liv.
1492 2789 1595 2816 vero
1613 2778 1749 2817 multo
1770 2777 1976 2828 prolixius

1093 2835 1245 2878 scribit
1262 2838 1498 2880 historiam.
1555 2840 1717 2881 Evenit
1747 2840 1829 2880 hoc
1862 2839 1977 2879 bello

1094 2899 1342 2951 Samnitico,
1370 2902 1438 2941 cui
1471 2914 1564 2941 cum
1586 2903 1636 2942 L.
1651 2902 1803 2942 Furius
1823 2901 1979 2941 Camil-

1094 2963 1160 3002 lus
1194 2963 1354 3004 Consul
1386 2971 1611 3016 praeesset,
1629 2964 1776 3004 morbo
1793 2963 1977 3016 implici-

1095 3032 1181 3078 tuS,
1208 3027 1476 3068 Dictatorem
1495 3027 1607 3067 dixit
1625 3027 1850 3080 Papirium
1869 3028 1973 3068 Cur-

1094 3103 1249 3143 sorem,
1265 3092 1338 3144 qui
1359 3091 1439 3132 sibi
1455 3092 1509 3133 Q.
1529 3091 1706 3132 Fabium
1729 3092 1970 3132 Rullianum

1094 3155 1342 3205 magistrum
1364 3155 1556 3206 equitum
1592 3154 1718 3205 dixit,
1745 3154 1895 3206 quibus
1926 3154 1969 3192 in

1095 3225 1238 3260 castra
1257 3219 1479 3272 profectis,
1506 3221 1632 3271 paulo
1652 3225 1751 3271 post
1769 3219 1976 3259 Dictator

1096 3282 1139 3321 in
1182 3283 1333 3323 urbem
1371 3284 1426 3323 ad
1464 3282 1701 3334 auspicium
1741 3281 1974 3332 petendum

1097 3347 1363 3386 accersitur:
1405 3346 1591 3397 imperat
1624 3344 1827 3395 magistro
1863 3343 1980 3395 equi-

1098 3413 1205 3460 tum,
1219 3415 1268 3449 ut
1283 3422 1376 3449 sese
1393 3410 1488 3449 loco
1501 3412 1688 3456 teneret,
1706 3417 1786 3446 nec
1799 3405 1979 3446 absente

1099 3484 1145 3512 se
1182 3485 1276 3513 cum
1324 3474 1448 3513 hoste
1494 3468 1764 3521 confligeret.
1819 3468 1977 3509 Fabius

1102 3547 1200 3576 curn
1239 3541 1338 3588 post
1387 3533 1697 3588 profectionem
1743 3531 1980 3572 Dictatoris

1775 3598 1869 3637 3U
