2346 3996
358 293 383 345 l
393 293 499 347 262

357 424 500 464 statim
530 423 697 464 curavit
723 424 831 463 clam
852 424 1163 463 meretriculam
1184 425 1230 464 il-

354 490 436 527 lam
457 487 777 539 comprehendi,
797 491 842 526 et
860 487 911 526 ad
941 499 986 526 se
1018 487 1060 527 in
1089 495 1230 528 castra

358 551 567 603 produci3
600 563 680 602 quo
712 550 1062 602 facto,juvenem
1096 551 1148 591 ad
1182 564 1227 591 se

355 617 539 656 accitum
557 615 742 666 benigne
761 616 1006 666 compellat.
1063 616 1164 656 Non
1183 621 1228 656 te

352 679 478 730 fugit,
513 678 665 730 inquit,
695 677 807 730 quod
846 684 1004 729 praeter
1035 679 1152 730 leges
1183 684 1228 719 et

352 753 493 780 mores
515 741 728 780 Romanos
748 753 771 779 e
791 741 945 780 castris
965 749 1095 781 noctu
1116 754 1229 793 saepe

351 804 623 853 discesseris;
651 803 726 843 sed
758 810 883 843 antea
902 803 1056 844 boumn
1090 811 1134 845 te
1163 805 1228 844 fu·

350 869 435 907 isse
452 868 588 907 virum
606 866 719 906 haud
736 867 892 906 oblitus
911 879 1001 906 sum
1020 881 1030 906 ε
1061 879 1227 907 errores

350 932 480 984 igitur
493 931 556 972 tui
576 937 673 972 cum
690 932 822 971 rebus
852 944 878 971 a
906 937 949 972 te
970 932 1078 972 bene
1099 934 1227 985 gestis

350 1001 756 1047 recompensentur3
784 997 957 1047 posthac
979 1008 1082 1036 vero
1113 1003 1155 1036 te
1184 998 1225 1036 in

351 1060 444 1099 aliis
465 1060 592 1100 rebus
610 1059 862 1099 observabo.
891 1059 1226 1100 Eductadeinde

348 1125 538 1165 tentorio
572 1124 834 1175 muliercula,
862 1124 989 1176 Haec,
1006 1124 1160 1176 inquit,
1183 1131 1226 1165 te

348 1188 393 1226 in
425 1187 577 1226 castris
604 1186 823 1237 retinebit,
841 1187 923 1226 nisi
944 1192 1124 1237 propter
1149 1187 1226 1226 ali-

350 1263 417 1290 am
446 1248 765 1302 improbitatem
813 1249 1080 1298 discesseris3
1127 1260 1226 1287 nam

347 1314 474 1366 hujus
494 1324 636 1352 amore
651 1323 675 1351 e
696 1311 850 1351 castris
870 1311 1093 1351 discedere
1114 1310 1224 1350 fere-

346 1376 488 1416 batur.
543 1377 652 1415 Eam
682 1374 838 1414 deinde
857 1375 1008 1426 juveni
1029 1374 1224 1426 tradidit,

347 1446 391 1479 et
411 1440 530 1480 illum
556 1438 832 1478 fortissimum
856 1437 935 1478 sibi
967 1438 1161 1487 retinuit,
1180 1443 1226 1477 et

346 1504 455 1556 reip.
470 1504 635 1543 utilem.
654 1502 778 1541 Idem.

399 1569 467 1619 §8
496 1566 646 1606 AEdilis
669 1564 858 1617 plebeius]
888 1566 1026 1605 Erant
1039 1564 1151 1604 enim
1170 1576 1227 1605 ae-

346 1631 452 1671 diles
472 1631 658 1680 curules,
678 1636 722 1669 et
749 1629 926 1681 plebeii.
983 1629 1072 1672 Qui
1091 1629 1227 1669 veluti

345 1693 530 1734 ministri
585 1693 850 1733 tribunorum
905 1699 1044 1733 erant.
1099 1693 1225 1733 Unde

345 1770 485 1810 neque
530 1757 614 1797 iuis
655 1757 803 1797 noceri
842 1756 999 1808 potuit.
1039 1756 1225 1808 Dionys.

345 1821 419 1862 lib.
435 1833 500 1862 vr.
557 1821 570 1843 ‘
592 1820 771 1861 Curules
787 1819 1062 1869 dicebantur,
1077 1819 1224 1872 quoni-

345 1898 411 1924 am
430 1897 480 1925 ea
497 1885 604 1924 sella
624 1883 792 1924 lionoris
824 1896 955 1923 causa
975 1883 1223 1924 utebantur.

343 1949 515 1990 Plebeii
533 1954 699 1988 tautum
713 1948 756 1987 in
785 1947 993 1987 subselliis
1003 1946 1224 1994 sedebant,

345 2020 394 2053 nt
414 2018 460 2053 et
476 2012 658 2052 Tribuni
675 2016 721 2051 et
731 2009 1010 2054 Quaestores.’

396 2076 610 2128 Assumpto
631 2075 751 2115 Isiaci
767 2074 923 2125 habitu]
950 2074 1133 2125 Sumpto
1148 2073 1222 2112 ha-

344 2140 436 2181 bitu
463 2139 698 2180 sacerdotis
734 2138 876 2178 Isidis.
937 2138 1041 2177 Erat
1079 2143 1222 2176 autem

342 2203 515 2244 habitus
544 2203 858 2252 mendicantis;
887 2214 985 2241 nam
1022 2201 1222 2242 sacerdo-

343 2273 410 2307 tes
440 2267 565 2307 Isiaci
585 2265 882 2306 mendicantes
904 2277 981 2317 per
1001 2265 1151 2305 urbem
1178 2270 1224 2305 et

342 2331 461 2370 vicos
490 2330 771 2382 vagabantur,
801 2329 1057 2380 pollicentes
1092 2340 1138 2368 se
1157 2326 1224 2368 fu-

342 2399 442 2435 tura
459 2394 761 2447 praedicturos,
779 2395 815 2432 si
842 2393 1017 2432 daretur
1035 2392 1155 2443 assis,
1178 2397 1225 2432 et

341 2458 441 2499 inde
462 2463 672 2511 quaestum
691 2455 922 2496 faciebant.
954 2456 1105 2496 Oliver.

397 2523 545 2562 Omnes
555 2525 703 2572 autem,
720 2521 806 2572 ἔξω]
839 2520 1030 2559 Damnat
1050 2518 1226 2559 ulterius

342 2592 388 2625 et
408 2597 482 2625 eos
497 2585 569 2638 qui
582 2585 685 2624 vitae
706 2584 879 2623 nimium
894 2582 1040 2634 cupidi
1055 2593 1223 2622 onmem

342 2648 646 2699 indignitatem
675 2653 722 2686 et
753 2644 1066 2696 turpitudinem
1087 2646 1224 2684 vitan-

343 2710 412 2750 ‹1ae
440 2710 589 2750 mortis
619 2709 762 2761 gratia
782 2709 927 2748 subire
948 2719 1031 2747 non
1052 2707 1222 2747 dubita-

342 2775 463 2825 bant,
483 2781 530 2814 et
561 2786 635 2814 eos
665 2774 737 2826 qui
762 2773 912 2812 alienae
932 2773 1081 2812 mortis
1107 2772 1224 2811 avidi

339 2839 535 2878 homines
551 2838 603 2877 ad
624 2849 716 2876 eam
749 2835 1053 2876 necessitatem
1073 2834 1222 2886 impel-

341 2901 505 2951 lebant,
554 2905 602 2939 ut
642 2911 695 2939 ea
734 2900 950 2939 sustinere
994 2905 1222 2950 cogantur.

346 2967 496 3007 Oliver.

395 3033 418 3083 ᾧ
454 3035 481 3071 9
529 3029 769 3080 Vetulionis]
815 3027 887 3069 Ad
932 3025 1226 3068 differentiam·

339 3093 562 3134 Saturnini
579 3091 769 3144 Apuleii,
799 3091 853 3131 de
882 3102 958 3130 suo
987 3101 1114 3142 supra
1134 3090 1222 3130 dic·

342 3163 432 3196 tum
464 3162 544 3197 est.
594 3155 701 3196 Oliv.
769 3154 983 3206 Aliquanto
1013 3153 1222 3205 speciosius

339 3220 546 3260 sententiis
591 3218 803 3259 Saturnini
853 3217 1106 3269 Vetullionoe]
1150 3217 1223 3257 Ita

341 3284 483 3336 vulgo.
501 3304 503 3307 ·
538 3283 592 3323 In
609 3283 806 3333 Susiano,
823 3281 1036 3321 Winchel.
1051 3286 1096 3319 et
1117 3280 1221 3319 Pul-

340 3361 484 3389 mann.
538 3348 752 3400 Aliquanto
782 3346 991 3400 speciosius
1016 3345 1224 3386 Saturnini

345 3412 562 3453 Vetulonis.
600 3410 817 3452 Corradus
835 3411 972 3463 legit:
1010 3410 1222 3462 Aliquanto

340 3479 548 3529 speciosius
576 3477 706 3518 Sentii
742 3477 952 3519 Saturnini
989 3477 1221 3519 Vetulionis.

340 3542 425 3582 Sed
449 3542 561 3583 idem
576 3542 659 3582 hoc
687 3547 834 3583 narrat
847 3540 1072 3595 Appianus
1090 3540 1221 3582 Alex-

938 308 1115 346 NO'rAE
1159 306 1488 346 VARIORUM
1532 308 1597 346 IN

1291 424 1494 465 andrinus
1510 425 1562 465 de
1588 426 1822 478 Pomponio
1838 426 2037 479 quodam.
2090 429 2168 468 Lo·

1291 500 1365 527 cus
1380 488 1448 528 bic
1467 489 1578 528 haud
1598 489 1725 529 dubie
1739 490 2171 530 contaminatissimas

1292 557 1374 598 est,
1423 564 1472 592 ac
1508 552 1661 592 merito
1696 553 1908 592 notandus
1939 554 2170 603 asterisco;

1292 614 1367 653 sed
1395 615 1497 655 nihil
1515 615 1662 655 auxilii
1690 617 1734 655 in
1754 615 2069 668 exemplaribus
2088 623 2172 657 est.

1292 680 1419 730 Pigh.

1365 743 1570 796 Puteolos]
1633 742 1854 795 Oppidum
1910 744 2169 785 maritimum

1292 808 1557 859 Campaniae,
1603 819 1686 847 non
1724 806 1873 858 procul
1906 807 1961 847 ab
1997 806 2170 848 Averno

1290 871 1401 911 lacu.

1347 935 1518 974 Perinde
1566 938 1611 973 ut
1656 933 1849 984 publicum
1888 933 2168 985 ministerium]

1287 997 1505 1049 Tanquam
1529 997 1700 1048 publico
1722 995 1861 1036 officio
1881 994 2079 1048 fungens.

1341 1060 1453 1099 Exr.
1472 1061 1494 1111 ᾧ
1514 1062 1535 1098 1
1571 1061 1672 1099 Cum
1688 1059 1931 1110 Alexander,
1943 1059 2030 1111 δῖα]
2061 1059 2168 1100 Cum

1287 1121 1534 1163 Alexander
1554 1123 1761 1164 ducturus
1780 1128 1897 1163 esset
1926 1124 2169 1164 exercitum

1286 1185 1332 1224 in
1356 1185 1525 1238 Persas,
1557 1187 1771 1227 consuluit
1791 1187 2027 1236 oraculum,
2042 1199 2168 1239 quem

1286 1250 1477 1300 suscepti
1506 1250 1606 1290 belli
1629 1255 1829 1290 eventum
1860 1254 1975 1290 esset
2001 1250 2169 1290 babitu-

1288 1324 1380 1362 rus;
1398 1312 1567 1353 felicem
1582 1314 1803 1365 respondit
1817 1312 1988 1365 Apollo,
2005 1313 2169 1367 sicum,

1287 1377 1359 1428 qui
1386 1377 1546 1428 primus
1564 1377 1646 1417 sibi
1678 1384 1803 1429 porta
1822 1389 1996 1429 egresso
2015 1388 2166 1418 occur·

1288 1439 1429 1489 risset,
1448 1441 1584 1481 occidi
1595 1441 1814 1493 jussisset.
1847 1440 1956 1482 Oliv.
2119 1436 2121 1438 ’

1341 1502 1478 1555 Sorte]
1510 1503 1726 1543 Vaticinio
1747 1503 2062 1555 sortilegorum.

1341 1567 1364 1618 §
1401 1570 1425 1606 2
1462 1567 1634 1607 Sordida
1669 1578 1871 1617 magorum
1906 1565 2171 1609 dominatione

1287 1628 1454 1670 Perside
1468 1629 1669 1682 oppressa]
1689 1629 1760 1669 Ita
1772 1629 1915 1681 vulgo.
1937 1630 2059 1670 Vett.
2073 1629 2171 1671 libri

1286 1698 1406 1731 recte
1422 1693 1625 1733 omittunt
1654 1704 1821 1742 vocem,
1851 1692 2034 1734 Perside.
2080 1695 2171 1735 Res

1287 1755 1398 1794 enim
1420 1755 1581 1796 accidit
1599 1756 1738 1809 magis
1764 1757 1856 1808 jam
1883 1756 2104 1808 oppressis
2122 1764 2170 1797 et

1286 1820 1455 1872 occisis,
1476 1833 1526 1861 ac
1558 1822 1742 1861 Perside
1762 1822 1964 1862 liberata.
2020 1821 2169 1872 Pighi-

1285 1896 1344 1924 us.
1401 1883 1571 1924 Sordida
1597 1897 1800 1936 magorum
1818 1884 2079 1926 dominatione
2096 1899 2166 1937 op·

1282 1959 1432 1998 pressu,
1449 1947 1600 1987 Darius
1626 1959 1699 1987 rex
1725 1946 1969 1998 adJutortbus
2003 1948 2170 1998 eiusdem

1284 2010 1500 2061 dignitatis
1528 2010 1755 2062 assumptis]
1801 2011 1914 2051 Mire
1951 2011 2170 2052 involutus

1285 2073 1433 2113 locus:
1468 2073 1568 2113 mihi
1600 2074 1788 2126 quidem.
1844 2075 2030 2115 Darium
2065 2073 2170 2116 cete

1286 2148 1429 2189 regem
1451 2142 1575 2177 vocat
1597 2150 1607 2176 :
1656 2143 1785 2190 atque
1805 2137 2059 2178 candidatus
2075 2150 2172 2190 reg-

1286 2202 1329 2240 ni
1355 2202 1509 2241 saltem
1529 2206 1636 2252 erat,
1666 2207 1712 2241 et
1744 2202 1798 2241 de
1828 2213 1880 2241 eo
1909 2202 2067 2254 agitur,
2085 2214 2172 2255 qno

1285 2264 1414 2304 modo
1437 2269 1482 2304 et
1499 2278 1584 2317 qua
1601 2264 1755 2305 fraude
1775 2277 1952 2318 regnum
1973 2265 2172 2318 adeptus.

1285 2329 1372 2369 Sed
1405 2334 1451 2369 et
1488 2329 1704 2380 adjutores
1734 2328 1923 2380 ejusdem
1949 2328 2176 2381 diguitatis·

1287 2393 1495 2444 appellat.
1551 2391 1844 2444 Adjutoresne
1890 2393 2039 2444 regni?
2084 2392 2169 2432 imo

1287 2461 1456 2506 contra,
1491 2455 1728 2496 adversarii
1764 2456 1876 2507 ejus,
1911 2460 1956 2495 et
1987 2455 2170 2508 quisque

1287 2520 1368 2560 sibi
1386 2519 1628 2571 spondebat
1642 2531 1736 2559 eam
1755 2519 2024 2570 dignitatem.
2081 2518 2172 2560 Aut

1286 2583 1391 2622 nihil
1413 2583 1551 2632 video,
1572 2589 1647 2623 aut
1677 2581 1849 2634 grandis
1873 2586 1918 2622 et
1935 2581 2074 2621 audax
2095 2580 2170 2621 de·

1287 2646 1500 2698 pravati0‚
1526 2658 1620 2698 quae
1640 2646 1785 2685 nescio
1806 2657 1859 2684 an
1882 2646 1938 2685 sit
1956 2644 2138 2684 levanda
2157 2659 2169 2695 ς

1286 2722 1384 2749 nam
1405 2716 1450 2748 ut
1471 2710 1612 2749 tollam
1635 2721 1810 2760 prorsus
1832 2709 1923 2748 sine
1951 2709 2072 2747 libris
2098 2708 2170 2748 vix

1286 2785 1456 2825 sperem
1472 2786 1483 2813 :
1504 2773 1656 2812 Durius
1671 2772 1732 2816 rei
1742 2771 1988 2823 adjutoribus
2002 2771 2171 2820 eiusdem

1285 2836 1509 2886 assumptis.
1566 2835 1765 2874 Historia
1786 2846 1893 2874 sane
1914 2833 2014 2874 talis
2035 2846 2047 2873 z
2077 2833 2171 2873 etii

1286 2900 1358 2953 qui
1387 2900 1667 2952 conjurarant
1687 2899 1728 2938 in
1750 2909 1910 2950 magos,
1930 2908 2170 2938 convenere

1286 2965 1413 3004 simul
1433 2964 1474 3004 in
1494 2964 1606 3004 hanc
1633 2962 1922 3004 conditionem
1943 2960 1996 3001 de
2025 2962 2172 3012 reguo.

1284 3028 1461 3080 Lipsius.

1339 3092 1496 3132 Durius
1513 3090 1604 3142 rex]
1631 3091 1835 3130 Futurus.

1337 3154 1598 3205 Adjutoribus
1639 3154 1806 3203 eiusdem
1847 3150 2060 3202 dignitatis
2109 3162 2171 3189 us-

1283 3218 1468 3270 sumptis]
1510 3218 1564 3257 Id
1594 3224 1676 3267 est,
1711 3216 1803 3256 aliis
1836 3213 2066 3263 nobilibus,
2098 3212 2172 3264 qui

1284 3294 1428 3323 secum
1449 3293 1596 3333 magos
1611 3283 1934 3332 oppresserant.
1954 3277 2062 3316 Bad.

1339 3347 1502 3386 Primus
1527 3344 1738 3395 hinnisset]
1767 3342 1836 3383 An
1856 3354 1968 3382 nove
1997 3342 2078 3381 hoc
2096 3352 2172 3380 ex·

1286 3410 1551 3463 cogitatum?
1581 3421 1633 3448 an
1654 3406 1801 3447 Persis
1829 3415 1998 3458 quoque
2027 3403 2172 3456 aliqua

1285 3475 1330 3514 in
1351 3473 1518 3513 hinnitu
1539 3472 1706 3525 religio,
1725 3475 1773 3511 ut
1787 3468 2014 3510 Germanis
2041 3467 2171 3508 olim?

1287 3538 1429 3578 Multa
1443 3548 1604 3578 morum
1626 3540 1672 3576 et
1688 3535 1848 3576 rituum
1867 3532 1933 3573 hae
1953 3531 2051 3573 duae
2071 3541 2171 3583 geu·
