2346 3996
368 289 514 342 1368

372 429 457 469 rus,
497 418 690 459 Heroum
715 419 870 460 cecinit
905 420 978 472 qui
997 420 1109 461 bene
1129 421 1248 462 facta

373 481 558 522 ducum!
590 484 740 523 Oliver.

428 546 704 597 Quaestionem,
734 546 819 598 ξω]
861 547 1064 599 Sequitur
1083 548 1247 599 opinio-

371 618 468 646 nem
488 618 653 659 eorum,
679 608 751 660 qui
772 608 937 660 dicunt,
969 621 1051 649 non
1068 610 1248 650 interro-

373 675 494 720 gatos
514 670 752 720 piscatores
778 671 881 723 quid
895 672 1118 723 haberent,
1136 673 1249 714 ultro

370 732 647 782 quaestionem
680 735 976 786 proposuisse;
1010 736 1102 776 scil.
1124 748 1252 776 vena·

371 806 467 840 mur
482 794 545 835 bis
558 796 698 847 quinis
710 798 904 847 canibus;
922 799 1034 851 quod
1049 799 1252 850 capimus,

374 858 609 911 perdimus,
626 861 741 912 quod
765 863 1004 914 quaerimus,
1034 863 1251 904 habemus.

373 921 554 962 Constat
573 929 734 974 autem,
754 931 800 965 ut
819 925 1019 976 diximus,
1049 932 1160 967 teste
1179 927 1250 967 Ci-

371 995 544 1035 cerone,
606 985 841 1028 Homerum
896 986 1028 1029 fuisse
1072 1002 1249 1030 caecum.

378 1047 488 1087 Oliv.

427 1112 449 1162 ᾗ
477 1115 504 1152 4
532 1111 612 1152 Sed
629 1112 811 1163 atrocius,
824 1113 909 1165 ξω]
940 1115 1008 1154 De
1040 1114 1250 1166 Euripide

374 1175 478 1214 satis
512 1187 643 1227 supra
679 1176 844 1217 dictum
873 1177 1003 1217 estin
1025 1177 1167 1228 capite
1195 1176 1250 1216 de

373 1236 568 1289 Fiducia,
599 1238 713 1290 quod
747 1251 848 1278 vero
879 1239 931 1278 ad
951 1239 1043 1290 ejus
1069 1244 1249 1278 mortem

373 1299 585 1350 pertinet,
618 1302 678 1340 sic
714 1301 903 1341 breviter
939 1301 1104 1342 Gellius
1120 1302 1252 1342 tradit

373 1361 448 1401 lib.
469 1373 549 1402 xv.
569 1375 668 1414 cap.
688 1367 756 1403 202
814 1364 918 1403 Cum
933 1364 975 1403 in
994 1363 1254 1404 Macedonia

373 1425 488 1476 apud
506 1425 765 1467 Archelaum
784 1439 928 1478 regem
954 1433 1086 1478 esset,
1111 1432 1251 1468 utere-

376 1493 532 1540 turque
567 1501 619 1529 eo
652 1501 730 1530 rex
763 1489 1050 1541 familiariter,
1084 1490 1254 1530 rediens

372 1555 502 1589 nocte
537 1550 591 1590 ab
622 1552 718 1603 ejus
743 1564 879 1600 coena,
899 1551 1076 1592 canibus
1101 1565 1126 1592 a
1154 1565 1255 1604 quo-

375 1611 472 1652 dam
489 1614 641 1653 aemulo
666 1614 879 1665 immissis,
895 1614 1153 1655 dilaceratus
1174 1621 1257 1666 est,

376 1680 422 1714 et
458 1687 512 1715 ex
551 1677 795 1717 vulneribus
831 1690 944 1717 mors
993 1683 1144 1718 secuta
1178 1683 1258 1718 est.

375 1739 654 1791 Sepulchrum
674 1746 816 1781 autem
834 1742 928 1793 ejus
947 1747 993 1782 et
1010 1742 1257 1782 memoriam

377 1813 430 1841 eo
463 1802 728 1843 Macedones
757 1803 924 1855 dignati
952 1810 1051 1843 sunt
1082 1805 1259 1856 honore,

377 1870 427 1904 ut
463 1865 508 1904 in
545 1866 692 1916 gloriae
728 1878 898 1918 quoque
925 1867 1020 1907 loco
1049 1866 1257 1918 praedica-

378 1933 474 1968 rent
487 1941 498 1968 ι
529 1930 683 1969 Οὔτε-ωε
697 1929 768 1970 σὺν
777 1932 921 1983 μνῆμα,
932 1931 1150 1984 Εὐριπίδης-ζ
1158 1933 1258 1972 ὥλε·

378 2008 425 2032 το
451 1994 541 2043 ποῦ,
568 1994 682 2045 quod
711 1996 910 2047 egregius
936 1995 1090 2048 Poeta,
1119 2004 1257 2038 morte

381 2054 516 2105 obita,
552 2057 746 2107 sepultus
766 2057 808 2096 in
827 2069 974 2098 eorum
994 2064 1111 2098 terra
1128 2058 1258 2099 foret.

382 2118 673 2159 Quamobrem
710 2131 807 2159 cum
845 2120 978 2172 legati
1010 2120 1065 2160 ad
1103 2132 1175 2160 eos
1204 2121 1258 2160 ab

381 2179 714 2222 Atheniensibus
726 2182 841 2222 missi
855 2183 1094 2234 petiissent,
1104 2190 1151 2225 ut
1164 2196 1261 2225 ossa

383 2243 576 2283 Athenas
594 2244 638 2284 in
655 2250 813 2285 terram
834 2246 946 2286 illius
965 2247 1147 2297 patriam
1163 2254 1258 2300 per-

383 2306 609 2346 mitterent
626 2306 865 2359 transferri,
880 2308 1063 2348 maximo
1084 2321 1260 2350 consen-

383 2383 439 2418 su>
469 2371 732 2412 Macedones
770 2373 813 2413 in
848 2386 898 2413 ea
929 2386 976 2415 re
1010 2375 1263 2428 deneganda

384 2434 696 2485 perstiterunt;
742 2435 977 2478 Archelaus
1025 2450 1127 2479 vero
1170 2451 1264 2491 rex,

383 2497 530 2538 audita
565 2503 652 2538 tam
689 2499 864 2550 indigna
904 2506 1043 2541 morte
1096 2502 1262 2553 Poetae,

385 2572 512 2611 quam
531 2561 710 2612 primam
724 2561 856 2613 jussit
883 2563 1062 2615 capillos
1098 2564 1178 2604 sibi
1216 2571 1263 2605 et

385 2622 565 2664 barbam
601 2625 790 2664 resecari
819 2625 862 2665 in
892 2626 1057 2677 signum
1090 2626 1263 2668 doloris.

392 2686 542 2726 Oliver.

442 2753 655 2804 Euripides
659 2753 824 2806 finitus]
863 2754 982 2805 Lege
1018 2759 1178 2806 praeter
1208 2754 1264 2794 A.

388 2814 561 2865 gellium
575 2815 767 2856 Solinum
779 2827 877 2867 cap.
892 2820 957 2857 15.
984 2816 1264 2856 Plutarchum

389 2878 435 2917 in
455 2878 671 2931 Lycurgo.
719 2879 821 2930 Ejus
851 2878 1119 2930 sepulchrum
1151 2880 1266 2919 cele-

390 2941 522 2981 brant
538 2941 718 2992 Plinius,
746 2941 987 2992 Vitruvius,
1018 2939 1265 2981 Ammianus

390 3004 468 3046 lib.
487 3015 640 3046 xxvu.
674 3004 804 3045 Coler.

444 3071 651 3123 Archelai]
676 3069 762 3113 Qui
782 3068 1025 3110 Alexandro
1053 3080 1268 3110 successe·

394 3140 463 3175 rat
475 3135 519 3174 in
540 3139 706 3186 partem
726 3131 862 3183 regni.
895 3132 1002 3171 Oliv.

448 3199 472 3250 ξ
500 3202 524 3237 5
554 3195 778 3249 Sophocles]
805 3194 972 3235 Plinius
1008 3193 1112 3236 Nat.
1153 3195 1267 3235 Hist.

395 3262 467 3304 lib.
499 3273 587 3301 vu.
615 3258 844 3310 ‘Gaudio,'
877 3259 1031 3311 inquit,
1069 3260 1081 3281 ‘
1104 3261 1269 3310 periere

397 3332 559 3376 praeter
605 3323 841 3374 Chilonem,
870 3323 923 3362 de
959 3333 1041 3374 quo
1069 3321 1270 3373 diximus,

395 3389 627 3438 Sophocles
645 3393 691 3427 et
704 3384 941 3438 Dionysius
956 3384 1112 3424 Siciliae
1127 3390 1270 3436 tyran·

399 3462 492 3499 nus,
506 3458 685 3501 uterque
700 3453 879 3500 accepto
893 3447 1067 3499 tragica·
1084 3447 1270 3487 victoria·

401 3512 577 3552 nuntio.’
615 3512 682 3553 De
711 3512 792 3552 hoc
819 3511 901 3551 alio
931 3510 1053 3550 loco:
1082 3509 1269 3561 ‘Sopho—

948 303 1126 343 NOTAE
1170 302 1502 344 VARtoRUM
1545 305 1610 344 IN

1312 423 1419 463 clem
1441 424 1592 475 tragici
1626 425 1820 466 cothurni
1851 425 2084 478 principem
2113 428 2188 468 ἀει

1311 485 1506 525 functum
1534 487 1720 537 sepelire
1739 488 1868 526 Liber
1897 493 2020 539 pater
2044 490 2189 541 jussit,

1310 548 1602 588 obsidentibus
1641 551 1795 589 moenia
1831 551 2187 593 Lacedaemoniis:

1313 610 1531 662 Lysandro
1552 623 1697 650 eorum
1722 623 1839 663 rege,
1866 613 1908 651 in
1941 613 2088 665 quiete
2104 619 2187 657 'sae-

1313 673 1407 723 pius
1427 672 1663 724 admonito,
1700 679 1748 714 ut
1785 679 2006 726 pateretur
2024 670 2188 715 humari

1313 734 1491 775 delicias
1524 747 1635 775 suas.
1689 736 1934 787 Requisivit
1969 749 2058 785 rex,
2093 738 2188 790 quis

1314 809 1558 848 supremum
1577 798 1690 837 diem
1710 797 1889 838 Athenis
1905 798 2096 849 obiisset,
2110 812 2188 839 nec

1315 859 1548 901 difficulter
1580 873 1632 900 ex
1664 861 1743 911 his,
1771 873 1867 914 quae
1893 861 2009 901 Deus
2029 862 2192 913 signifi-

1314 930 1469 974 casset,
1503 924 1733 974 intellexit,
1782 935 2016 977 pacemque
2048 924 2213 965 funeri

1314 985 1467 1026 dedit?
1495 987 1617 1026 Idem.

1367 1050 1574 1101 Sophocles
1604 1048 1772 1100 ultime]
1821 1049 1893 1090 De
1927 1050 2019 1101 ejus
2054 1054 2191 1090 morte

1314 1125 1399 1152 non
1428 1113 1630 1154 convenit
1657 1112 1771 1153 inter
1807 1112 2040 1152 Lucianum
2061 1117 2106 1152 et
2124 1113 2192 1153 Si-

1314 1175 1526 1216 monidem
1550 1176 1627 1216 lib.
1656 1187 1725 1216 111.
1752 1174 2014 1224 Ἀνθολο-γίας.
2073 1175 2191 1226 Lege

1316 1246 1362 1278 et
1382 1239 1632 1278 Ciceronem
1660 1239 1712 1278 de
1743 1237 1994 1289 Senectute,
2022 1237 2192 1277 Plutar-

1317 1302 1438 1340 chum
1458 1302 1502 1340 in
1524 1301 1838 1342 Commentario
1875 1300 1917 1340 ἐν
1943 1300 2193 1354 πρεσβυτέρῳ

1315 1362 1580 1404 πολιτευτέον.
1634 1364 1722 1404 Sed
1779 1369 1824 1404 et
1889 1363 2194 1415 Aristophanis

1317 1427 1583 1467 Scholiastcn
1601 1433 1645 1467 et
1658 1427 1926 1467 Pausaniam.
1954 1427 2086 1467 Celer.
2118 1447 2120 1449 >

1371 1491 1448 1539 §6
1475 1490 1648 1530 Paratus
1689 1490 1727 1528 ei
1756 1489 1879 1542 ficos]
1934 1489 2004 1530 Ita
2051 1491 2195 1542 vulgo.

1319 1552 1608 1604 Manuscripti
1665 1551 1762 1591 libri
1798 1552 1907 1605 ficus
1953 1552 2112 1592 habent
2149 1553 2194 1592 in

1320 1621 1475 1668 quarta
1513 1614 1814 1655 declinatione.
1869 1614 1942 1665 Sic
1971 1614 2195 1656 Juvenalis

1319 1678 1411 1716 Sat.
1430 1687 1529 1716 xiv.
1557 1677 1569 1698 ⁴
1584 1676 1629 1717 Si
1651 1677 1711 1715 vis
1737 1676 1860 1716 aliam
1879 1675 2121 1729 decerpere,
2145 1676 2195 1716 fi-

1322 1739 1447 1779 cum!
1477 1741 1599 1779 [dem.

1374 1799 1551 1853 Merum]
1580 1802 1740 1842 Pnrum
1760 1800 1903 1841 vinum
1923 1805 1970 1841 ut
1989 1801 2124 1851 bibat,
2143 1813 2197 1840 ne

1321 1864 1382 1904 illi
1415 1864 1518 1904 ficus
1563 1870 1762 1913 noceant,
1806 1877 1899 1915 quae
1951 1864 2197 1904 bibentibus

1324 1938 1477 1978 aquam
1498 1939 1654 1966 nocere
1674 1927 1826 1965 solent.
1857 1926 1964 1967 Bad.

1376 1990 1570 2041 Salebris]
1599 1989 1915 2041 Asperitatibus
1932 1989 2107 2040 spiritus
2126 2002 2196 2030 an-

1321 2053 1500 2093 helitum
1520 2053 1657 2104 ipsum
1675 2050 1936 2092 suffocantis.
1969 2053 2089 2092 Idem.

1379 2118 1401 2167 ς
1420 2120 1444 2156 7
1475 2117 1531 2156 At
1550 2114 1771 2165 Pindarus]
1799 2114 1884 2155 Hic
1906 2115 2091 2165 Lyricus,
2114 2114 2198 2155 Po-

1323 2179 1395 2219 eta
1412 2177 1511 2230 fuit,
1538 2178 1636 2218 olim
1658 2190 1734 2217 suo
1768 2183 1962 2228 tempore
1993 2183 2199 2228 praestan-

1323 2241 1525 2290 tissimus,
1551 2241 1620 2280 vel
1635 2245 1755 2280 certe
1773 2239 2037 2283 Quintiliano
2071 2244 2201 2290 teste,

1323 2316 1476 2345 novem
1523 2304 1774 2356 Lyricorum
1820 2303 1944 2354 longe
1999 2302 2199 2354 princeps

1318 2367 1659 2420 magnificentia,
1677 2366 1919 2418 sententiis,
1943 2365 2109 2418 figuris,
2126 2365 2201 2405 be-

1325 2431 1515 2473 atissima
1542 2442 1684 2471 rerum
1723 2442 1772 2470 ac
1805 2429 2027 2469 verborum
2063 2429 2203 2480 copia,

1327 2496 1458 2536 veluti
1487 2493 1699 2553 quoddam
1732 2492 1989 2545 eloquentiae
2026 2491 2203 2541 flumen,

1324 2570 1449 2610 quem
1489 2556 1692 2596 Horatius
1736 2554 1846 2601 dixit
1884 2554 1990 2597 nulli
2029 2554 2201 2606 quidem

1323 2620 1572 2661 imitabilem
1591 2630 1700 2660 esse.
1757 2617 1947 2669 Legitur,
1972 2617 2086 2669 quod
2106 2628 2202 2657 cum

1325 2683 1574 2725 Alexander
1592 2683 1777 2733 Magnus
1795 2680 1961 2721 Thebas
1997 2680 2204 2731 cepisset,

1325 2748 1562 2798 urbemque
1593 2745 1706 2785 illam
1744 2743 1964 2794 diriperet,
1999 2755 2048 2782 ac
2084 2741 2202 2782 cives

1327 2810 1403 2848 sub
1440 2820 1599 2849 corona
1634 2805 1853 2856 venderet,
1878 2805 1956 2845 soli
1994 2804 2202 2856 Pindaro,

1326 2873 1505 2924 ejusque
1525 2870 1714 2918 familiae,
1742 2873 1921 2921 propter
1940 2868 2098 2920 ingenii
2130 2880 2204 2908 no-

1326 2936 1539 2976 bilitatem
1592 2933 1895 2985 egregiamque
1964 2930 2203 2974 doctrinam

1330 3000 1447 3052 parci
1458 2998 1616 3051 jussit,
1645 2997 1766 3047 cujus
1787 3007 1899 3035 mors
1920 2994 2089 3036 minime
2113 2995 2203 3034 vul-

1327 3065 1442 3116 garis
1462 3062 1569 3112 fuit3
1596 3073 1690 3101 cum
1707 3059 1818 3099 enim
1833 3058 1955 3098 ludos
1973 3063 2207 3109 spectaret,

1330 3133 1376 3167 et
1395 3138 1483 3178 prae
1515 3122 1766 3164 lassitudine
1796 3119 2032 3171 spectaculi
2057 3131 2204 3159 somno

1331 3196 1548 3242 gravatus,
1574 3187 1615 3226 in
1636 3185 1797 3240 gremio
1816 3181 2035 3234 cujusdam
2063 3184 2204 3233 pueri,

1331 3254 1454 3304 cujus
1474 3247 1806 3292 studiosissimus
1837 3250 1944 3296 erat,
1971 3249 2104 3295 caput
2131 3243 2204 3284 de-

1331 3316 1559 3367 posuisset,
1574 3322 1656 3351 non
1673 3306 2041 3362 prius-decessisse
2059 3307 2207 3358 cogni·

1332 3385 1398 3418 tus
1417 3382 1501 3427 est,
1520 3386 1644 3427 quam
1665 3369 1849 3424 peractis
1867 3369 1994 3420 ludiS,
2017 3368 2205 3420 Gymna-

1332 3442 1381 3481 sii
1403 3440 1602 3492 princeps
1627 3437 1802 3488 juberet
1820 3444 1965 3473 omnes
1997 3432 2130 3480 exire,
2159 3436 2206 3476 et

1330 3503 1489 3544 frustra
1507 3499 1740 3546 Pindarum
1773 3496 2019 3540 excitasset,
2044 3494 2206 3548 quippe
