2288 3990
555 267 812 308 VALERu
855 265 1094 305 MAX1M1
1140 264 1258 305 mn.
1283 266 1377 307 111.
1416 253 1630 306 CARQ.

1855 253 1999 307 1067

179 391 364 433 donatus
397 402 516 443 ager,
549 395 618 430 ter
647 393 852 441 quantum
884 398 968 427 uno
987 385 1058 426 die
1120 387 1273 438 truria,
1294 393 1339 427 et
1362 386 1531 428 decimo
1558 387 1708 440 quinto
1738 386 1792 426 ab
1812 387 1919 426 urbe
1939 387 2000 426 la-

179 455 473 496 circumducto
500 461 642 493 aratro
675 459 820 504 posset
837 450 1057 502 amplecti.
1121 450 1222 502 pide
1239 450 1401 491 duobus
1417 451 1536 492 ostiis
1552 450 1795 491 devolvitur
1806 449 1848 491 in
1868 463 2002 492 mare.

177 519 250 561 Sic
266 522 426 571 honore
445 520 570 560 simul
599 522 645 560 et
664 517 886 559 commodo
905 521 1059 556 auctus

179 586 223 625 in
244 596 447 638 praesenS,
475 586 582 626 etin
605 589 823 637 posterum
853 583 916 623 rei
945 580 1060 622 fama

179 649 325 701 plures
353 649 631 689 admiratores
659 654 904 701 repertura,
934 656 1061 699 qnam

179 712 391 754 credulos.
424 713 575 753 Oliver.

231 775 419 825 Dejectus
453 775 722 829 quassatusve]
760 773 931 826 Lipsius
967 784 1063 814 cor-

179 839 282 892 rigit
315 841 466 891 dejectu
501 845 718 893 quassatus.
772 842 785 861 ‘
816 835 1063 890 Dejeetns,'

179 904 336 957 iuquit,
358 906 372 928 ‘
391 911 458 946 est
479 906 575 957 ipsa
593 903 783 957 deJectio
801 900 1066 943 altitudinis:

178 968 227 1010 Si
244 969 462 1021 vulgatam
490 970 722 1010 lectionem
757 969 959 1014 retineas,
989 978 1063 1006 ex·

179 1031 280 1083 poni
301 1036 446 1083 potest
462 1032 631 1082 deiectus
651 1043 729 1082 pro
749 1031 763 1053 ‘
782 1029 938 1071 elisus!
991 1030 1064 1070 Ita

180 1095 432 1136 Ciceronem
466 1096 656 1136 loentum
691 1106 784 1135 esse
817 1093 947 1134 docet
972 1093 1062 1133 No-

179 1159 291 1200 nius.
319 1159 431 1200 Sane
450 1160 656 1201 Graecnm
676 1170 845 1212 quoque
864 1156 1064 1204 καταβάλ-

178 1230 264 1264 λειν
281 1224 461 1276 exponit
474 1225 658 1266 Graeeus
671 1224 892 1276 magister,
910 1224 1065 1264 elidere.

181 1286 376 1328 Colerus.

234 1352 444 1405 Deiectus]
473 1353 629 1407 Aliter,
653 1353 839 1404 disjectus
853 1366 866 1393 .·
896 1351 1068 1401 dejectus

183 1423 328 1457 antem
373 1422 458 1468 est,
488 1418 686 1459 deorsum
730 1418 773 1457 in
809 1415 1067 1470 profundum

181 1491 319 1533 nsque
330 1478 489 1532 jactus.

246 1543 438 1596 Vorticis]
466 1545 650 1595 Vortex,
665 1549 781 1586 teste
797 1543 982 1587 Quintil.
996 1543 1070 1585 lib.

183 1617 266 1648 vu.
299 1607 356 1647 de
385 1607 580 1648 Institut.
628 1608 758 1649 Orat.
793 1608 968 1659 proprie
1000 1612 1069 1648 est

184 1674 384 1710 contorta
416 1670 464 1709 in'
506 1681 552 1710 se
592 1681 718 1723 aqna,
759 1670 826 1711 vel
866 1669 1067 1723 quicquid

181 1732 297 1772 aliud
313 1733 515 1774 similiter
537 1735 737 1774 vertitur.

237 1796 353 1837 Inter
379 1797 582 1849 laetitiam]
611 1798 723 1840 Quia
742 1797 947 1839 videbant
971 1810 1068 1840 eum

181 1857 356 1900 fortiter
376 1854 527 1912 agere,
538 1867 584 1902 et
601 1874 728 1914 posse
749 1862 949 1902 evadere.

238 1924 298 1964 Et
330 1924 496 1976 metum]
523 1925 638 1968 Quia
667 1925 882 1966 timebant
912 1938 967 1966 ne
996 1926 1070 1967 de-

185 1986 356 2039 ficeret,
374 1995 448 2029 aut
466 1995 752 2042 mergeretur,
772 1995 848 2030 aut
875 1990 973 2030 telis
996 2001 1072 2043 op-

187 2052 466 2103 primeretnr.

241 2115 396 2156 'liberis
427 2114 556 2168 alveo]
598 2117 961 2158 Recentissimnm
997 2129 1072 2159 no-

185 2191 287 2220 men
317 2179 401 2221 hoe
422 2181 643 2221 deducunt
661 2194 686 2222 a
701 2181 908 2223 Tiberino
929 2183 1073 2236 Sylvio

187 2242 455 2285 Albanorum
485 2257 606 2298 rege,
636 2246 710 2299 qui
737 2258 848 2286 anno
869 2253 970 2288 ante
989 2248 1073 2287 Ro-

188 2318 301 2346 mam
329 2307 628 2348 ducentesimo
656 2311 926 2362 sexagesimo
943 2312 1073 2352 tertio

188 2369 232 2409 in
254 2370 446 2423 trajectu
472 2372 565 2425 ejus
584 2372 827 2414 submersus
845 2373 944 2426 fuit,
962 2376 1076 2417 sicut

189 2433 326 2475 refert
367 2434 595 2487 Eusebius,
637 2436 842 2477 Ovidium
886 2444 1078 2491 secutus,

191 2498 265 2550 qui
285 2499 393 2539 Met.
414 2509 514 2540 xlv.
533 2499 677 2540 canit:
706 2501 718 2522 ‘
732 2502 923 2552 Regnum
941 2502 1075 2543 Tibe·

188 2562 305 2602 rinus
333 2562 388 2603 ab
407 2562 494 2603 illis
522 2563 665 2616 Cepit,
702 2565 810 2605 etin
829 2565 982 2607 Tbusci
1005 2567 1076 2607 de·

188 2636 350 2666 mersus
375 2627 560 2668 fluminis
593 2628 720 2669 undis
748 2630 937 2671 Nomina
967 2630 1076 2672 fecit

189 2690 345 2743 aqnae.'
380 2691 555 2732 Servius
575 2692 710 2733 tradit
727 2693 770 2733 in
786 2694 1013 2746 Virgilium
1030 2697 1075 2736 in

189 2755 323 2796 sacris
339 2767 437 2796 eum
454 2763 747 2810 nuncupatum
763 2758 952 2800 Serrani.
986 2759 1076 2800 An·

189 2818 285 2858 nius
297 2819 585 2860 viterbiensis
605 2827 758 2862 auctor
768 2829 850 2875 est,
862 2835 956 2864 eum
973 2835 1075 2877 quo·

190 2892 275 2933 que
305 2882 642 2923 Voltbnrrenum
676 2890 721 2925 et
755 2897 835 2937 per
859 2898 1076 2939 syncopen

190 2945 480 2986 Voltbnrnum
493 2947 674 2988 dictum.
728 2948 852 2989 Idem
874 2950 1076 2992 Albulam

190 3008 456 3059 appellatum
493 3009 678 3052 affirmat
715 3024 742 3051 a
783 3012 920 3064 Livio,
959 3014 1078 3066 Silio,

191 3071 388 3124 Virgilio.
446 3073 615 3114 Nomen
653 3082 796 3116 autem
834 3077 940 3118 illud
980 3090 1076 3119 esse

127 3189 130 3193 ¹
190 3135 406 3188 antiquius
424 3136 597 3178 nomine
616 3138 786 3190 Tybris,
802 3140 963 3182 indicat
978 3143 1077 3182 Vir-

191 3197 317 3250 gilius
362 3201 530 3242 AEneid.
569 3214 674 3243 vm.
723 3203 789 3244 his
856 3206 1074 3246 versibus:

190 3263 326 3303 ‘Tum
353 3264 499 3318 Reges
531 3278 742 3320 asperque
773 3269 949 3310 immani
982 3283 1077 3311 cor·

192 3337 298 3378 pore
313 3329 482 3382 Tybris,
500 3330 541 3371 A
559 3344 643 3385 qno
661 3339 759 3385 post
779 3334 883 3375 Itali
897 3334 1077 3378 fluvium

194 3392 444 3440 cognomine
473 3394 658 3447 Tybrim
685 3397 902 3451 Diximus,
930 3400 1078 3442 amisit

193 3461 342 3492 verum
360 3461 482 3497 vetus
502 3457 662 3499 Albula
674 3463 857 3503 nomen.'
884 3464 1076 3505 Tandem

194 3514 264 3556 bie
287 3515 351 3557 bis
371 3526 526 3570 auctus,
539 3523 701 3565 dirimit
719 3526 892 3568 Latium
912 3529 965 3570 ab
987 3529 1078 3571 He-

1124 514 1347 564 Fungerus.

1177 580 1246 630 §2
1280 579 1562 631 Immemorem]
1600 579 1728 620 Aliud
1760 579 2003 631 exemplum

1124 643 1285 684 Claeliae
1307 645 1500 695 virginis,
1529 643 1828 684 Immemorem
1839 655 1885 683 se
1906 643 2007 683 ideo

1124 705 1238 747 dixit
1258 706 1360 759 quia
1378 718 1424 747 se
1447 708 1574 748 modo
1602 721 1731 748 unum
1760 709 2006 760 exemplum

1125 770 1442 822 propositurum
1466 771 1646 812 Romulo
1665 771 1851 814 dixerat.
1869 772 2009 813 Porro

1126 834 1169 873 in
1189 834 1314 886 hujus
1335 834 1397 874 rei
1425 834 1687 886 memoriam,
1705 842 1752 875 et
1771 842 1903 884 tantae
1923 835 2008 874 vir-

1127 899 1232 939 tutis
1250 898 1475 950 praemium
1489 903 1630 937 statua
1647 898 1809 938 Claeliae
1831 897 2010 939 fortissi-

1127 975 1208 1003 mae
1226 961 1411 1002 foeminae
1432 962 1645 1015 equestris
1663 962 1705 1001 in
1725 961 1834 1013 foro,
1853 975 2008 1003 secun-

1127 1027 1229 1067 dum
1262 1027 1407 1066 Titum
1429 1026 1611 1076 Livium,
1644 1025 1879 1066 secundum
1910 1038 2012 1066 vero

1126 1090 1323 1131 Servium
1344 1090 1387 1130 in
1409 1091 1477 1130 via
1494 1101 1617 1129 sacra
1635 1089 1778 1142 posita
1792 1089 1891 1130 fuit.
1922 1089 2010 1130 Au-

1128 1163 1197 1197 tor
1229 1157 1284 1197 de
1313 1156 1432 1196 Viris
1461 1155 1723 1196 illustribus:
1751 1156 1765 1178 ‘
1785 1155 2013 1196 Porsenna

1129 1220 1323 1260 Claeliam
1356 1220 1568 1272 virginem
1599 1219 1712 1260 inter
1746 1218 1915 1259 obsides
1947 1231 2015 1259 ac-

1129 1285 1265 1336 cepit,
1281 1297 1375 1336 quae
1397 1289 1533 1324 noctu
1548 1283 1704 1323 castris
1723 1282 1815 1335 ejus
1828 1294 2018 1335 egressa,

1130 1359 1305 1401 equum,
1324 1359 1451 1400 quem
1480 1346 1570 1386 fors
1597 1345 1792 1397 dederat,
1816 1346 2016 1397 arripuit,

1131 1417 1176 1450 et
1206 1410 1411 1463 Tyberim
1441 1409 1910 1462 trajecit,aPorsenna
1938 1421 2018 1462 per

1131 1477 1322 1528 Legatos
1353 1475 1558 1527 repetita,
1577 1472 1863 1526 redditaque:
1893 1473 2015 1525 cujus

1131 1539 1206 1579 ille
1235 1539 1440 1578 virtutem
1461 1537 1715 1587 admiratus,
1744 1549 1839 1577 cum
1867 1537 2018 1589 quibus

1132 1606 1343 1653 optasset,
1362 1601 1406 1640 in
1426 1600 1613 1653 patriam
1634 1599 1775 1640 redire
1795 1599 1992 1651 permisit
2009 1612 2020 1638 :

1133 1665 1208 1706 illa
1226 1666 1418 1717 virgines
1438 1670 1482 1705 et
1502 1677 1656 1717 pueros
1680 1664 1850 1717 quidem
1870 1664 2020 1716 elegit,

1133 1741 1313 1782 qnorum
1356 1733 1533 1769 aetatem
1571 1729 1743 1780 injuriae
1787 1727 2018 1767 obnoxiam

1133 1793 1313 1834 sciebat.
1357 1793 1476 1834 Huic
1492 1798 1638 1833 statua
1655 1792 1866 1845 equestris
1881 1791 2022 1844 posita

1134 1857 1231 1898 est!
1269 1857 1484 1898 Oliverius.

1190 1922 1390 1974 Contigit
1408 1922 1491 1962 hoc
1511 1919 1568 1962 A.
1584 1920 1642 1961 U.
1659 1931 1819 1961 ccxmr.

1191 1990 1259 2041 §3
1290 1989 1423 2028 Redeo
1451 1999 1553 2028 nunc
1570 1988 1624 2027 ud
1646 1983 1872 2037 Romulum]
1913 1985 2024 2025 Post

1136 2058 1286 2104 raptas
1302 2053 1394 2093 sine
1412 2064 1531 2093 more
1551 2051 1743 2102 Sabinas,
1759 2050 2024 2102 aliorumque

1135 2116 1414 2157 finitimorum
1442 2115 1657 2167 foeminas,
1685 2115 1801 2154 inter
1818 2125 1924 2166 quas
1942 2113 2024 2153 Ce-

1136 2181 1357 2233 ninenses,
1385 2187 1502 2222 mota
1520 2187 1621 2221 sunt
1640 2180 1768 2221 bella.
1811 2178 2025 2219 Ceninen·

1137 2258 1222 2298 ses,
1242 2246 1308 2286 ira
1325 2245 1459 2297 magis
1478 2257 1605 2298 quam
1627 2243 1804 2285 consilio
1832 2254 1921 2282 rem
1950 2254 2024 2293 ge-

1143 2316 1303 2362 rentes,
1321 2310 1457 2362 primo
1475 2310 1638 2362 impetu
1657 2307 1743 2348 fusi
1761 2312 1861 2347 sunt
1892 2311 2024 2359 atque

1139 2373 1306 2427 fugati5
1337 2386 1415 2415 rex
1435 2386 1582 2414 eorum
1603 2372 1750 2413 Acron
1771 2384 1797 2412 a
1815 2382 1918 2423 rege
1939 2371 2023 2410 Ro-

1139 2440 1255 2479 mulo
1289 2437 1573 2479 interfectus:
1609 2438 1683 2490 qui
1718 2436 1774 2476 ad
1810 2435 2023 2487 singulare

1140 2509 1376 2555 certamen,
1405 2509 1455 2544 nt
1474 2501 1675 2542 Valerius
1704 2500 1856 2550 tradit,
1882 2498 2027 2540 fuerat

1139 2572 1427 2619 provocatus:
1472 2567 1598 2619 quns
1646 2564 1777 2606 occisi
1818 2565 2026 2604 Romulus

1139 2630 1285 2682 opima
1314 2630 1454 2683 spolia
1484 2630 1587 2673 Jovi
1624 2630 1820 2670 Feretrio
1851 2629 2024 2669 obtulit.

1139 2696 1247 2738 Duo,
1277 2695 1434 2735 deiude
1468 2695 1606 2736 secuti
1639 2702 1738 2735 sunt
1767 2694 2024 2734 Romulum:

1137 2760 1209 2813 qui
1239 2761 1381 2812 opima
1416 2760 1556 2812 spolia
1593 2760 1838 2799 retulerunt
1872 2758 2026 2798 occisis

1138 2824 1488 2875 imperatoribus,
1508 2824 1684 2863 Marcus
1714 2822 1948 2862 Marcellus
1981 2828 2027 2862 et

1138 2889 1364 2929 Cornelius
1384 2889 1556 2929 Cossus.
1587 2887 1800 2928 Oliva-ius.

1196 2952 1493 3005 Ceninensium]
1514 2952 1806 2993 CeninaLatii
1821 2950 2027 3003 oppidum

1138 3015 1223 3057 suit
1250 3029 1276 3057 a
1305 3018 1486 3057 Romulo
1504 3017 1712 3067 deletum,
1739 3016 1860 3068 cujus
1879 3015 2029 3055 memi-

1139 3081 1205 3121 nit
1224 3081 1390 3121 Plinius
1407 3081 1481 3121 lib.
1499 3091 1605 3120 vm.
1625 3092 1724 3132 cap.
1744 3084 1784 3120 5.

1194 3144 1261 3185 Aa
1291 3145 1558 3185 dimicandum
1586 3142 1835 3195 provocatus]
1863 3141 1914 3181 In
1943 3140 2026 3180 hoc

1138 3207 1338 3248 Valerius
1357 3207 1561 3248 dissentit
1581 3219 1607 3246 a
1625 3207 1771 3254 Livio;
1800 3216 1898 3259 non·
1911 3203 2026 3243 enim

1140 3277 1425 3324 provocatum
1446 3271 1609 3320 Livius,
1626 3269 1702 3310 sed
1722 3269 1764 3308 in
1784 3268 1876 3307 acie
1902 3266 2027 3306 dimi-

1140 3341 1329 3387 cantem,
1361 3340 1407 3375 et
1434 3334 1712 3386 imperatorio
1731 3341 1908 3371 munere
1927 3327 2025 3368 fun-

1142 3407 1332 3452 gentem,
1349 3400 1558 3440 occidisse
1574 3397 1726 3437 refert.
1761 3395 1886 3438 Quod
1910 3394 2025 3435 idem

1139 3464 1272 3504 sentit
1309 3462 1558 3514 Dionysius,
1595 3459 1670 3499 sed
1709 3459 1824 3498 intra
1860 3457 2023 3498 Urbem

1140 3527 1222 3568 hoe
1252 3525 1414 3567 factum
1445 3523 1576 3565 fuisse
1612 3521 1735 3573 dicit,
1767 3533 1865 3562 cum
1893 3526 2024 3573 capta
