2346 3996
408 294 548 348 1384
983 311 1241 351 ΝοΤιΤιΑ
1284 313 1632 354 LirnnAmA

473 429 528 479 In
569 433 754 482 Codice
782 433 1005 482 Leidensi
1030 442 1191 484 tamen
1233 437 1471 486 Valerium
1508 439 1773 488 Maximum
1818 442 1986 492 Marcu⁸
2026 459 2215 507 praeno-

404 513 530 560 mine
553 513 766 578 insigniri
789 513 948 562 video.
1008 515 1223 564 Maximi
1246 535 1512 581 cognomen
1539 537 1794 568 commune
1818 522 1949 585 apud
1968 522 2213 579 Romanos

402 593 606 641 Valeriae
631 595 777 655 genti,
803 602 851 642 et
882 594 1052 654 Fabiae,
1079 605 1129 645 et
1152 599 1393 657 Calvisiae‚
1420 599 1634 663 aliisque.
1704 601 1827 649 Vide
1849 602 2030 650 Ezech.
2057 604 2210 666 Span-

401 674 610 721 hemium
635 675 696 722 de
725 675 828 722 Usu
853 675 1123 726 numismat.
1155 679 1216 727 T.
1251 692 1312 726 11.
1340 679 1454 726 edit.
1482 696 1620 727 novae
1660 696 1706 742 p.
1744 678 1824 731 46.
1867 679 1949 730 65.
1993 687 2075 738 72.
2117 685 2210 730 ὅτε.

400 754 622 817 Ineptum
661 756 918 804 verborum
958 764 1008 805 et
1044 759 1388 807 sententiarum
1433 760 1764 808 affectatorem
1801 760 1922 809 dixit
1963 761 2207 810 Valerium

396 834 496 881 Jos.
534 835 764 897 Scaliger,
789 838 922 901 quod
949 839 1059 903 ejus
1095 838 1337 902 judicium
1365 839 1542 902 probat
1570 841 1676 888 Jan.
1705 841 2004 903 Rutgersius‚
2045 858 2207 905 quem,

394 915 434 961 si
459 915 645 978 placet,
662 917 769 966 vide
795 931 871 967 Vl.
900 919 978 969 16.
1016 921 1126 967 Var.
1154 920 1290 967 Lect.
1317 935 1365 982 p.
1393 926 1504 976 597.
1530 937 1601 983 sq.
1673 920 1728 966 In
1756 919 1952 968 historia
1976 921 2201 984 quando-

395 1012 491 1058 que
516 996 703 1059 lapsum
729 999 1005 1047 observavit
1031 999 1142 1047 Car.
1170 999 1393 1064 Sigonius
1419 999 1507 1047 lib.
1548 1013 1584 1047 1.
1605 999 1999 1048 emendationum
2041 1007 2207 1049 contra

397 1076 737 1126 Robortellum
780 1096 832 1143 p.
872 1078 953 1129 65.
1024 1080 1266 1136 Quoniam
1315 1080 1526 1128 omnium
1578 1080 1801 1129 manibus
1842 1080 2091 1129 terebatur
2130 1081 2209 1130 hic

394 1156 619 1220 scriptor,
640 1157 745 1205 ideo
785 1159 1196 1222 prodigiosissime
1229 1167 1512 1223 corruptum
1545 1169 1594 1208 et
1616 1161 1921 1224 glossematis
1945 1161 2208 1226 interpola·

395 1245 497 1284 tum
518 1237 578 1285 ad
608 1254 692 1285 nos
716 1240 990 1301 pervenisse
1014 1247 1147 1287 notat
1178 1240 1346 1287 Franc.
1391 1239 1592 1288 Medius
1617 1241 1772 1305 Epist.
1800 1249 1880 1291 54.
1906 1249 1958 1290 et
1996 1241 2078 1299 96.
2120 1258 2207 1290 no-

394 1318 579 1381 vantiq.
606 1319 743 1367 Lect.
783 1325 796 1345 ‘
814 1319 1027 1377 Passim,’
1059 1320 1217 1383 inquit
1238 1321 1308 1367 vir
1323 1321 1514 1378 doctus,
1538 1321 1612 1368 ‘in
1637 1322 1829 1370 Valerio
1852 1321 2207 1371 observavimus

393 1398 730 1459 pronominum
757 1399 967 1463 ellipsin,
994 1400 1186 1447 Graecis
1222 1416 1420 1464 quoque
1463 1401 1704 1450 usitatam.
1775 1404 1841 1450 At
1879 1401 2084 1466 imperiti
2121 1402 2207 1450 ho-

392 1479 544 1526 mines
570 1478 629 1526 de
655 1496 743 1527 suo
768 1479 846 1526 illa
870 1481 1162 1528 intruserunt
1186 1479 1443 1528 fulciendis
1468 1482 1730 1539 sententiis,
1775 1481 1909 1544 quod
1933 1481 2079 1531 semel
2103 1480 2206 1530 dic-

393 1566 494 1605 tum
536 1559 758 1608 volumus
797 1559 858 1608 de
907 1561 1000 1608 hoc
1043 1560 1314 1624 script.ore.'
1382 1561 1641 1610 Fulbertus
1688 1562 2003 1611 Carnotensis
2047 1562 2207 1626 Epist.

392 1653 546 1688 xcvl.
573 1639 634 1688 ad
676 1641 944 1689 Robertum
976 1640 1265 1689 Francorum
1295 1643 1492 1706 Regem,
1519 1643 1659 1691 affert
1683 1660 1743 1690 ex
1767 1642 1963 1690 Valerio
1989 1642 2118 1690 Rufo
2158 1642 2205 1690 in

388 1720 511 1768 libro
538 1722 930 1769 Memorabilium
956 1723 1171 1786 capitulo
1198 1730 1372 1788 quarto
1397 1723 1456 1771 de
1483 1722 1734 1787 Prodigiis,
1756 1740 1865 1787 quae
1889 1723 2019 1787 apud
2063 1723 2205 1772 Vale-

392 1801 512 1847 rium
542 1802 807 1849 Maximum
835 1801 923 1850 lib.
953 1815 991 1850 1.
1032 1803 1419 1852 Memorabilium
1445 1820 1558 1868 cap.
1599 1803 1645 1852 6.
1688 1804 1749 1853 de
1791 1804 2026 1868 prodigiis
2067 1820 2113 1851 n.
2157 1810 2204 1853 5.

391 1880 634 1943 leguntur.

594 2032 768 2080 Utrum
794 2032 1022 2097 Epitome
1046 2031 1186 2080 illius
1209 2034 1369 2096 operis
1393 2031 1532 2082 hodie
1559 2038 1750 2081 tantum
1774 2035 2002 2097 supersit.

452 2120 587 2175 Quos
614 2135 727 2168 vcro
753 2119 894 2167 hodie
915 2120 1005 2167 sub
1030 2136 1087 2167 eo
1109 2120 1300 2167 nomine
1326 2120 1540 2183 legimuS‚
1565 2137 1676 2168 cum
1698 2119 1959 2172 dictionem
1981 2119 2199 2183 aliqnan-

388 2198 452 2246 do
478 2198 688 2262 prodant
729 2199 839 2246 illa¹
880 2199 978 2248 fere
1004 2207 1151 2249 aetate
1179 2200 1441 2264 indignam,
1466 2200 1551 2247 viri
1577 2200 1712 2248 docti
1753 2200 1932 2247 habent
1969 2215 2058 2263 pro
2097 2198 2201 2262 epi-

387 2289 519 2327 toma
554 2297 612 2327 ex
638 2278 823 2342 majore
848 2280 1022 2328 Valerii
1046 2297 1193 2346 opere
1235 2281 1541 2339 concinnata,
1578 2281 1651 2328 vel
1689 2298 1716 2329 a
1755 2280 1884 2329 Julio
1926 2279 2111 2337 Paride,
2148 2285 2202 2326 ut

385 2361 590 2408 Vossius
611 2360 808 2424 conjicit
827 2361 890 2410 de
915 2361 1044 2411 Hist.
1067 2363 1175 2411 Lat.
1203 2376 1241 2412 Ι.
1265 2371 1347 2413 24.
1373 2362 1558 2424 (confer
1579 2362 1887 2411 Lambecium
1917 2368 1964 2410 2.
1989 2361 2049 2408 de
2075 2360 2199 2410 Bibl.

384 2441 598 2489 Vindob.
627 2457 678 2505 p.
715 2448 831 2498 934.
873 2442 1004 2505 quod
1047 2449 1210 2492 tamen
1251 2443 1427 2491 librarii
1452 2443 1612 2507 potius
1655 2458 1826 2490 nomen
1865 2441 2052 2490 videtur
2086 2441 2199 2488 Viro
2221 2462 2228 2469 ·

383 2521 534 2570 docto
558 2522 604 2570 in
629 2523 835 2570 Memor.
859 2522 1138 2571 Trivoltinis
1164 2540 1209 2571 a.
1256 2531 1399 2575 1714.
1427 2539 1476 2586 p.
1504 2522 1608 2583 51.)
1644 2522 1718 2570 vel
1739 2538 1767 2569 a
1790 2520 2018 2571 Januario
2035 2518 2058 2542 ²
2097 2520 2199 2569 Ne-

382 2602 598 2664 potiano,
623 2618 733 2665 quae
750 2602 931 2665 justior
953 2603 1081 2651 forte
1106 2603 1311 2651 Cantelii
1335 2603 1547 2668 suspicio
1571 2610 1662 2651 est.
1701 2601 1898 2650 Fundus
1924 2601 2068 2664 hujus
2087 2616 2198 2664 pos-

380 2681 564 2729 terioris
583 2683 824 2745 opinionis
848 2690 922 2731 est
945 2683 1181 2747 Epistola,
1207 2699 1352 2746 quam
1377 2700 1435 2731 ex
1464 2691 1618 2730 vetere
1644 2682 1818 2730 codice
1841 2680 1992 2728 edidit
2015 2680 2196 2743 Philip-

380 2777 470 2823 pus
495 2761 722 2810 Labbeus
761 2762 822 2812 T.
851 2776 887 2810 1.
914 2762 1038 2811 Bibl.
1064 2763 1209 2810 MSS.
1235 2778 1286 2825 p.
1323 2761 1437 2819 669.
1461 2769 1510 2809 et
1536 2761 1649 2825 quia
1682 2761 1871 2809 brevior
1901 2769 1993 2818 est,
2019 2759 2135 2808 hic
2119 2775 2194 2807 in—

381 2848 563 2904 tegram
584 2856 828 2905 apponere
854 2856 948 2888 non
974 2840 1240 2903 gravabor:

712 2920 1002 2969 ‘Januarius
1029 2920 1333 2985 Nepotianus
1351 2920 1534 2969 Victori
1552 2936 1640 2967 suo
1665 2920 1881 2968 salutem.

447 3006 461 3026 ‘
480 3001 753 3065 Impensius
778 3017 921 3063 quam
947 3001 1096 3049 ceteri
1118 3000 1453 3050 adolescentes
1476 3000 1623 3048 literis
1644 2999 1843 3047 studes:
1881 3015 1980 3062 quo
2004 3007 2192 3048 tantum

436 3117 449 3137 ¹
481 3114 660 3153 Erasmus
674 3114 714 3154 in
735 3114 1019 3155 Ciceroniano:
1051 3115 1251 3155 ‘Valerius
1319 3115 1512 3154 horatius?
1569 3115 1772 3155 Castrense
1807 3126 1928 3166 genu!
1965 3113 2122 3152 dicendi
2150 3114 2191 3152 in

377 3178 574 3216 Maximus
590 3184 666 3217 tam
685 3178 818 3217 similis
843 3185 903 3217 est
921 3178 1115 3225 Ciceroni,
1133 3193 1250 3231 quam
1316 3179 1471 3219 Valerio
1501 3192 1546 3218 ac
1589 3178 1743 3218 Velleio
1789 3183 1898 3216 notat
1951 3176 2190 3216 Christianus

376 3240 503 3278 mulus
535 3240 695 3286 homini,
726 3242 825 3279 adeo
856 3246 899 3278 ut
930 3240 991 3278 vix
1024 3241 1156 3280 credas
1188 3245 1250 3283 vel
1316 3243 1507 3282 Daumius
1541 3243 1581 3281 in
1601 3242 1696 3281 libro
1735 3243 1784 3280 de
1815 3239 1940 3280 causis
1969 3238 2188 3279 amissarum

373 3304 515 3342 Italum
535 3304 652 3343 fuisse
669 3304 736 3356 qui
753 3303 918 3356 scripsit,
947 3304 1009 3342 vel
1026 3305 1100 3344 hoc
1128 3305 1250 3343 aetatis
1317 3307 1466 3346 Latinae
1484 3307 1624 3358 linguae
1641 3305 1810 3344 radicum
1830 3317 1921 3357 pag.
1939 3306 2006 3344 39.

376 3368 480 3418 quod
501 3381 579 3418 prae
599 3381 640 3406 se
670 3368 743 3407 fert
772 3367 924 3414 vixisse,
953 3374 1030 3406 tam
1060 3368 1251 3407 diversum
1371 3371 1392 3392 ²
1421 3371 1539 3410 Hunc
1558 3370 1677 3408 addes
1695 3368 1780 3407 aliis
1806 3367 2000 3407 ‚Ianuariis
2018 3368 2190 3408 collectis

375 3439 434 3470 est
452 3438 573 3470 totum
588 3432 768 3472 dictionis
784 3445 918 3484 genus.
961 3431 1098 3471 Afrum
1117 3445 1249 3484 quem·
1319 3449 1341 3474 a
1361 3434 1470 3474 Gisb.
1500 3434 1655 3486 Cupero
1686 3433 1727 3472 in
1757 3431 1986 3476 Ἀποθεῶσει
2027 3431 2191 3471 Homeri

374 3494 477 3545 piam
496 3509 578 3535 esse
597 3496 715 3543 dicas,
735 3509 807 3536 nec
838 3496 959 3537 ullum
988 3508 1142 3536 cannen
1171 3497 1248 3536 ela·
1318 3511 1359 3550 p.
1377 3500 1470 3538 271.
