2358 4036
388 270 495 323 918

442 400 465 450 §
483 402 508 438 2
537 397 719 437 Metellus
737 408 826 436 vero
844 394 991 442 Pontis.
1011 392 1149 442 Manu]
1165 390 1253 431 Sub
1275 398 1280 405 ‘

389 463 510 513 cujus
532 466 744 512 potestate
762 459 909 499 caeteri
942 468 1086 497 omnes
1116 454 1254 507 ponti-

386 522 487 562 fices
503 528 547 562 et
561 522 804 562 sacerdotes
821 519 947 572 positi
961 523 1098 559 erant.
1127 517 1253 558 Unde

386 586 516 624 etiam
535 585 737 624 maximus
769 585 905 623 dictus
940 588 1022 632 est,
1040 582 1138 634 qnia
1157 582 1253 620 reli-

387 647 459 699 qui
478 659 620 686 omnes
641 648 732 697 ipso
752 651 871 685 erant
895 643 1136 685 inferiores.
1182 644 1252 684 Li-

386 710 475 749 vius
495 710 566 750 lib.
585 720 681 749 xix.
701 715 746 749 et
765 719 951 748 xxxvn.

438 773 687 823 Eandemque
688 771 910 823 flaminem]
939 771 992 812 Id
1010 776 1090 823 est,
1105 771 1252 811 Sacer-

385 836 541 875 dotem.
578 835 799 880 Flamines,
829 840 876 874 ut
894 835 1033 874 Varro
1053 840 1253 884 testatur,

384 898 489 936 dicti
509 903 618 947 sunt,
639 898 711 948 qui
738 904 870 949 caput
889 898 1074 938 vinctum
1092 898 1252 938 habent

382 958 467 1006 filo,
503 965 547 999 et
584 972 814 1010 cognomen
853 960 1068 1012 accipiunt
1105 961 1157 1000 ab
1199 973 1250 1000 eo

383 1023 495 1072 Deo,
529 1022 594 1062 cui
629 1035 751 1062 sacra
777 1022 966 1072 faciunt3
996 1022 1070 1062 sed
1093 1023 1247 1074 partim

381 1091 478 1124 sunt
500 1091 662 1137 aperta,
676 1093 721 1126 ut
736 1086 958 1135 Martialis,
977 1087 1249 1135 Vulcanaris3

381 1148 628 1188 obscuriora
661 1148 833 1200 partim,
854 1155 900 1189 ut
918 1149 1058 1189 Dialis
1078 1162 1102 1188 a
1122 1149 1248 1198 Jove,

380 1207 560 1250 Furialis
580 1224 604 1249 a
624 1211 767 1262 Furia,
786 1213 904 1263 cnjus
930 1213 970 1251 in
991 1212 1112 1252 fastis
1129 1211 1248 1251 feriae

380 1279 504 1313 erant
539 1272 726 1313 furiales.
783 1275 925 1314 Livius
957 1288 1055 1315 vero
1084 1275 1249 1324 scribit,

380 1335 557 1374 Numam
590 1334 797 1376 flaminem
825 1337 922 1377 Jovi
953 1339 1164 1377 assiduum
1185 1350 1248 1376 sa-

378 1396 593 1435 cerdotem
627 1399 852 1449 creavisse,
883 1399 1118 1452 insignique
1151 1412 1247 1440 eum

377 1463 498 1496 veste
517 1464 562 1497 et
582 1459 715 1498 curuli
744 1460 858 1510 regia
877 1462 981 1500 sella
1000 1462 1247 1513 adornasse,

374 1521 473 1560 huic
505 1521 610 1561 duos
639 1520 841 1578 flamines
859 1524 1086 1576 adjecisse,
1113 1527 1246 1565 Marti

374 1596 520 1633 unum,
540 1586 721 1625 alterum
739 1586 932 1628 Quirino.
986 1588 1131 1628 Creati
1148 1595 1247 1629 sunt

375 1647 505 1686 etiam
534 1660 559 1687 a
577 1649 789 1690 Pontifice
812 1651 998 1691 Maximo
1019 1652 1248 1704 FlamineS,

375 1715 420 1750 et
439 1722 464 1755 a
482 1711 709 1752 Dictatore
728 1713 769 1752 in
801 1715 988 1766 oppidis,
1007 1729 1080 1755 seu
1112 1715 1247 1756 muni-

375 1772 512 1823 m'piis.
543 1774 634 1815 Cic.
654 1780 698 1814 et
714 1776 870 1818 Livius.
912 1779 1026 1830 Ergo
1047 1780 1059 1800 ‘
1080 1777 1246 1818 flamen'

374 1834 516 1875 dictus
547 1837 716 1876 videtur
745 1840 862 1890 quasi
881 1840 893 1861 ‘
911 1840 1111 1892 filamen:
1130 1854 1154 1881 a
1174 1841 1245 1881 filo

373 1898 498 1948 lanae,
533 1912 615 1951 qno
651 1909 780 1953 caput
817 1902 1003 1943 vinctum
1042 1905 1245 1955 habebat,

373 1960 488 2011 qnod
519 1967 669 2012 aperto
690 1964 856 2004 omnino
887 1965 1030 2017 capite
1050 1978 1144 2006 esse
1163 1978 1246 2006 non

369 2023 546 2073 liceret;
575 2025 702 2066 Dion.
722 2030 863 2066 tamen
883 2028 1248 2069 Halicarnassaeus

371 2084 483 2124 libro
512 2097 562 2125 11.
601 2088 613 2109 ‘
633 2086 896 2141 Assumpta,'
928 2091 1082 2144 inquit,
1101 2093 1114 2115 ‘
1131 2094 1245 2133 omni

371 2143 503 2186 divini
531 2149 670 2188 cultus
698 2151 966 2192 institutione
993 2159 1123 2207 atque
1143 2167 1244 2195 con-

369 2209 548 2260 scripta,
575 2211 618 2250 in
648 2218 746 2252 octo
779 2214 923 2256 divisit
951 2223 1110 2269 partes,
1140 2225 1245 2274 quot

368 2277 494 2311 erant
512 2273 640 2312 etiam
656 2287 871 2316 sacrorum
891 2279 1077 2320 ordines:
1115 2282 1245 2322 tradi-

369 2332 434 2372 dit
453 2339 593 2374 autem
612 2348 735 2377 unam
755 2351 973 2381 sacrorum
994 2343 1243 2384 ministerio-

369 2407 461 2435 rum
481 2398 830 2441 constitutionem
859 2404 1036 2455 triginta
1053 2407 1243 2446 Curioni·

366 2457 463 2505 bus,
481 2472 583 2512 quos
605 2461 696 2500 dixi
714 2462 872 2504 hostias
891 2467 1106 2508 immolare
1136 2471 1243 2521 pub-

365 2521 469 2561 licas
499 2535 576 2574 pro
611 2525 763 2576 curiis;
797 2529 1026 2569 secundam
1059 2544 1160 2572 vero
1190 2534 1241 2573 iis

369 2585 441 2637 qui
462 2593 666 2627 vocantur
694 2601 718 2628 a
747 2589 910 2632 Graecis
938 2596 1244 2649 Στεφανηφόροι,

368 2658 393 2686 a
416 2649 614 2691 Romanis
631 2663 734 2692 vero
753 2651 962 2705 flamines,
988 2670 1090 2709 quos
1107 2672 1131 2698 a
1150 2673 1243 2711 ges-

368 2710 530 2750 tatione
550 2712 757 2763 pileorum
793 2722 838 2755 et
864 2717 1110 2772 infularum,
1138 2735 1240 2775 quas

367 2771 505 2812 adhuc
537 2773 695 2827 ferunt,
731 2775 902 2820 flamina
921 2789 1136 2836 vocantes,
1163 2786 1242 2826 hoc

297 2836 299 2839 ’
366 2836 537 2876 nomine
557 2840 807 2890 appellant.'

418 2898 613 2952 Africam]
639 2903 787 2943 Tertia
805 2908 1021 2949 veteribus
1049 2922 1149 2962 pars
1177 2924 1242 2952 or-

364 2962 443 3012 bis,
460 2975 555 3015 quae
583 2972 630 3004 et
659 2967 796 3018 Libya
824 2972 1036 3011 veteribus
1056 2985 1081 3012 a
1100 2975 1240 3015 colore

365 3024 537 3075 dicitnr,
562 3025 674 3072 λίβυς
707 3030 816 3069 enim
844 3032 1004 3082 nigrum
1035 3036 1236 3078 denotat:

366 3087 419 3128 ab
453 3089 645 3129 Orientis
678 3097 799 3142 parte
843 3096 944 3136 Nilo
975 3100 1240 3152 terminatur,

367 3150 521 3201 pelago
559 3164 584 3190 a
620 3155 805 3195 caeteris.
860 3158 973 3199 Vide
1017 3162 1155 3203 Strab.
1193 3171 1240 3204 et

365 3211 539 3253 Melam.
559 3213 711 3255 Africa
730 3224 872 3259 autem
903 3224 1076 3274 proprie
1105 3225 1238 3277 dicta,

365 3273 454 3312 sive
491 3276 648 3328 Minor,
696 3285 762 3320 est
800 3282 1038 3325 Ptolemaeo
1077 3287 1237 3329 Africae

366 3346 462 3385 pars
497 3338 548 3375 ad
577 3351 690 3381 mare
722 3343 1094 3400 mediterraneum,
1125 3351 1238 3391 inter

367 3398 664 3442 Mauritaniam
698 3411 742 3443 et
782 3407 977 3458 Cyrenen
1024 3413 1235 3463 regiones.

366 3459 476 3498 Vide
497 3466 540 3501 et
560 3463 690 3505 Leon.
720 3466 910 3510 African.

962 279 1137 317 NOTAE
1179 276 1507 314 VARIORUM
1551 275 1614 312 IN

1372 392 1394 442 §
1415 393 1438 429 3
1453 389 1683 440 Laudabile]
1713 390 1804 430 Cic.
1822 389 1874 429 de
1888 390 1992 430 Nat.
2011 390 2146 430 Deor.
2159 400 2191 431 ι.

1379 452 1486 491 Vitio
1505 446 1789 492 tabernaculum
1818 452 1992 504 captum]
2021 453 2191 492 Plutar-

1318 517 1420 555 chus
1437 517 1500 555 ita
1519 516 1683 566 definit,
1700 515 1801 569 quid
1831 516 1887 555 sit
1906 527 2064 566 capere
2084 515 2192 556 vitio

1317 579 1656 618 tabernaculum.
1723 578 1799 618 ‘Si
1837 577 2191 627 tabernaculum,’

1315 642 1470 694 inquit,
1496 641 1709 692 ‘cepisset
1739 641 1791 692 is,
1819 641 1930 694 quod
1969 640 2189 691 augurium

1316 713 1517 759 capturus
1537 713 1669 758 esset,
1698 708 1759 746 ita
1790 711 1840 746 ut
1871 712 2098 758 antequam
2117 718 2190 746 au-

1314 771 1494 821 spicium
1510 770 1692 821 ceperit,
1713 769 1874 822 aliquid
1894 768 2008 808 aliud
2027 769 2190 820 egisset

1315 833 1426 885 quod
1462 833 1514 871 ad
1549 834 1769 884 augurium
1804 844 1890 872 non
1925 833 2190 883 pertineret;

1314 901 1403 934 tum
1435 895 1479 935 id
1513 895 1836 935 tabernaculum
1871 894 1976 934 vitio
2013 899 2188 944 captum

1312 970 1403 997 esse
1420 958 1658 1008 dicebatur,
1677 964 1719 998 et
1738 958 1772 997 si
1792 956 1981 1009 auspicia
1998 957 2190 1008 cepisset

1313 1022 1358 1060 in
1375 1033 1442 1072 eo,
1460 1022 1565 1061 nihil
1586 1021 1816 1062 valebant.'
1851 1021 2002 1060 Cicero
2017 1031 2187 1072 quoque

1312 1084 1423 1124 libro
1451 1085 1504 1124 de
1526 1085 1718 1126 Divinat.
1747 1086 1811 1125 ita
1836 1084 2003 1135 inquit:
2033 1084 2046 1105 ‘
2069 1082 2185 1123 Quid

1312 1147 1426 1200 apud
1460 1154 1505 1187 te
1537 1148 1740 1199 scriptum
1770 1148 1824 1187 de
1847 1145 2024 1187 Tiberio
2049 1145 2186 1185 Grac-

1311 1211 1416 1251 cho?
1444 1222 1582 1250 nonne
1607 1217 1653 1251 et
1682 1211 1904 1262 Augurum
1938 1217 1984 1248 et
2009 1207 2186 1259 Aruspi-

1312 1286 1407 1313 cum
1431 1274 1683 1326 comprobat
1712 1273 1968 1325 disciplina?
1999 1271 2184 1322 quicum

1311 1338 1632 1377 tabernaculum
1670 1336 1774 1375 vitio
1804 1335 1994 1387 cepisset
2027 1333 2186 1384 impru-

1310 1400 1432 1450 dens,
1487 1401 1559 1453 qui
1617 1399 1883 1451 inauspicato
1933 1397 2186 1448 pomoerium

1310 1471 1595 1515 transgressus
1624 1469 1754 1514 esset,
1792 1460 1966 1502 comitia
2002 1458 2186 1500 consuli-

1310 1527 1386 1567 bus
1406 1527 1604 1567 creandis
1622 1523 1847 1566 habuerit!

1366 1590 1549 1630 Comitiis
1572 1587 1854 1640 consularibus]
1888 1588 1998 1629 Quae
2017 1584 2072 1624 ad
2090 1596 2183 1625 cre·

1309 1656 1440 1695 andos
1475 1656 1669 1695 consules
1703 1653 1926 1693 habuerat.
1983 1648 2187 1698 Comitia,

1309 1725 1371 1767 nt,
1391 1718 1542 1757 scribit
1557 1716 1783 1766 Asconius,
1800 1713 1974 1755 fuerunt
1991 1711 2184 1760 oedilitia,

1309 1781 1527 1833 praetoria,
1568 1780 1807 1829 tribunitia,
1851 1783 1894 1817 et
1928 1774 2183 1816 consularia.

1308 1843 1442 1884 Aulus
1464 1855 1566 1883 vero
1586 1843 1750 1883 Gellius
1769 1842 1892 1891 dicit,
1910 1838 2083 1880 comitia
2101 1839 2185 1878 alia

1307 1908 1439 1947 fuisse
1477 1908 1654 1958 curiata,
1690 1906 1773 1946 alia
1806 1902 2061 1953 centuriata,
2082 1901 2183 1942 ‘alia

1308 1971 1485 2011 tributa.
1540 1971 1552 1992 ‘
1572 1967 1822 2009 Comitium'
1851 1970 1994 2006 autem
2013 1969 2105 2004 erat
2122 1965 2184 2003 lo-

1308 2046 1398 2083 cus,
1429 2039 1542 2073 teste
1565 2033 1779 2079 Varrone,
1805 2042 1890 2083 quo
1922 2028 2096 2069 coibant
2113 2037 2182 2067 co-

1307 2097 1436 2137 mitiis
1472 2096 1648 2136 curiatis
1694 2095 1972 2146 magistratus
2007 2090 2183 2132 creandi

1308 2172 1460 2199 causa:
1490 2159 1648 2198 namin
1677 2169 1830 2208 campo
1864 2154 2027 2195 Martio
2052 2153 2182 2206 elige·

1308 2222 1434 2263 batur
1473 2222 1743 2273 magistratus
1786 2218 1943 2258 habitis
1983 2215 2180 2257 comitiis.

1305 2287 1376 2326 De
1396 2285 1544 2326 ordine
1572 2290 1716 2324 autem
1749 2280 2019 2322 comitiorum
2049 2279 2182 2319 multa

1305 2349 1418 2400 apud
1439 2348 1624 2397 Livium,
1643 2347 1767 2398 plura
1785 2349 1925 2384 antem
1946 2341 2060 2394 apud
2077 2342 2181 2382 Dio-

1304 2413 1472 2463 nysium
1510 2411 1582 2450 lib.
1618 2421 1726 2449 v111.
1764 2408 1838 2448 ubi
1872 2408 1925 2447 de
1963 2405 2180 2448 Coriolani

1304 2474 1578 2514 damnatione
1622 2472 1826 2525 loquitur,
1870 2470 2019 2511 videre
2060 2469 2179 2510 licet.

1303 2536 1428 2578 Idem.

1361 2599 1539 2651 Corsica]
1585 2598 1694 2638 Haec
1730 2597 1876 2637 Insula
1909 2607 1992 2635 non
2028 2595 2179 2646 procul

1304 2669 1372 2703 est
1391 2676 1416 2703 a
1434 2662 1644 2712 Sardinia,
1658 2672 1809 2701 novem
1826 2658 1980 2699 stadia.
2012 2656 2180 2698 Autum-

1304 2727 1475 2767 Strabo.

1357 2791 1423 2842 §4
1455 2787 1659 2829 Consimili
1694 2786 1860 2834 ratione,
1892 2783 1982 2836 &cij
2018 2783 2178 2834 Vulgo,

1305 2852 1511 2891 Consimili
1543 2852 1694 2890 ratione
1715 2853 1806 2901 post
1831 2849 1882 2888 P.
1920 2847 2079 2896 Coelius,
2111 2846 2176 2885 M.

1305 2915 1521 2965 Cornelius,
1559 2915 1618 2954 M.
1653 2913 1862 2963 Cethegus.
1900 2911 2007 2950 Mss.
2038 2908 2178 2950 Codd.

1301 2978 1456 3016 omisso
1472 2976 1694 3027 vocabulo,
1705 2979 1806 3027 post,
1820 2975 1914 3014 haec
1927 2973 1991 3013 ita
2002 2973 2174 3024 legunt:

1305 3039 1508 3078 Consimili
1535 3039 1686 3078 ratione
1718 3038 1770 3077 Ρ.
1810 3036 1970 3076 Cloelius
2002 3035 2176 3085 Siculus,

1301 3102 1364 3141 M.
1388 3102 1591 3141 Cornelius
1610 3101 1816 3151 Cethegus.
1843 3100 1902 3139 Et
1914 3104 2032 3138 recte
2047 3110 2059 3147 ;
2077 3106 2176 3138 nam

1301 3170 1427 3203 antea
1457 3165 1545 3203 baec
1577 3163 1813 3214 contigere,
1841 3172 1964 3213 quam
1995 3171 2091 3212 qnae
2120 3158 2175 3199 de

1297 3225 1392 3266 Tib.
1425 3226 1622 3266 Graccho
1643 3225 1804 3264 retulit.
1859 3225 1930 3263 De
1950 3221 2002 3262 P.
2022 3221 2175 3261 Cloelio

1297 3289 1442 3328 Siculo
1461 3289 1565 3328 nihil
1584 3300 1651 3327 me
1666 3287 1818 3338 legisse
1839 3283 2024 3333 memini,
2050 3282 2174 3322 modo

1298 3364 1382 3391 non
1405 3352 1439 3391 is
1469 3353 1538 3399 sit,
1568 3351 1641 3402 qui
1664 3361 1774 3388 anno
1795 3347 1911 3386 urbis
1927 3354 2172 3385 cccnxxvr.

1298 3416 1415 3454 inter.
1449 3415 1547 3455 trib.
1578 3413 1758 3453 militum
1790 3410 2075 3450 nominatnra
2103 3408 2172 3447 Li-

1299 3477 1368 3516 vio
1396 3475 1470 3516 lib.
1491 3488 1552 3517 vi.
1594 3477 1656 3515 M.
1678 3474 1874 3524 Cethego
1894 3479 1939 3512 et
1959 3472 2011 3513 Q.
2029 3471 2173 3523 Sulpi-
