2288 3990
417 321 525 373 974

416 451 530 490 unde
577 450 770 491 veniret?
814 449 1060 502 respondit:
1109 448 1283 488 Adrasti
1337 465 1339 468 ·

415 514 524 552 filius
543 525 651 563 sum,
682 514 765 562 vel,
796 518 842 552 ut
873 513 942 551 alii
970 513 1132 560 dicunt,
1149 511 1280 550 Midae

416 575 594 624 Gordii;
615 575 788 614 fratrem
805 587 939 613 meum
957 575 1113 614 invitus
1131 573 1282 623 occidi,

414 643 460 677 et
479 649 502 675 a
522 643 643 688 patre
662 637 807 687 pulsus
829 636 956 676 rebus
978 636 1171 676 omnibus
1199 635 1282 687 pri-

414 704 551 738 vatus.
606 699 710 737 Tum
742 699 833 736 Rex
866 698 1153 738 misericordia
1180 710 1281 748 cap-

414 767 500 811 tus,
520 773 614 800 eum
641 761 758 800 caede
791 762 994 812 expiavit,
1022 762 1126 801 etin
1147 773 1280 811 regno

411 824 613 872 retinuit;
633 822 786 862 deinde
806 823 980 863 Adrasti
995 823 1078 876 (sic
1097 824 1205 863 enim
1225 822 1280 861 de

395 887 577 925 -nomine
604 886 735 936 patris
765 884 1082 937 appellabatur)
1109 885 1281 935 cognita

409 947 628 997 industria,
662 948 754 987 Rex
781 948 820 986 ei
849 947 980 987 filium
1009 947 1139 998 Atym
1168 959 1281 986 com-

409 1010 641 1049 mendavit.
694 1011 778 1050 Sed
813 1023 907 1051 cum
942 1010 1113 1051 tandem
1143 1009 1279 1061 preci-

409 1071 487 1112 bus
520 1074 748 1124 agrestium
783 1074 917 1113 victus
950 1079 1066 1113 esset
1092 1074 1202 1122 Rex,
1231 1076 1279 1111 ut

407 1133 540 1174 filium
561 1135 835 1186 concederet,
867 1136 979 1175 misit
1011 1135 1055 1174 in
1089 1134 1277 1174 venatio-

405 1209 504 1237 nem
523 1197 711 1238 Adrasto
744 1200 860 1250 prius
890 1210 1146 1250 magnopere
1166 1209 1279 1237 com·

407 1263 666 1304 mendatum.
723 1264 852 1303 Forte
872 1276 990 1303 casus
1008 1264 1069 1303 ita
1089 1263 1203 1312 tulit,
1231 1266 1278 1302 u‘c

405 1325 518 1364 hunc
537 1323 849 1364 adolescentem
868 1326 911 1365 in
937 1327 1163 1366 venatione
1182 1337 1277 1364 ver-

406 1392 569 1426 santem
603 1385 831 1438 Adrastus,
861 1400 954 1427 cum
985 1388 1149 1427 hastam
1190 1392 1277 1426 tor-

404 1454 558 1500 queret
590 1449 633 1487 in
670 1461 831 1500 aprum,
875 1449 1106 1489 infeliciter
1142 1448 1276 1501 Atym

402 1510 589 1550 medium
628 1511 904 1562 transfixerit,
950 1517 995 1551 et
1039 1511 1274 1560 occiderit;

401 1574 587 1625 quicum
605 1580 796 1614 mortuus
825 1575 879 1614 ad
912 1578 1079 1626 patrem
1107 1574 1274 1614 delatus

401 1640 530 1686 esset,
549 1636 589 1675 iu
609 1648 781 1686 magnos
809 1642 984 1688 questus
1016 1637 1274 1688 lachrymas-

401 1709 484 1748 que
505 1699 732 1738 resolvitur
752 1705 890 1750 pater,
918 1705 963 1738 et
994 1699 1133 1751 ipsum
1163 1711 1274 1750 prae-

404 1759 530 1810 cipue
547 1760 778 1800 accusabat
796 1760 1041 1812 Adrastum,
1071 1761 1185 1813 quod
1203 1761 1273 1801 cui

399 1819 531 1865 filium
575 1822 890 1873 demandasset,
925 1824 960 1862 is
1006 1823 1272 1874 potissimum

399 1882 638 1925 occidisset.
693 1884 903 1924 Adrastus
925 1898 971 1925 se
991 1886 1094 1925 nihil
1120 1898 1272 1937 expur-

399 1959 518 1997 gans,
549 1952 724 1987 mortem
754 1960 836 1988 non
861 1949 1104 2000 respuebat.
1159 1950 1271 1999 Rex,

398 2011 472 2051 ubi
499 2012 608 2050 vidit
633 2012 750 2051 illum
782 2024 898 2064 casu,
930 2024 1013 2052 non
1047 2014 1271 2053 voluntate

397 2074 557 2114 caedem
595 2075 709 2114 illam
743 2082 1031 2127 perpetrasse,
1063 2081 1112 2116 et
1142 2087 1270 2127 prop-

379 2144 518 2177 -terea
543 2138 818 2190 impatienter
833 2139 1066 2189 dolentem,
1083 2139 1170 2179 vita
1197 2138 1269 2177 do·

395 2201 516 2239 navit
550 2206 751 2253 quantum
779 2202 823 2241 in
858 2214 904 2241 se
933 2201 1044 2251 fuit3
1079 2201 1151 2241 sed
1172 2213 1269 2242 cum

395 2260 521 2303 funus
541 2263 650 2316 Atys
675 2270 926 2316 persecutus
955 2269 1023 2304 est
1042 2264 1267 2319 Adrastus,

394 2326 437 2365 in
485 2327 578 2378 ejus
628 2328 852 2378 sepulchro
900 2328 1098 2379 seipsum,
1143 2327 1266 2380 quasi

392 2387 583 2441 inferias,
601 2391 774 2431 occidit.
829 2390 939 2431 Vide
958 2391 1173 2432 Herodot.
1193 2390 1266 2431 lib.

392 2460 425 2490 1.

450 2513 626 2566 Olympi]
643 2515 757 2555 Vide
777 2528 919 2568 supra.

446 2578 540 2618 Non
558 2580 702 2630 dentis]
730 2580 797 2620 Sic
829 2593 992 2634 quoque
1015 2582 1264 2622 Herodotus

389 2640 536 2692 tradit,
568 2642 646 2681 hac
676 2643 843 2682 ratione
872 2644 957 2684 filio
990 2645 1266 2694 concessisse,

388 2709 442 2742 vut
461 2704 514 2743 ad
537 2705 802 2745 venationem
829 2707 928 2756 iret,
953 2708 1049 2759 quia
1069 2708 1162 2749 scil.
1182 2720 1265 2748 non

392 2765 536 2818 dente,
554 2766 629 2806 sed
641 2765 756 2807 ferro
767 2768 1016 2809 moriturum
1035 2770 1264 2810 somniave-

389 2833 469 2869 rat.

449 2891 703 2944 Hospitazes]
726 2893 839 2935 Quia
884 2895 994 2934 enim
1031 2893 1263 2935 Adrastum

388 2955 574 3006 hospitio
610 2963 870 3008 susceperat,
915 2960 1076 2999 veritus
1113 2967 1191 3004 est,
1231 2961 1264 3000 si

388 3028 485 3057 eum
505 3029 588 3057 non
602 3018 793 3070 juvaret,
811 3020 925 3060 Deos
954 3022 1196 3074 hospitales,
1220 3024 1264 3063 id

387 3085 468 3130 est,
488 3079 795 3131 hospitalitatis
814 3071 1172 3130 autores,‘iiabere
1187 3086 1263 3125 ini-

387 3153 538 3182 micos.

437 3203 641 3259 Sacrificio
660 3205 853 3258 expiavit]
874 3206 958 3247 Hic
977 3220 1066 3248 mos
1096 3221 1121 3248 a
1141 3209 1261 3250 Grae-

385 3266 447 3306 cis
499 3273 707 3319 sumptus,
761 3275 810 3308 ut
857 3271 930 3321 qui
983 3271 1260 3312 homicidium

385 3333 692 3382 perpetrasset,
721 3342 746 3370 a
774 3331 964 3383 Regibus
996 3333 1258 3385 expiaretur.

387 3391 569 3432 Ovidius
598 3394 716 3434 Fast.
755 3393 854 3434 ‘Ah
886 3395 1059 3436 nimium
1094 3396 1258 3448 faciles,

384 3454 456 3507 qui
493 3454 637 3495 tristia
666 3456 845 3497 crimina
874 3458 1005 3498 caedis
1037 3459 1260 3500 Fluminea

386 3516 478 3556 tolli
497 3529 621 3571 posse
641 3519 806 3572 putatis
827 3519 966 3573 aqua?

998 328 1172 368 NOTAE
1214 326 1540 366 VARIORUM
1586 326 1651 365 IN

1401 449 1422 498 ᾧ
1448 451 1471 486 5
1503 448 1586 486 Νει·
1608 448 1735 498 Cyrus
1753 446 1906 496 quidem
1923 444 2118 497 superior]
2138 445 2218 488 As-

1346 515 1499 561 tyages
1520 509 1746 548 Medorum
1775 509 1870 547 Rex
1898 507 2007 546 vidit
2035 508 2077 547 in
2112 520 2221 549 som-

1348 573 1433 612 niis
1475 571 1604 610 filiam
1649 582 1764 609 snam
1800 568 2058 608 Mandanen·
2099 570 2220 610 urina

1346 639 1480 673 totam
1497 631 1642 671 Asiam
1670 631 1865 682 undasse,
1894 637 1943 671 ut
1975 631 2110 672 tradit
2129 631 2218 672 He-

1344 695 1435 735 rod.
1454 699 1502 734 ut
1523 706 1622 734 vero
1642 694 1835 735 Justinus
1861 693 2010 745 refert,
2036 694 2146 735 vidit
2164 706 2219 739 ex

1343 756 1606 796 naturalibus
1625 755 1741 806 filiae,
1763 767 1889 808 quam
1905 756 2072 796 unicam
2090 757 2218 798 habe-

1344 820 1434 869 bat,
1463 823 1631 857 enatam
1669 830 1762 858 esse
1798 818 1945 870 vitem,
1981 819 2098 870 cujus
2129 820 2219 872 pal-

1329 881 1448 920 mite
1464 879 1597 919 omnis
1612 879 1714 920 Asia
1726 879 2064 921 obumbraretur.
2107 881 2219 923 Con-

1344 942 1443 981 sulti
1464 942 1696 993 aruspices,
1716 942 2026 995 responderunt
2045 954 2101 984 ex
2131 943 2218 984 filia

1342 1006 1602 1045 nasciturum
1631 1012 1850 1058 nepotem,
1879 1006 1950 1059 qui
1970 1011 2104 1046 totam
2122 1005 2216 1047 Asi-

1343 1080 1409 1106 am
1427 1067 1609 1119 imperio
1629 1069 1866 1121 subigeret,
1894 1069 2020 1121 eique
2039 1080 2216 1120 regnum

1343 1131 1566 1170 adimeret.
1641 1131 1736 1172 Quo
1783 1142 1987 1182 responso
2039 1125 2216 1171 territus

1341 1193 1574 1244 Astyages,
1610 1204 1747 1245 neque
1784 1194 1901 1233 claro
1935 1193 2025 1232 viro
2077 1204 2216 1246 neque

1342 1256 1422 1295 civi
1443 1255 1570 1294 filiam
1591 1267 1724 1305 suam,
1742 1267 1796 1295 ne
1810 1262 1991 1307 paterna
2005 1260 2218 1295 materna-

1342 1331 1425 1371 que
1443 1319 1640 1358 nobilitas
1659 1319 1828 1369 nepotis
1849 1319 2009 1359 animos
2038 1320 2215 1359 extolle-

1342 1386 1424 1430 ret,
1442 1382 1514 1420 sed
1546 1393 1599 1420 ex
1629 1387 1760 1432 gente
1792 1381 2078 1421 obscuratum
2107 1385 2214 1422 tem-

1341 1444 1456 1495 poris
1495 1445 1722 1483 Persarum
1769 1442 1968 1495 Cambysi
2011 1442 2216 1484 mediocri

1340 1507 1433 1547 viro
1470 1507 1514 1546 in
1553 1505 2095 1557 matrimonium-tradidit,
2147 1505 2214 1546 Ac

1340 1582 1421 1610 nec
1441 1571 1502 1609 sic
1523 1570 1694 1622 quidem
1715 1570 1864 1608 somnii
1882 1575 1997 1609 metu
2017 1568 2214 1620 deposito

1339 1637 1557 1687 gravidam
1595 1637 1648 1677 ad
1679 1647 1724 1676 se
1754 1636 1886 1677 filiam
1911 1636 2042 1688 jussit
2069 1637 2216 1688 acciri,

1338 1705 1388 1739 ut
1416 1699 1493 1739 sub
1526 1700 1594 1738 avi
1627 1700 1757 1739 oculis
1793 1704 1939 1750 partus
1969 1705 2211 1740 necaretur.

1337 1763 1480 1803 Natus
1500 1761 1639 1802 infans
1668 1762 1796 1802 datur
1823 1762 2084 1803 occidendus
2100 1763 2212 1803 Har-

1337 1837 1447 1877 pago
1469 1826 1597 1877 Regis
1618 1838 1866 1866 arcanorum
1900 1824 2116 1878 participi.
2169 1826 2214 1866 Is

1338 1891 1518 1941 veritus,
1533 1902 1588 1930 ne
1609 1890 1645 1930 si
1661 1891 1714 1930 ad
1736 1889 1883 1941 filiam,
1912 1895 2078 1931 mortuo
2097 1902 2213 1942 rege,

1335 1954 1520 1993 venisset
1536 1953 1776 2005 imperium,
1792 1954 1894 2006 quia
1907 1953 2067 1994 nullum
2082 1946 2212 2005 Asty-

1338 2027 1438 2067 ages
1483 2016 1649 2056 virilem
1688 2027 1835 2055 sexum
1873 2020 2095 2067 genuerat,
2138 2015 2212 2056 illa

1335 2078 1478 2117 necati
1524 2076 1701 2117 infantis
1737 2078 1965 2133 ultionem,
2014 2090 2138 2131 quam
2185 2092 2211 2119 a

1334 2146 1511 2190 parente
1555 2152 1642 2179 non
1688 2140 1914 2192 potuisset,
1955 2154 1981 2181 a
2016 2141 2209 2182 ministro

1333 2201 1544 2253 exigeret,
1563 2203 1805 2242 Mithridati
1825 2203 1988 2254 pastori
2009 2203 2115 2256 regii
2134 2216 2209 2256 pe-

1333 2266 1442 2305 coris
1486 2278 1664 2316 puerum
1711 2266 2013 2318 exponendum
2059 2266 2206 2308 tradit.

1331 2329 1462 2369 Forte
1481 2329 1631 2369 eodem
1651 2336 1845 2380 tempore
1873 2335 1919 2368 et
1944 2330 2027 2381 ipsi
2046 2330 2210 2382 pastori

1330 2396 1457 2430 natus
1490 2390 1600 2431 filius
1633 2397 1726 2431 erat
1762 2392 1900 2442 vivus,
1936 2397 1986 2431 ut
2011 2391 2207 2434 Justiuus

1329 2450 1495 2502 refert;
1531 2458 1576 2493 ut
1596 2453 1667 2493 alii
1695 2454 1858 2505 volunt,
1878 2459 2093 2494 mortuus:
2115 2454 2206 2506 ejus

1329 2515 1463 2567 igitur
1482 2528 1603 2566 uxor,
1635 2516 1783 2556 audita
1814 2517 1921 2568 regii
1939 2515 2115 2558 infantis
2133 2529 2206 2557 ex-

1329 2579 1555 2630 positione,
1575 2585 1699 2630 rogat
1717 2579 1888 2634 summis
1908 2579 2108 2631 precibus
2125 2579 2206 2619 sibi

1329 2640 1513 2692 perferri
1547 2642 1798 2694 ostendique
1835 2653 2044 2694 puerum;
2085 2642 2204 2694 cujus

1329 2703 1530 2755 precibus
1551 2703 1754 2756 fatigatus
1774 2709 1934 2756 pastor,
1952 2716 2146 2745 reversus
2159 2705 2204 2744 in

1328 2766 1505 2817 sylvam,
1539 2767 1702 2807 invenit
1729 2769 1859 2820 juxta
1895 2766 2099 2808 infantem
2135 2780 2204 2808 ca-

1327 2840 1424 2867 nem
1455 2828 1669 2869 foeminam
1712 2831 1888 2881 parvulo
1926 2830 2058 2870 ubera
2082 2843 2204 2882 vprae-

1326 2891 1514 2943 bentem,
1534 2897 1579 2932 et
1597 2904 1622 2931 a
1640 2892 1739 2932 feris
1769 2893 2026 2946 alitibusque
2055 2893 2203 2936 defen-

1327 2953 1500 2994 dentem
1519 2967 1530 2994 :
1559 2960 1698 2995 motus
1719 2961 1765 2995 et
1785 2957 1876 3007 ipse
1895 2956 2202 3006 misericordia,

1327 3029 1410 3068 qua
1429 3023 1586 3058 motam
1606 3031 1699 3058 esse
1731 3032 1880 3060 canem
1912 3020 2095 3071 viderat,
2123 3033 2200 3072 pu-

1327 3090 1443 3118 erum
1463 3078 1608 3120 defert
1626 3080 1679 3120 ad
1704 3081 1887 3133 stabula,
1913 3083 2063 3124 eadem
2091 3094 2199 3123 cane

1326 3141 1452 3181 anxie
1473 3150 1778 3195 prosequente,
1799 3157 1922 3196 quem
1943 3145 2014 3185 ubi
2042 3145 2086 3184 in
2112 3156 2199 3185 ma·

1324 3216 1425 3243 num
1445 3206 1599 3245 mulier
1618 3207 1804 3258 accepit,
1834 3208 1964 3247 veluti
1981 3207 2034 3247 ad
2055 3213 2199 3248 notam

1306 3267 1486 3313 allusit,
1523 3273 1752 3321 tantusque
1801 3269 1841 3307 in
1878 3269 1953 3310 illo
1994 3269 2116 3321 vigor
2154 3275 2199 3310 et

1324 3329 1460 3369 dulcis
1504 3331 1671 3383 quidam
1724 3332 1978 3372 blandientis
2024 3332 2198 3374 infantis

1323 3391 1428 3430 risus
1447 3393 1662 3444 apparuit,
1683 3398 1730 3433 ut
1745 3399 1961 3444 pastorem
1989 3395 2103 3436 ultro
2131 3408 2201 3435 ro-

1306 3461 1448 3508 garet
1466 3469 1584 3496 suum
1615 3469 1694 3509 pro
1720 3457 1794 3496 illo
1824 3463 1992 3509 partum
2010 3470 2196 3511 expone·
2269 3511 2271 3514 ·

1322 3525 1405 3571 ret,
1425 3520 1778 3574 permitteretque
1805 3520 1885 3562 sibi
1903 3520 1992 3562 sive
2009 3520 2194 3564 fortunae
