2288 3990
550 319 809 358 vALERn
854 319 1097 358 MAxlm
1143 322 1260 360 ms.
1292 323 1383 361 111.
1426 324 1560 362 cAP.
1590 311 1641 363 2.

193 450 284 477 rum
306 449 474 488 novem,
504 437 658 477 hastile
690 436 847 489 pedum
882 438 1070 490 quinque

192 506 238 540 et
256 501 400 540 semis.

249 563 402 615 Curioe]
447 562 583 603 Varro
605 563 669 603 his
689 564 833 604 verbis
858 564 913 604 de
942 564 992 604 iis
1012 565 1072 604 lo-

191 628 365 680 quitur:
424 629 437 650 ‘
457 627 598 667 Curiae
645 627 826 667 duorum
868 640 1072 680 generum

190 697 312 731 sunt:
361 702 456 730 nam
490 696 536 730 et
563 691 635 730 ubi
657 698 859 732 curarent
877 693 1074 733 sacerdo-

188 758 255 794 tes
284 766 352 794 res
384 754 562 806 divinas,
593 756 726 796 curiae
760 756 906 806 dictae,
935 763 980 798 et
1000 758 1075 798 ubi

187 817 373 859 Senatus
392 820 613 871 humanas,
632 826 679 860 ut
713 821 844 861 Curia
871 822 1074 873 Hostilia,

191 893 318 934 quam
340 883 498 934 primus
531 884 624 924 Rex
660 884 870 924 Hostilius
890 879 1075 926 aedifica-

190 944 285 985 vit?
341 945 453 986 Haec
491 947 576 986 ille.
634 948 883 988 Notandum
929 956 1071 988 autem

189 1009 302 1061 quod
322 1010 509 1050 Senatus
536 1023 709 1063 semper
735 1012 779 1051 in
806 1012 912 1053 locis
931 1025 1074 1053 sacra·

193 1072 248 1112 tis
269 1082 516 1124 cogeretur.

245 1137 268 1187 ξ
291 1139 341 1175 19
368 1135 448 1176 Sed
466 1141 510 1176 ut
523 1138 740 1190 armorum]
769 1139 877 1179 Haec
899 1139 1075 1181 historia

189 1199 232 1238 in
253 1199 356 1252 ipsis
390 1201 573 1240 Caesaris
593 1204 912 1243 commentariis
945 1204 1073 1244 liabe-

191 1268 278 1303 tur.

240 1326 443 1379 Siderum]
472 1329 601 1371 Quod
621 1330 663 1369 in
684 1330 797 1370 sidus
818 1332 1073 1372 translatum

190 1391 371 1430 Romani
411 1404 504 1431 esse
545 1393 798 1445 credebant,
843 1402 1076 1446 propterea

190 1453 306 1506 quod
326 1467 422 1494 cum
452 1455 674 1507 Augustus
706 1456 910 1497 funebres
931 1459 992 1497 illi
1013 1460 1075 1499 lu-

192 1517 269 1556 dos
287 1516 466 1569 faceret,
484 1520 625 1560 medio
645 1520 715 1561 die
736 1523 860 1561 stella
880 1523 971 1562 visa
991 1529 1074 1574 est,

191 1592 316 1632 quam
339 1582 522 1621 Caesaris
541 1595 635 1623 esse
664 1584 903 1626 credidere.
946 1587 1073 1626 Unde

190 1643 428 1696 Virgilius:
476 1647 618 1686 ‘Ecce
652 1647 823 1687 Dionaei
862 1651 1075 1701 processit

189 1706 370 1748 Caesaris
397 1713 575 1759 astrum,
593 1709 769 1750 Astrum
798 1724 880 1763 quo
907 1717 1089 1763 segetes.

191 1771 461 1822 gauderent!
490 1774 640 1814 Oliver.

244 1835 417 1887 Divum]
444 1836 496 1876 Id
514 1845 595 1888 est,
613 1838 728 1879 inter
748 1840 861 1880 Deos
877 1842 1073 1884 relatum,

245 1899 486 1940 Nerviorum
523 1902 730 1956 impetum]
783 1905 934 1944 Nervii
971 1913 1073 1946 sunt

190 1961 346 2002 Galliae
383 1964 700 2018 OE‘ransaipinae,
746 1973 791 2007 et
828 1968 1075 2009 Germaniae

191 2027 352 2078 populi,
372 2027 446 2080 qui
478 2041 592 2069 nunc
624 2030 982 2082 Moguntinenses
1011 2033 1076 2072 di-

189 2097 359 2142 cuntur,
377 2098 439 2143 et,
469 2099 583 2134 teste
612 2096 863 2146 Plutarcho,
880 2097 1078 2138 densissi-

191 2167 281 2195 mas
311 2157 508 2197 incolunt
538 2159 695 2210 sylvas,
718 2160 791 2211 qui
825 2159 867 2198 in
901 2160 1077 2211 profun-

191 2219 365 2259 dissimo
394 2233 568 2261 nemore
598 2221 697 2261 filiis
736 2229 782 2261 et
815 2224 1079 2274 supellectili

190 2283 429 2335 collocatis,
462 2296 517 2323 ex
552 2285 775 2335 sexaginta
811 2286 978 2326 milibus
1024 2287 1078 2326 ad

192 2346 520 2398 quingentorum
595 2360 813 2387 numerum
869 2361 1078 2400 pervene-

194 2415 310 2460 runt,
328 2416 373 2450 et
393 2423 447 2450 ex
461 2411 661 2464 patritiiS,
680 2412 752 2464 qui
773 2412 1078 2464 quadringenti

191 2485 371 2514 numero
389 2481 528 2519 erant,
559 2481 648 2515 tres
678 2475 933 2527 superfuere
963 2477 1079 2516 inco-

193 2538 344 2579 lumes.
399 2538 565 2579 Animis
609 2538 717 2578 adeo
760 2539 986 2580 obstinatis
1034 2546 1078 2581 et

194 2601 571 2653 perseverantibus
624 2614 812 2654 pugnam
865 2603 1079 2643 sustinue-

192 2671 308 2717 runt,
348 2670 396 2706 ut
430 2667 668 2706 exercitum
708 2678 818 2718 pene
850 2666 892 2706 in
932 2665 1078 2718 fugam

192 2730 444 2782 coegerint:
474 2743 571 2770 nam
593 2742 718 2770 verso
738 2730 781 2769 in
798 2729 942 2781 fugam
961 2732 1078 2783 equi·

192 2799 302 2846 tatu,
322 2794 549 2846 septimam
581 2800 627 2834 et
655 2794 953 2842 duodecimam
973 2795 1078 2846 legi·

192 2869 294 2898 ones
314 2858 649 2908 circumvenere,
669 2863 716 2897 et
733 2858 953 2896 universos
977 2870 1076 2898 ceu-

191 2921 383 2961 turiones
401 2921 690 2960 trucidarunt.
747 2921 893 2960 Caesar
923 2922 995 2961 ubi
1019 2923 1079 2962 vi·

193 2983 259 3024 dit
296 2984 471 3024 territos
508 2997 607 3024 suos
649 2985 822 3035 cedere,
856 2990 903 3025 et
941 2985 1077 3024 aclem

195 3047 406 3099 inclinari,
433 3053 602 3087 scutum
633 3047 759 3088 militi
793 3049 962 3088 cuidam
983 3061 1077 3100 seg-

194 3111 287 3151 nius
321 3111 596 3164 timidiusque
635 3111 841 3162 pugnanti
871 3112 1078 3159 detraxit,

192 3185 328 3227 eoque
347 3180 491 3215 tectus
511 3177 554 3214 in
575 3173 914 3214 confertissimos
934 3175 1079 3216 hostes

195 3249 241 3277 se
259 3239 455 3288 contulit,
487 3237 633 3290 ibique
661 3236 838 3278 fortiter
867 3250 1078 3291 pugnans,

195 3302 432 3342 exercitum
472 3314 580 3353 pene
618 3302 831 3342 labantem
871 3303 1079 3354 restituit,

195 3366 442 3420 ingentique
464 3368 642 3407 victoria
677 3367 839 3419 potitus
873 3373 954 3408 est.
1013 3369 1080 3407 Ex

195 3428 278 3467 hac
298 3435 417 3470 tanta
440 3429 700 3470 Nerviorum
731 3430 986 3481 pertinacia,
1009 3431 1082 3482 qui

199 3490 281 3530 sibi
299 3503 463 3533 murum
483 3505 537 3533 ex
556 3493 836 3532 cadaveribus
866 3492 1082 3542 fecerant,

198 3559 344 3595 mitum
376 3563 443 3595 est
476 3557 766 3609 proverbium,
796 3557 1081 3598 Romanorum

1880 313 2023 365 1077

1141 443 1462 490 perseverantia
1483 442 1741 483 Nerviorum
1773 443 1945 483 tandem
1968 444 2030 483 vi·

1138 502 1199 541 cit
1230 505 1528 554 pervicaciam.
1561 507 1710 548 Oliver.
1767 507 2026 558 Nerviorum]

1140 565 1259 607 Quos
1288 568 1601 619 Tornacenses,
1629 582 1705 610 seu
1736 570 2027 609 Tornatenses

1138 629 1311 681 quidam
1344 632 1431 672 dici
1452 638 1621 685 putant.
1677 633 1748 673 Ita
1780 638 1826 672 et
1858 633 2023 672 Beatus

1142 692 1374 733 Rhenanus
1394 697 1628 737 existimat.
1687 696 1775 736 Alii
1796 696 1939 736 aliter.

1194 756 1424 809 Idem,&c.]
1464 760 1560 799 Hoc
1581 761 1768 812 contigit
1799 760 1884 801 alio
1914 772 2029 811 proe-

1138 820 1213 870 lio,
1233 821 1346 873 quod
1366 822 1407 860 in
1429 821 1579 862 Africa
1601 825 1733 874 gessit
1752 827 1903 864 contra
1934 822 2029 862 Sci·

1140 883 1309 934 pionem
1329 884 1479 936 Magni
1499 885 1698 936 Pompeii
1732 898 1947 936 socerum,
1974 885 2028 925 de

1139 959 1224 999 quo
1245 959 1375 998 supra
1395 948 1559 987 dictum
1580 953 1660 987 est.
1693 949 1845 988 Oliver.

1192 1011 1381 1062 Legionis
1394 1010 1580 1062 Martioe]
1606 1012 1677 1052 Sic
1695 1012 1756 1051 illi
1776 1013 1936 1064 legioni
1955 1025 2031 1053 no-

1137 1086 1236 1114 men
1257 1076 1536 1127 imposuerat.

1191 1138 1481 1192 Aquilz’ferum]
1513 1139 1746 1192 Aquilifer,
1767 1141 1810 1181 id
1841 1147 1923 1188 est,
1945 1142 2030 1192 sig-

1137 1200 1263 1242 nifer.
1318 1204 1498 1255 Signum
1518 1204 1630 1243 enim
1651 1205 1836 1254 legionis
1858 1204 2031 1257 Aquila,

1138 1277 1219 1306 nec
1238 1266 1318 1306 nisi
1340 1267 1464 1307 unius
1484 1279 1584 1318 una,
1603 1279 1684 1308 nec
1705 1268 1822 1308 Socii
1842 1268 2036 1320 quidem,

1139 1341 1235 1369 cum
1269 1331 1311 1369 in
1345 1330 1438 1370 aliis
1471 1343 1612 1382 pares,
1643 1343 1738 1370 eam
1767 1331 2032 1370 habuerunt.

1142 1393 1200 1433 Et
1234 1393 1333 1446 quia
1366 1394 1460 1434 liaec
1495 1394 1706 1446 praecipui
1740 1394 1912 1446 imperii
1945 1395 2034 1447 sig-

1139 1467 1258 1507 num,
1277 1455 1474 1507 subjungi
1493 1456 1571 1495 sub
1591 1468 1686 1495 eam
1706 1456 1857 1496 Socios
1886 1457 2034 1496 volue-

1140 1524 1257 1568 runt,
1277 1523 1323 1558 et
1345 1519 1530 1570 Auxilia,
1546 1532 1630 1559 non
1644 1531 1834 1559 seorsum
1852 1519 2031 1561 habere.

1141 1581 1296 1632 Itaque
1335 1593 1413 1633 per
1450 1582 1566 1633 ipsas
1604 1581 1786 1634 Aquilas
1831 1594 2032 1622 numera·

1140 1644 1246 1683 bant
1267 1645 1493 1696 Legiones.
1550 1643 1721 1697 Aquilae
1756 1645 1876 1696 origo
1912 1646 2031 1684 varie

1142 1708 1323 1758 petitur.
1355 1708 1393 1747 A
1413 1708 1524 1749 Jove
1542 1708 1715 1760 alii,qui
1736 1709 1844 1748 hauc
1865 1709 2033 1759 insigne

1139 1772 1307 1812 militiae
1334 1773 1549 1812 habuerit.
1607 1773 1796 1816 Quidam
1829 1786 1854 1812 a
1882 1773 2035 1824 Troja-

1140 1836 1221 1877 nis.
1279 1837 1411 1876 Forte
1434 1837 1613 1876 Romani
1635 1842 1892 1888 repererunt
1921 1849 1946 1876 a
1975 1848 2037 1888 se,

1142 1905 1217 1939 aut
1243 1900 1480 1940 vicinorum
1502 1900 1718 1951 exemplo.
1775 1899 1887 1939 Sane
1909 1911 2029 1951 rapa·

1140 1955 1253 2003 ciuin
1275 1964 1438 2016 aliquot
1458 1963 1704 2003 animalium
1731 1962 1894 2015 effigies
1916 1976 2035 2003 assu-

1140 2029 1198 2068 mi
1217 2035 1264 2068 et
1285 2028 1484 2080 praeferri
1512 2028 1628 2068 bello
1647 2029 1867 2080 convenit,
1896 2036 1941 2068 et
1964 2041 2034 2067 va-

1141 2093 1204 2133 rie
1224 2093 1323 2132 olim
1341 2091 1538 2132 fecerunt
1559 2093 1757 2133 Romani.
1796 2094 1893 2134 Nec
1916 2094 2033 2133 enim

1141 2157 1272 2196 solam
1306 2155 1504 2208 Aquilam
1536 2157 1671 2208 prisci
1704 2157 1782 2207 illi,
1802 2156 1878 2197 sed
1910 2158 2035 2209 plura

1143 2218 1354 2271 ejusmodi
1374 2219 1575 2258 animalia
1607 2220 1915 2271 praetulerunt‚
1935 2226 2036 2259 nata

1143 2283 1186 2323 in
1207 2295 1371 2335 pugnas
1393 2288 1467 2321 aut
1488 2289 1654 2334 raptus,
1684 2290 1732 2322 ut
1753 2284 1916 2336 Lupos,
1951 2283 2036 2323 Mi-

1144 2354 1365 2396 notauros,
1386 2347 1543 2398 EquoS,
1558 2345 1720 2398 Apros,
1738 2346 1915 2386 Porcos.
1943 2347 2038 2387 Eti-

1146 2424 1212 2450 am
1230 2411 1361 2462 prisci
1383 2410 1593 2450 Germani
1614 2409 1803 2449 ferarum
1825 2410 2033 2462 imagines

1144 2473 1259 2513 inter
1281 2474 1402 2525 sigua
1422 2473 1676 2512 habuerunt.
1735 2473 1909 2525 Aquilae
1932 2486 2036 2513 vero

1143 2538 1239 2578 haec
1257 2537 1446 2589 dignitas
1466 2538 1595 2576 etiam
1619 2536 1733 2588 apud
1755 2538 1860 2576 alias
1882 2543 2036 2588 gentes

1143 2599 1243 2641 fuit.
1276 2601 1418 2640 Persis
1439 2600 1584 2651 regale
1604 2600 1685 2639 hoc
1705 2599 1889 2651 signnm.
1932 2599 2037 2638 For-

1143 2677 1213 2704 ma
1232 2665 1436 2704 Romanae
1456 2663 1623 2715 Aquilae
1647 2677 1658 2703 ε
1704 2664 1865 2703 Pinnas
1887 2672 2037 2703 exten·

1143 2728 1251 2768 dens
1263 2740 1438 2767 summae
1456 2727 1590 2767 liastae
1605 2726 1848 2778 insistebat,
1861 2740 1914 2767 ex
1932 2740 2036 2767 auro

1143 2792 1214 2831 vel
1229 2797 1429 2842 argento,
1446 2798 1488 2829 et
1505 2788 1667 2830 fulmen
1689 2803 1804 2842 saepe
1826 2791 2035 2842 unguibus

1142 2855 1337 2904 tenebat,
1373 2853 1494 2905 quasi
1519 2854 1784 2904 jaculatura.
1839 2854 1924 2893 Sed
1953 2865 2037 2894 nec

1144 2930 1299 2970 corpus
1321 2917 1460 2969 ipsum
1478 2916 1649 2968 Aquilae
1671 2929 1886 2965 magnum.
1928 2918 2036 2957 Cum

1143 2982 1185 3021 in
1217 2981 1405 3021 hibernis
1438 2986 1557 3019 esset
1589 2978 1766 3032 Aquila,
1797 2980 1838 3019 in
1878 2979 2038 3019 sacello

1144 3058 1222 3085 seu
1242 3045 1425 3084 aedicula
1447 3044 1658 3095 reposita,
1677 3049 1808 3095 atque
1829 3044 1927 3083 inde
1946 3056 2035 3082 mo-

1144 3115 1204 3158 ta,
1240 3121 1336 3149 cum
1389 3107 1632 3148 educenda.
1707 3108 1941 3148 Enimvero
1991 3112 2038 3145 et

1143 3174 1242 3213 olim
1265 3174 1413 3213 Romae
1436 3171 1559 3222 signa
1576 3172 1617 3210 in
1638 3171 1815 3223 templo.
1855 3172 1911 3209 Et
1933 3182 2037 3209 sane

1144 3237 1339 3288 reposita
1353 3235 1463 3275 eain
1485 3234 1655 3284 aerario,
1671 3235 1833 3284 templo
1847 3232 2040 3280 Saturni,

1145 3297 1365 3350 religionis
1396 3309 1539 3347 cansa,
1572 3302 1618 3335 et
1651 3294 1859 3334 custodiae
1881 3307 1893 3343 ;
1937 3294 2038 3346 quia

1146 3362 1328 3414 pecunia
1346 3361 1402 3401 ibi
1420 3359 1597 3412 publica
1612 3364 1658 3397 et
1675 3363 1917 3408 argentum.
1946 3359 2038 3397 De-

1144 3425 1217 3477 figi
1242 3426 1373 3465 etiam
1395 3424 1439 3463 in
1457 3429 1616 3462 terram
1639 3421 1821 3472 solebat,
1843 3420 1971 3459 etiam
1991 3420 2036 3459 in

1147 3487 1242 3540 ipsa
1258 3499 1417 3539 pugna,
1430 3497 1525 3527 cum
1547 3483 1658 3522 eain
1674 3483 1769 3521 loco
1785 3488 1937 3533 staret,
1955 3495 2036 3526 nec

1147 3553 1444 3606 impelleretur
1474 3547 1628 3594 hostis.
1682 3546 1766 3586 Sed
1803 3552 1848 3586 et
1882 3547 1924 3589 in
1944 3559 2033 3590 cas-
