2346 3996
577 296 839 337 VALERu
881 295 1126 334 MAXIMI

222 418 409 471 Magnus
435 428 491 458 ex
507 416 611 457 urbe
637 428 732 456 cum
752 426 915 455 summa
932 413 1107 455 festina-

223 484 341 523 tione
359 487 405 522 et
423 481 618 521 exercitu
642 481 908 520 mitteretur.
965 479 1104 520 Quem

224 545 392 598 ingenti
435 548 529 585 arte
561 555 678 596 saepe
693 543 906 593 delusum,
934 548 980 582 et
1013 541 1105 582 acie

223 609 449 662 aliquoties
463 609 695 659 devictum,
707 607 923 648 Sertorius
937 607 1108 647 demum

222 673 513 723 contrivisset,
530 672 610 712 nisi
639 685 663 712 a
691 673 754 713 M.
778 673 1016 724 Perperna,
1036 671 1109 724 qui

221 750 364 783 secum
378 750 496 778 arma
507 737 803 789 conjunxerat,
817 749 893 789 per
904 736 1108 776 iuvidiam

221 802 518 855 conjuratione
531 801 665 852 facta,
679 802 720 841 in
734 815 857 842 coena
874 800 1027 842 fuisset
1046 800 1109 840 in-

222 872 475 918 teremptus.
503 866 590 906 Hie
609 866 741 918 igitur
754 878 847 905 cum
864 865 1108 915 Lusitanos,

221 930 375 983 quibus
389 929 683 982 imperitabat,
696 930 888 970 oratione
903 929 1109 968 inducere

222 1007 309 1035 non
334 1000 495 1048 posset,
524 1007 580 1035 ne
610 996 771 1035 vellent
788 1007 883 1035 cum
904 992 1109 1034 Romanis

221 1060 423 1101 universa
436 1061 528 1101 acie
544 1060 796 1109 decernere,
810 1061 1110 1111 (contumaces

222 1123 334 1164 enim
346 1123 616 1175 imperatoris
623 1124 793 1175 jussum
807 1135 892 1163 non
908 1129 1108 1175 expecta-

225 1187 345 1239 bant,
365 1188 439 1228 sed
483 1194 649 1228 temere
673 1187 925 1228 ferebantur
953 1187 996 1227 in
1012 1187 1109 1227 hos-

225 1249 328 1304 tes‚)
358 1251 403 1292 id
429 1251 668 1292 calliditate
705 1258 752 1292 et
778 1251 899 1292 vafro
931 1252 1109 1292 consilio

223 1313 446 1367 perfecit3
489 1327 587 1356 nam
621 1315 835 1356 advocata
888 1316 1112 1366 concione,

222 1391 318 1422 cum
339 1379 446 1420 duos
467 1392 596 1433 equos
616 1379 661 1420 in
693 1380 880 1420 medium
906 1381 1112 1433 jussisset

226 1442 399 1494 adduci,
419 1444 603 1484 alterum
622 1445 759 1484 macie
779 1444 986 1497 senioque
1011 1456 1110 1485 con-

226 1504 602 1556 fectum,alterum
631 1507 790 1549 fortem
824 1515 871 1550 et
908 1509 1109 1561 nitidum,

226 1569 460 1610 macilento
505 1571 693 1612 validum
730 1573 951 1624 juvenem,
1006 1571 1109 1613 forti

225 1645 371 1674 senem
399 1634 675 1687 imbecillem,
695 1642 740 1677 et
773 1637 874 1677 huic
906 1637 1110 1690 carptim,

223 1699 288 1741 illi
304 1713 388 1741 nno
407 1700 573 1753 impetu
593 1714 801 1755 equorum
821 1703 979 1744 caudas
995 1704 1110 1743 evel-

223 1764 314 1804 lere
341 1765 500 1818 jussit:
547 1766 661 1818 quod
692 1778 820 1819 quum
856 1766 1125 1817 adolescens&

221 1828 326 1869 totis
341 1829 501 1870 viribus
516 1824 697 1870 annixus
711 1828 871 1870 frustra
883 1835 1111 1882 tentasset,

224 1903 357 1933 senex
375 1893 582 1945 paulatim
608 1898 725 1934 setas
754 1893 982 1934 evellendo
1011 1907 1110 1935 cau-

224 1956 322 1997 dam
352 1956 544 1998 nudavit.
596 1958 703 1998 Tum
725 1958 957 2008 Sertorius,
974 1959 1110 1999 Vide·

224 2020 296 2071 tis,
340 2020 498 2074 inquit,
524 2023 851 2074 commilitones,
891 2024 1109 2076 ingenium

225 2085 323 2136 plus
341 2097 485 2138 posse,
505 2098 633 2139 quam
652 2087 780 2128 vires.
819 2087 976 2128 Omnia
991 2100 1109 2128 nam-

225 2160 310 2200 que
347 2149 484 2190 vincit
517 2150 711 2190 studiosa
741 2151 975 2192 sedulitas:
1026 2165 1111 2205 quo

224 2209 346 2252 facto
373 2211 557 2253 barbara
582 2225 702 2264 gens,
729 2214 851 2255 ferox
882 2222 928 2255 et
961 2222 1112 2257 contu·

226 2287 343 2328 max,
371 2275 626 2328 imperatori
655 2277 796 2319 facilis
817 2285 861 2320 et
894 2279 1014 2320 dicto
1035 2293 1110 2333 pa-

226 2351 327 2379 rens
356 2339 472 2381 facta
501 2347 583 2382 est.
639 2342 772 2383 Aulus
802 2343 969 2385 Gellius
999 2345 1111 2385 hunc

225 2404 309 2448 alio
329 2403 450 2446 vafro
481 2407 661 2448 consilio
690 2421 811 2448 usum
841 2407 973 2449 fuisse
1003 2409 1112 2450 dicit

225 2468 301 2509 lib.
337 2481 416 2511 xv.
453 2483 494 2511 c.
515 2474 582 2511 22.
623 2473 736 2524 quod
774 2478 822 2512 et
850 2473 1111 2513 Plutarchus

227 2531 412 2574 affirmat
440 2533 484 2574 in
515 2535 606 2575 vita
634 2536 840 2577 Sertorii:
871 2537 990 2577 illum
1029 2538 1110 2577 sci-

224 2599 332 2638 licet
359 2598 582 2639 candidam
613 2613 784 2642 cervam
817 2602 986 2642 eximiae
1016 2602 1110 2654 pul-

228 2661 485 2702 chritudinis
504 2668 552 2703 et
572 2665 850 2706 vivacissimae
872 2666 1111 2706 celeritatis

226 2738 252 2766 a
277 2725 484 2767 Lusitano
503 2729 686 2780 quodam
718 2730 802 2770 sibi
833 2730 945 2771 dono
964 2731 1110 2771 datam

224 2787 286 2829 ita
321 2789 675 2844 mansuefecisse,
712 2801 761 2834 ut
799 2799 846 2835 et
882 2801 1111 2836 vocantem

226 2854 474 2908 exaudiret,
495 2860 542 2897 et
569 2857 799 2898 vadentem
830 2864 1108 2912 sequeretur;

227 2925 444 2959 assuetam
492 2933 661 2974 quoque
707 2934 754 2963 os
802 2923 976 2963 auribus
1014 2923 1109 2976 ejus

225 2979 441 3021 interdum
488 2982 733 3036 admovere,
763 2985 882 3038 quasi
922 2999 1018 3026 cum
1057 2999 1111 3027 eo

225 3043 493 3097 loquentem,
530 3052 576 3087 et
614 3048 759 3088 arcani
791 3049 951 3102 aliquid
981 3063 1007 3090 a
1035 3063 1111 3090 nu-

226 3106 341 3148 mine
359 3109 658 3151 nuntiantem:
690 3123 788 3151 nam
818 3113 932 3152 illam
967 3113 1050 3153 sibi
1085 3126 1110 3153 a

225 3171 370 3212 Diana
388 3171 502 3212 dono
528 3172 674 3214 datam
697 3176 952 3217 simulabat:
983 3190 1010 3217 a
1027 3190 1111 3231 qua

227 3239 433 3288 tanquam
464 3237 633 3290 abipso
662 3239 835 3279 numine
863 3241 1110 3292 doceretur,

228 3298 332 3350 quid
366 3298 612 3342 faciendum
642 3308 716 3343 aut
750 3316 831 3344 non
863 3303 1110 3345 faciendum

229 3366 359 3403 esset.
431 3365 785 3419 Quotiescunque
821 3368 964 3408 hostes
1002 3367 1110 3409 fines

229 3423 460 3478 ingressos,
477 3432 552 3467 aut
570 3429 718 3469 urbem
739 3430 926 3483 aliquam
945 3432 1112 3483 cepisse

229 3487 400 3527 occulte
429 3498 722 3543 persenserat,
763 3493 926 3534 dictum
971 3494 1052 3535 sibi
1087 3508 1112 3535 a

230 3561 359 3591 cerva
391 3551 634 3608 simulabat,
652 3561 702 3596 ut
730 3557 877 3609 copias
907 3558 950 3599 in
984 3559 1110 3599 armis

1910 284 2042 337 1261

1168 414 1363 455 haberet.
1421 415 1601 466 Rursus,
1633 415 1668 454 si
1701 413 1881 455 victoria
1910 415 2053 468 aliqua

1171 490 1346 518 suorum
1367 478 1522 519 ducum
1556 479 1728 521 occulta
1755 478 2054 526 nunciabatur,

1172 553 1343 580 cervam
1363 540 1615 592 coronabat,
1634 549 1679 583 et
1708 542 1761 582 ab
1792 554 1845 582 ea
1864 541 1945 581 sibi
1966 543 2053 582 vic-

1172 606 1325 644 toriam
1359 607 1658 647 denuntiatam
1689 606 1824 647 fuisse
1863 607 2056 647 dicebat.

1172 669 1269 709 Hac
1304 669 1575 710 simulatione
1619 671 1824 711 barbaros
1858 669 1973 710 feros
2011 677 2056 710 et

1170 734 1403 775 indomitos
1423 734 1552 776 facile
1583 737 1701 777 dicto
1735 743 1937 790 parentes
1958 749 2056 777 esse

1170 797 1304 850 fecit3
1333 799 1482 839 literas
1504 814 1670 853 quoque
1690 802 1950 854 compositas
1979 815 2058 854 pro

1174 863 1285 903 veris
1306 864 1497 916 legebat,
1519 877 1712 906 somnum
1744 867 1992 920 simulabat,
2011 872 2058 908 et

1172 925 1304 967 falsas
1323 928 1552 980 religiones
1570 930 1836 972 conferebat.
1869 932 1976 973 Oliv.

1228 993 1251 1044 ᾗ
1269 995 1294 1031 7
1317 992 1466 1033 Fabius
1478 997 1607 1033 autem
1626 994 1848 1046 Maximus,
1866 996 1955 1048 &c.]
1975 995 2059 1036 Hic

1172 1068 1268 1096 cum
1283 1057 1663 1098 animadvertisset
1685 1059 1901 1099 Nolanum
1922 1072 2058 1112 quen-

1172 1121 1269 1162 dam
1300 1121 1578 1164 fortissimum
1608 1125 1789 1166 militem
1819 1131 1868 1165 et
1900 1137 2059 1176 genere

1173 1192 1454 1239 praestantem
1477 1187 1737 1229 defectionis
1758 1203 1783 1230 a
1802 1189 2059 1242 quibusdam

1174 1251 1383 1302 accusari,
1417 1264 1502 1292 non
1552 1253 1943 1305 animadversione,
1982 1253 2058 1294 sed

1176 1312 1298 1354 vafro
1337 1315 1518 1355 consilio
1563 1316 1645 1357 sibi
1698 1315 1975 1367 fidissimum,
2014 1321 2063 1356 et

1174 1379 1378 1420 Romanae
1405 1381 1539 1432 partis
1566 1387 1934 1435 propugnatorem
1962 1383 2061 1422 red-

1175 1442 1300 1483 didit.
1328 1442 1486 1484 Accito
1502 1445 1613 1485 enim
1634 1446 1723 1498 illo,
1746 1448 1886 1498 Nunc,
1906 1447 2062 1500 inquit,

1175 1519 1244 1547 res
1265 1519 1317 1547 eo
1336 1507 1615 1559 malignitatis
1631 1511 1843 1562 pervenit,
1858 1517 1906 1552 ut
1926 1510 2062 1551 duces

1175 1570 1229 1611 ad
1245 1572 1430 1623 gratiam
1449 1572 1692 1614 futurorum
1704 1574 1933 1615 ineundam
1949 1575 2061 1628 poti-

1174 1647 1225 1675 us
1245 1643 1518 1690 accusentur,
1537 1650 1665 1691 quam
1687 1651 1766 1691 pro
1800 1652 1947 1680 eorum
1975 1638 2061 1678 vir-

1176 1704 1271 1740 tute
1302 1700 1481 1742 honores
1514 1702 1831 1755 impertiantur.
1887 1703 2063 1744 Deinde

1175 1763 1296 1804 illum
1318 1766 1555 1817 accusavit,
1573 1766 1687 1818 quod
1707 1767 1824 1807 nulla
1844 1767 1887 1808 in
1905 1779 1952 1807 re
1973 1765 2065 1807 offi-

1176 1828 1290 1867 cium
1319 1829 1411 1881 ejus
1445 1835 1722 1881 exposceret.
1778 1831 1892 1871 Haec
1932 1843 2061 1884 quum

1176 1891 1376 1944 dixisset,
1393 1894 1603 1934 acerrimo
1631 1906 1743 1948 equo
1772 1895 1952 1948 aliisque
1971 1907 2062 1935 mu-

1176 1957 1351 1998 neribus
1385 1958 1503 1998 illum
1540 1961 1728 2011 ornavit,
1761 1958 1993 2013 effecitque
2014 1963 2064 1999 ut

1175 2021 1248 2074 qni
1277 2027 1408 2062 antea
1427 2028 1655 2075 suspectus
1685 2028 1815 2075 esset,
1835 2029 1939 2064 tunc
1958 2023 2064 2064 fide-

1175 2085 1375 2137 lissimus,
1393 2092 1438 2126 et
1457 2099 1557 2140 pop.
1578 2087 1706 2127 Rom.
1722 2087 2063 2128 studiosissimus

1177 2149 1441 2191 efficeretur.
1516 2150 1765 2191 Absurdum
1816 2151 1930 2192 enim
1968 2163 2064 2192 esse

1176 2215 1371 2268 dicebat,
1402 2230 1537 2270 equos
1578 2222 1625 2258 et
1662 2230 1794 2258 canes
1836 2218 2063 2258 venaticos

1176 2291 1279 2319 cura
1306 2280 1539 2333 hominum,
1575 2286 1621 2322 et
1667 2280 1980 2334 familiaritate,
2018 2287 2065 2322 et

1175 2343 1293 2384 victu
1314 2357 1631 2397 mansuescere,
1659 2344 1968 2399 feritatemque
1988 2345 2063 2385 de-

1176 2418 1354 2458 ponere,
1366 2409 1604 2449 hominibus
1618 2421 1721 2450 vero
1733 2409 2066 2462 imperiositate,

1174 2483 1258 2511 non
1279 2473 1418 2520 gratia
1445 2478 1491 2513 et
1519 2472 1850 2514 mansuetudine
1879 2472 2065 2512 rebelles

1176 2534 1340 2575 animos
1396 2536 1478 2575 sibi
1527 2536 1790 2586 conciliare3
1839 2536 2064 2588 asperiora

1175 2595 1372 2648 profecto
1426 2598 1769 2652 violentioraque
1820 2610 1930 2648 esse,
1967 2611 2064 2652 quae

1176 2661 1378 2713 agricolae
1398 2660 1565 2702 faciunt
1592 2663 1645 2702 de
1665 2662 1887 2715 caprifico,
1901 2674 1956 2703 ac
1973 2663 2065 2714 api-

1174 2729 1309 2775 astro,
1328 2726 1604 2778 oleastroque
1625 2738 1637 2775 ;
1667 2738 1765 2765 nam
1785 2726 1862 2765 lias
1891 2724 2066 2765 arbores

1175 2788 1218 2828 in
1241 2789 1373 2840 oleas,
1392 2788 1601 2843 ficusque,
1623 2802 1672 2829 ac
1703 2802 1833 2842 pyros
1859 2789 2065 2830 domesti-

1175 2863 1247 2891 cas
1276 2850 1464 2892 fovendo
1502 2852 1847 2907 blandiendoque
1885 2865 2065 2894 conver·

1176 2920 1287 2957 tunt.
1319 2916 1425 2957 Οῑὶυ.
1701 2921 1706 2924 “

1227 2980 1433 3022 Lucanum
1460 2981 1649 3034 equitem]
1680 2982 1916 3022 Cohortum
1947 2982 2064 3034 prin-

1176 3044 1296 3096 cipes
1329 3045 1443 3085 hunc
1471 3051 1804 3096 accusaverant,
1846 3045 1962 3098 quod
2009 3058 2064 3084 ex

1176 3108 1327 3147 castris
1340 3121 1385 3148 se
1401 3109 1651 3160 surripiens,
1666 3122 1718 3148 ex
1736 3109 1887 3149 ordine
1903 3108 2062 3148 disces-

1176 3181 1309 3214 serat.
1330 3174 1424 3215 Hos
1441 3175 1600 3215 Fabius
1620 3175 1875 3224 interrogat,
1893 3173 2062 3224 qualern

1175 3237 1288 3277 hunc
1330 3250 1426 3278 esse
1470 3238 1683 3278 bominem
1732 3235 2062 3276 animadvertis-

1177 3307 1290 3342 sent.
1328 3301 1687 3355 Approbantibus
1704 3300 1887 3349 cunctis,
1906 3305 1951 3340 et
1967 3300 2060 3351 ejus

1179 3377 1247 3404 res
1265 3371 1406 3417 gestas
1434 3365 1761 3414 extollentibus,
1792 3363 1952 3402 Fabius
1970 3363 2063 3402 dili·

1181 3434 1336 3481 genter
1362 3430 1606 3470 sciscitatus
1626 3427 1842 3467 discessus
1877 3431 1922 3465 et
1949 3437 2064 3467 erro·

1179 3493 1236 3532 ris
1271 3505 1460 3543 causam,
1496 3492 1569 3532 ubi
1603 3489 1813 3542 comperit
1847 3489 2062 3530 hominem

1179 3558 1310 3598 scorti
1346 3556 1568 3609 cujusdam
1612 3566 1758 3595 amore
1796 3560 2059 3606 correptum,

1169 297 1287 334 [AB.
1327 297 1436 335 vu.
1476 296 1615 336 cAP.
1640 283 1692 336 3.
