2332 4036
375 289 485 343 936

375 422 498 461 bulas
518 422 700 473 coleret,
729 427 775 463 et
806 423 1131 465 Atheniensium
1162 425 1259 465 reli-

377 485 574 537 gionibus
601 486 864 539 detraheret,
893 493 938 528 et
959 489 1116 539 pubem
1135 489 1259 529 sedu-

376 556 511 590 ceret.
566 550 676 591 Sunt
696 556 837 591 autem
858 551 932 604 qui
951 557 1156 604 asserant,
1185 554 1260 593 So-

375 618 538 654 cratem
554 614 811 665 praedicasse
826 626 952 654 unum
962 615 1094 654 solum
1104 616 1259 667 Deum,

375 689 495 717 more
530 678 793 719 Judaeorum.
850 680 918 719 De
948 679 1099 732 quibus
1128 681 1260 722 Juve-

376 741 515 780 nalis:
564 741 667 781 ‘Nil
706 745 868 794 praeter
904 743 1038 783 nubes
1078 750 1124 784 et
1161 746 1258 785 coeli

376 816 531 844 numen
552 804 765 847 adorant!
795 806 944 846 Oliver.

430 868 638 919 Phidiam]
684 868 862 910 Phidias
905 871 1137 911 statuarius
1175 872 1259 912 fuit

379 932 658 984 clarissimus,
679 932 858 973 authore
889 933 1157 975 Quintiliano
1185 935 1257 975 lib.

380 1006 465 1034 xn.
519 995 619 1035 Diis
641 1008 765 1049 quam
786 995 1028 1036 hominibus
1054 998 1257 1051 effingen-

378 1057 443 1097 dis
490 1058 649 1099 artifex
679 1060 844 1100 melior.
904 1060 955 1100 In
990 1061 1121 1101 ebore
1156 1075 1257 1102 vero

376 1120 505 1172 longe
524 1122 635 1162 citra
653 1124 868 1174 aemulum,
893 1126 960 1163 vel
989 1124 1024 1163 si
1058 1124 1161 1163 nihil
1179 1126 1258 1165 nisi

377 1184 621 1224 Minervam
638 1181 838 1236 Athenis,
858 1194 930 1227 aut
947 1187 1195 1240 Olympium
1217 1190 1259 1228 in

377 1243 668 1289 Elide‘Jovem
688 1248 879 1290 fecisset.
918 1252 1051 1302 CuJus
1074 1251 1257 1303 pulchri-

379 1308 485 1349 tudo
513 1310 723 1362 adjecisse
741 1312 900 1365 aliquid
921 1315 1048 1353 etiam
1071 1323 1261 1366 receptae

380 1373 579 1425 religioni
602 1375 792 1426 videtur,
811 1375 919 1415 adeo
939 1377 1140 1428 majestas
1159 1389 1261 1427 ope-

379 1435 437 1474 ris
457 1436 596 1476 Deum
630 1438 832 1490 aequavit.
888 1439 1067 1490 Verum,
1101 1445 1150 1479 ut
1182 1440 1263 1479 hoe

376 1502 473 1542 loco
508 1502 715 1554 innuitur,
759 1515 854 1543 cum
896 1504 1110 1557 laudatus,
1149 1505 1263 1558 quod

378 1565 621 1605 Minervam
660 1566 703 1605 in
741 1566 871 1607 ebore
909 1568 970 1608 sic
1011 1568 1263 1622 effinxisset,

378 1627 645 1682 dixissetque
655 1631 805 1670 melius
817 1631 859 1670 in
875 1643 1085 1673 marmore
1101 1633 1262 1686 effingi,

382 1691 496 1742 quod
530 1693 692 1732 candor
721 1693 762 1734 in
791 1707 1000 1735 marmore
1018 1697 1262 1738 diuturnior

379 1760 513 1806 esset,
542 1757 674 1808 (sicut
691 1769 842 1798 revera
863 1765 943 1805 est,
960 1773 1056 1799 nam
1076 1774 1263 1802 marmor

382 1829 466 1869 quo
476 1819 705 1871 vetustius,
721 1833 772 1861 eo
789 1822 1075 1874 splendidius3
1095 1830 1141 1864 at
1157 1824 1264 1865 ebur

380 1885 600 1922 vetustate
624 1895 823 1925 croceum
845 1887 1030 1927 colorem
1049 1888 1264 1943 att1·ahit,)

381 1944 586 1986 lubenter
622 1947 677 1988 ab
713 1947 1050 1990 Atheniensibus
1093 1953 1264 1993 auditus

385 2013 480 2049 est:
513 2014 559 2050 at
578 2023 675 2050 cum
701 2011 952 2063 adjecisset,
983 2014 1112 2054 etiam
1141 2016 1264 2056 vilius

367 2081 438 2109 ex
475 2084 701 2126 marmore,
741 2087 867 2126 quam
904 2089 957 2115 ex
994 2076 1121 2117 ebore
1156 2077 1265 2126 fieri,

382 2137 682 2187 tacerejussus
699 2143 783 2190 est,
798 2138 911 2191 quod
922 2140 1031 2179 male
1045 2141 1266 2181 videretur

383 2198 438 2238 de
452 2200 658 2250 religione
677 2200 1003 2243 Atheniensium
1012 2216 1204 2256 censere,
1217 2212 1267 2247 ut

382 2261 457 2314 qui
474 2262 678 2314 impensae
696 2271 927 2316 parcerent
943 2267 985 2306 in
1000 2268 1110 2308 Deae
1132 2269 1265 2320 cultu,

384 2326 500 2375 quod
520 2327 579 2365 illi
605 2328 782 2368 nollent.

442 2389 646 2441 Phidiam]
676 2390 809 2444 Atqui
826 2392 989 2432 Plinius
1006 2406 1060 2433 ex
1073 2393 1205 2434 ebore
1223 2401 1267 2435 et

386 2465 491 2494 auro
507 2455 719 2495 Minervae
732 2461 917 2497 statuam
937 2457 1089 2497 scribit
1107 2459 1266 2499 consti-

382 2516 502 2558 tisse.
546 2517 703 2559 Aureae
720 2521 913 2560 meminit
927 2522 1199 2573 Thucydides
1220 2530 1268 2563 et

387 2581 663 2634 Plutarchus,
678 2583 802 2635 cnjus
823 2584 866 2623 in
886 2584 976 2624 basi
996 2585 1174 2625 Phidias
1194 2598 1267 2626 no·

386 2656 486 2684 men
505 2657 626 2685 suum
641 2647 873 2699 scripserit.
903 2647 1083 2688 Ovidius
1104 2661 1268 2690 aeneam

387 2714 433 2748 et
474 2708 709 2749 eburneam
756 2710 864 2751 facit
909 2724 964 2751 ex
1007 2712 1149 2752 Ponto
1194 2713 1266 2755 lib.

390 2784 455 2813 lv.
486 2773 497 2793 ‘
512 2771 639 2812 Arcis
673 2779 720 2814 ut
739 2772 907 2814 Actaeae
931 2776 995 2814 vel
1017 2776 1180 2816 eburna
1199 2778 1268 2817 vel

389 2848 503 2875 aerea
538 2843 700 2890 custos,
740 2839 906 2879 Bellica
939 2840 1150 2881 Phidiaca
1183 2846 1270 2881 stat

388 2900 485 2940 Dea
535 2901 653 2952 picta
700 2901 863 2943 manu.’
907 2903 1089 2944 Strabo:
1138 2904 1214 2947 Καὶ
1249 2905 1270 2942 ὁ

388 2964 589 3016 Παρθενὼν
618 2964 640 3004 ὃ
676 2965 854 3014 ἐποίησεν
879 2965 1060 3019 ''Iter-tvos,
1090 2968 1131 3008 ἐν
1162 2967 1192 3019 ᾧ
1225 2968 1271 3008 τὸ

387 3028 459 3067 τοῦ
471 3029 614 3068 Φειδίου
638 3027 752 3081 ἔργον
771 3029 1030 3082 ἐλεφάντινον.
1061 3034 1188 3073 Celer.

443 3093 465 3144 ς
486 3096 510 3131 8
531 3092 765 3143 Diomedon,
785 3092 873 3145 Sym]
893 3094 992 3134 Hoc
1011 3107 1177 3148 quoque
1197 3109 1271 3136 ex-

388 3155 575 3206 emplum
594 3161 796 3206 servatae,
821 3168 905 3196 non
940 3159 1145 3210 neglectae
1176 3160 1273 3198 reli·

391 3218 527 3268 gionis
547 3225 629 3259 est.
687 3221 903 3261 Quocirca
926 3222 1135 3273 suspicari
1155 3223 1273 3274 licet,

391 3288 438 3320 ut
457 3283 626 3323 sublata
645 3282 818 3324 fuerant
839 3286 971 3324 multa
985 3287 1196 3338 exempla,
1211 3287 1272 3327 ita

392 3357 620 3396 perperam
642 3347 797 3387 locata.
854 3348 968 3390 Quid
990 3349 1103 3387 enim
1133 3350 1271 3389 minus

394 3409 617 3460 negligens
633 3411 849 3464 religionis
863 3412 955 3464 ipso
970 3412 1275 3464 Diomedonte,

394 3473 555 3525 qui,ne
587 3476 639 3514 ad
671 3483 850 3516 mortem
885 3477 1055 3529 quidem
1086 3477 1276 3529 proficis-

395 3548 515 3590 cens,
553 3550 642 3578 eam
679 3540 900 3592 negligere
942 3540 1115 3593 potuit?
1171 3542 1278 3582 Cum

966 306 1143 345 No'rAE
1184 305 1518 348 VARIORUM
1562 308 1626 348 IN

1323 425 1434 465 enim
1465 431 1616 466 contra
1647 430 1946 482 praescriptum
1975 430 2200 482 Magistra-

1322 494 1410 537 tus,
1438 489 1770 532 Atheniensibus
1789 506 1886 533 cum
1907 494 1998 533 aliis
2017 494 2198 535 ducibus

1321 550 1522 592 foeliciter
1549 552 1718 605 quidem
1750 562 1996 607 pugnasset,
2014 557 2068 596 ad
2087 570 2198 598 mor-

1324 619 1411 654 tem
1450 621 1593 656 tamen
1631 617 1859 658 damnatus
1905 626 2037 670 esset,
2083 621 2199 672 quod

1323 678 1553 730 Rempubl.
1571 680 1798 722 manifesto
1825 683 2061 722 discrimini
2089 695 2200 723 com-

1321 740 1522 792 misisset,
1547 755 1633 783 non
1652 745 1866 784 recusavit
1886 751 2065 785 mortem
2083 758 2095 795 ;
2124 745 2200 785 sed

1292 845 1299 847 s
1322 818 1452 846 unum
1471 806 1712 848 obtestatus
1732 814 1811 860 est,
1835 816 1883 850 ut
1910 815 2010 850 vota
2034 820 2113 862 pro
2136 822 2202 850 sa-

1322 870 1410 910 lute
1431 871 1647 911 exercitus
1665 885 1690 912 a
1706 885 1751 912 se
1770 879 2018 924 nuncupata
2044 873 2203 925 persol-

1320 939 1541 974 verentur.
1570 935 1738 975 Badius.

1378 995 1459 1040 Qui
1497 995 1713 1047 Arginusoe
1746 999 1880 1038 eadem
1919 996 2075 1049 pugno]
2127 998 2202 1039 Sic

1325 1057 1573 1109 Campensis
1624 1059 1790 1100 Codex.
1867 1060 1920 1100 In
1966 1061 2060 1101 aliis
2080 1074 2090 1101 :
2137 1061 2204 1114 qui

1323 1121 1455 1160 eadem
1470 1133 1620 1172 pugna.
1650 1123 1842 1175 Pighius.

1383 1184 1483 1223 Cum
1499 1184 1590 1233 ⁴iam
1622 1188 1674 1225 ad
1694 1186 1943 1232 „immeritum
1972 1187 2205 1238 supplicium

1324 1247 1552 1298 duceretur]
1563 1248 1637 1288 Ita
1650 1249 1902 1301 Campensis
1918 1250 2084 1290 Codex.
2105 1250 2210 1290 Vul-

1325 1322 1393 1361 go,
1419 1323 1506 1350 cum
1523 1312 1573 1351 ad
1589 1312 1785 1352 meritum.
1839 1313 1973 1353 Male.
2017 1313 2128 1353 Nam
2143 1313 2206 1352 in-

1325 1373 1455 1424 digne
1469 1386 1519 1413 ac
1536 1374 1694 1426 injuste
1709 1387 1805 1415 cum
1819 1376 1994 1427 collegis
2009 1377 2205 1427 praetori—

1327 1436 1407 1476 bus
1427 1437 1651 1478 damnatus
1673 1442 1719 1478 et
1737 1439 1901 1478 occisus
1923 1437 2007 1479 fuit
2032 1437 2206 1480 Diome-

1326 1498 1425 1539 don.
1454 1501 1579 1541 Idem.
2118 1543 2121 1545 a

1381 1563 1495 1603 CAp.
1514 1575 1568 1604 11.
1597 1565 1654 1616 §1
1685 1565 1819 1604 Numa
1833 1563 2072 1616 Pompilius]
2087 1563 2208 1604 Titu-

1325 1625 1390 1665 lus
1408 1625 1477 1665 hic
1496 1630 1611 1666 totus
1631 1632 1726 1666 erat
1753 1626 1964 1676 sublatus,
1993 1632 2068 1667 aut
2093 1626 2207 1667 forte

1325 1688 1633 1740 interciderat3
1665 1690 1740 1730 sed
1765 1696 1814 1730 ut
1845 1691 2039 1731 consulto
2069 1690 2209 1731 subla-

1327 1757 1417 1791 tum
1437 1758 1584 1803 putem
1604 1753 1646 1792 id
1667 1753 1788 1804 facit,
1816 1753 1930 1806 quod
1951 1754 2054 1793 nihil
2075 1754 2208 1806 magis

1328 1815 1579 1867 religionem
1609 1829 1636 1856 a
1666 1817 1809 1857 Numa
1827 1817 2069 1858 institutam
2089 1821 2208 1858 auto-

1327 1878 1459 1919 ritate
1490 1892 1541 1919 ac
1578 1879 1665 1921 fide
1705 1882 1862 1933 privet,
1895 1893 2024 1934 quam
2061 1880 2208 1922 dicere

1329 1943 1576 1983 simulatum
1594 1956 1688 1984 esse
1709 1944 1804 1996 ejus
1824 1957 1919 1985 cum
1933 1943 2101 1997 AEgeria
2113 1956 2214 1985 con·

1329 2017 1538 2056 gressum.
1594 2006 1641 2046 Si
1677 2007 1791 2047 enim
1829 2009 1972 2049 Numa
2011 2008 2212 2060 credidit,

1329 2080 1412 2108 non
1428 2069 1530 2109 satis
1551 2076 1732 2122 augusta
1750 2070 1842 2111 fore
1860 2073 2020 2124 populo
2035 2084 2129 2126 quae
2147 2073 2211 2112 in·

1329 2134 1492 2173 diceret
1513 2146 1650 2187 sacra,
1682 2136 1762 2175 nisi
1797 2137 1996 2177 Numinis
2027 2138 2210 2190 alicujus

1330 2196 1622 2237 intercederet
1641 2199 1876 2251 autoritas5
1898 2202 2077 2240 multum
2107 2200 2211 2241 fidei

1330 2260 1425 2311 ejus
1445 2260 1708 2313 detraheret,
1725 2262 1912 2315 quisquis
1932 2263 2115 2315 diceret,
2135 2262 2210 2303 fic-

1330 2324 1471 2363 titium
1492 2336 1586 2364 esse
1600 2326 1690 2377 ejus
1704 2325 1940 2366 inventum.
1995 2326 2213 2368 Quocirca

1331 2398 1427 2425 cum
1439 2387 1621 2427 Senatus
1633 2388 1940 2440 approbaverit
1959 2390 2212 2431 cremandos

1329 2449 1479 2501 libros,
1500 2451 1571 2502 qui
1592 2452 1744 2492 Numae
1760 2452 2011 2504 religionem
2025 2452 2214 2494 labefac-

1330 2519 1490 2563 tarent,
1528 2520 1687 2565 quanto
1723 2515 1857 2566 magis
1892 2516 2004 2557 hunc
2041 2517 2212 2557 titulum

1331 2579 1545 2618 censuerit
1563 2579 1811 2630 delendum,
1831 2580 1902 2632 qui
1920 2581 2073 2620 Numae
2092 2586 2212 2620 auto·

1332 2641 1505 2680 ritatem
1526 2641 1801 2682 detraxerit?
1857 2645 1926 2683 De
1956 2645 2038 2685 hoc
2069 2651 2213 2686 tamen

1333 2711 1574 2746 commento
1596 2708 1750 2748 Numae
1771 2708 1830 2749 sic
1850 2709 1954 2750 dicit
1973 2709 2118 2750 Livius
2137 2709 2212 2750 lib.

1333 2781 1368 2809 1.
1405 2769 1457 2809 ab
1494 2770 1613 2810 Urbe
1645 2771 1840 2811 condita:
1873 2771 1885 2793 ‘
1904 2771 2108 2812 Omnium
2127 2773 2215 2824 pri-

1333 2845 1447 2872 mum
1457 2845 1546 2873 rem
1560 2833 1612 2873 ad
1622 2835 1939 2875 multitudinem
1953 2835 2213 2887 imperitam,

1334 2905 1379 2938 et
1398 2898 1481 2937 illis
1506 2898 1677 2937 saeculis
1693 2899 1840 2938 rudem
1863 2897 2214 2950 efficacissimam,

1334 2962 1526 3002 Deorum
1542 2967 1700 3001 metum
1717 2961 1991 3013 injiciendum
2005 2968 2124 3003 ratus
2136 2968 2219 3013 est,

1335 3026 1423 3078 qui·
1440 3037 1535 3066 cum
1567 3025 1833 3066 descendere
1868 3025 1925 3066 ad
1946 3027 2107 3068 animos
2125 3029 2216 3068 sine

1335 3090 1479 3143 aliquo
1496 3089 1939 3145 commentobmiraculi
1957 3102 2040 3130 non
2059 3097 2216 3143 posset,

1335 3152 1507 3192 simulat
1523 3151 1604 3192 sibi
1618 3164 1713 3192 cum
1729 3153 1826 3192 Dea
1841 3153 2006 3204 AEgeria
2018 3166 2215 3206 congres-

1335 3228 1405 3255 sus
1425 3221 1655 3254 nocturnos
1676 3228 1789 3265 esse,
1809 3216 1902 3267 ejus
1927 3229 2024 3257 sese
2050 3220 2217 3260 monitu

1334 3292 1429 3332 quae
1448 3279 1748 3330 acceptissima
1779 3280 1875 3319 Diis
1904 3287 2052 3322 essent
2077 3294 2218 3334 sacra,

1334 3336 1588 3383 instituere!
1643 3344 1700 3382 Et
1731 3345 1858 3395 paulo
1889 3351 1986 3396 post
2008 3357 2018 3384 :
2050 3345 2063 3367 ‘
2079 3347 2217 3387 Lucus

1337 3412 1450 3458 erat,
1478 3419 1604 3459 quem
1634 3407 1820 3447 medium
1845 3420 1899 3448 ex
1930 3421 2067 3461 opaco
2084 3422 2217 3462 specu

1342 3470 1436 3511 fons
1455 3472 1631 3523 perenni
1658 3472 1826 3522 rigabat
1855 3485 1981 3525 aqua,
2011 3486 2094 3526 quo
2116 3475 2216 3526 quia

1343 3547 1387 3575 se
1410 3547 1602 3587 persaepe
1623 3536 1764 3575 Numa
1783 3536 1875 3576 sine
1896 3536 2068 3577 arbitris
2101 3538 2218 3578 velut
