2320 4004
300 294 439 346 1126

299 427 400 466 trib.
423 426 537 478 pleb.
555 425 813 466 intercessit.
864 423 1039 464 Marcus
1058 425 1166 466 Cato

287 491 465 531 “Censor
501 500 654 541 equum
683 488 722 528 ei
759 487 1001 538 ignominiae
1038 499 1168 528 causa

305 551 493 592 ademit!
522 553 671 592 Oliver.

353 617 482 667 Atque
495 616 582 655 ideo
594 629 618 654 a
633 613 838 654 consulein
854 613 1005 654 vincula
1017 614 1171 666 publica

300 679 389 717 duci
395 678 528 726 jussus
547 677 662 728 esset]
692 678 789 717 Non
805 690 829 716 a
847 679 1036 728 consule,
1055 678 1130 718 sed
1147 690 1172 717 a

301 748 486 792 praetore
500 740 703 780 Terentio
718 740 823 780 dicit
839 740 999 782 Livius.
1028 742 1171 783 Quare

304 809 531 853 praetorem
550 803 619 843 hic
646 804 841 844 Valerius
864 805 1078 845 consulem
1097 816 1171 857 ap-

303 865 465 914 pellare
485 865 669 906 videtur.
700 867 882 916 Pighius,

361 928 661 980 Decretumque]
688 929 998 982 Damnationis,
1012 931 1082 971 vel
1100 930 1173 971 ab·

303 990 535 1030 solutionis.

359 1054 436 1105 §9
478 1054 599 1094 Caius
637 1068 782 1107 quoq-ue
826 1058 1012 1097 Claudius
1045 1055 1175 1108 Nero]

305 1115 530 1158 Quomodo
561 1118 805 1159 Hasdrubal
831 1118 965 1160 frater
984 1119 1174 1160 Anniba-

302 1179 356 1218 lis
375 1179 418 1218 in
438 1179 580 1220 Gallia
609 1181 824 1233 Cisalpina
851 1182 962 1221 haud
982 1183 1131 1233 procul
1150 1195 1176 1222 a

302 1240 536 1282 Placentia
564 1243 717 1295 victus,
744 1250 790 1284 et
808 1255 904 1284 cum
923 1244 1086 1295 ingenti
1102 1256 1176 1284 ex-

308 1305 446 1344 ercitu
476 1316 611 1345 caesus
640 1306 786 1358 fuerit,
817 1307 994 1346 consilio
1013 1313 1059 1347 et
1076 1319 1177 1359 pru·

306 1367 452 1406 dentia
479 1368 645 1408 Claudii
678 1370 876 1419 Neronis,
909 1369 955 1409 in
996 1381 1092 1422 cap.
1120 1369 1176 1409 de

303 1431 483 1471 Fiducia
502 1432 663 1472 dictum
693 1439 775 1473 est.
831 1432 957 1476 Quod
985 1433 1040 1473 ad
1067 1434 1177 1474 bunc

303 1495 443 1534 locum
481 1495 686 1546 pertinet,
720 1495 922 1536 Claudius
958 1496 1095 1547 Nero,
1128 1500 1179 1536 ut

306 1556 390 1597 fuit
421 1569 560 1597 rerum
595 1563 809 1609 gestarum
839 1558 974 1610 gloria
1006 1558 1178 1612 quidem

304 1620 511 1667 illlustris,
544 1621 604 1660 sic
635 1621 761 1660 animi
788 1633 955 1674 quoque
987 1622 1178 1662 modera-

306 1683 425 1722 tione
463 1683 746 1736 conspicuus;
791 1688 914 1727 tanta
959 1685 1086 1735 enim,
1133 1690 1181 1725 ut

307 1745 412 1796 dixi,
431 1745 616 1786 victoria
636 1747 812 1789 consilio
832 1760 908 1788 suo
929 1753 1066 1800 parta,
1084 1760 1180 1788 cum

310 1808 487 1848 Romam
503 1815 680 1863 uterque
696 1811 844 1851 consul
860 1811 1074 1861 rediisset,
1089 1824 1181 1863 pos·

309 1873 590 1926 tulassetque,
602 1880 647 1913 ut
661 1886 738 1926 pro
755 1886 844 1927 rep.
858 1874 1032 1915 fortiter
1048 1873 1182 1915 felicl-

310 1940 463 1988 terque
479 1936 792 1988 administrata,
804 1938 954 1978 etDiis
969 1938 1184 1978 immorta-

312 2001 425 2042 libus
439 2002 834 2054 babereturbonos‚
851 2008 896 2043 et
910 2002 1014 2055 ipsis
1035 2003 1183 2044 trium·

313 2065 542 2117 phantibns
570 2066 718 2106 urbem
744 2066 851 2107 inire
870 2067 1039 2118 liceret,
1056 2067 1184 2120 idque

313 2128 394 2168 sibi
413 2131 530 2169 esset
547 2141 571 2168 a
591 2129 781 2181 patribus
801 2130 984 2182 benigne
1013 2142 1185 2170 conces-

314 2205 423 2243 sum,
444 2193 644 2234 Claudius
678 2207 729 2234 ea
761 2194 970 2235 modestia
987 2206 1087 2235 usus
1105 2201 1186 2242 est,

311 2262 362 2296 ut
394 2268 490 2297 cum
520 2256 738 2297 amborum
768 2257 940 2297 nomine
971 2258 1186 2310 supplica-

313 2319 376 2359 tio
413 2324 458 2360 et
495 2314 730 2372 triumphus
778 2319 948 2373 utrique
984 2320 1187 2361 decretus

315 2388 444 2434 esset,
464 2388 621 2433 tamen,
639 2383 738 2436 quia
767 2382 810 2422 in
840 2383 1058 2435 provincia
1078 2384 1190 2424 Livii

315 2458 383 2485 res
405 2453 527 2500 gesta
545 2452 673 2493 esset,
694 2452 737 2487 et
755 2458 807 2487 eo
821 2446 908 2496 die,
929 2458 1011 2499 quo
1030 2459 1190 2499 pugna-

319 2514 409 2548 tum
437 2507 566 2560 foret,
589 2510 681 2561 ejus
701 2507 814 2549 forte
834 2508 1069 2560 auspicium
1087 2508 1191 2548 fnis-

319 2577 402 2618 set,
435 2578 481 2612 et
509 2572 721 2612 exercitus
748 2571 949 2612 Livianus
980 2571 1190 2611 deductus

319 2634 496 2674 Romam
533 2634 701 2682 fnisset,
742 2647 841 2674 suus
887 2646 989 2674 vero
1034 2633 1192 2674 deduci

318 2707 401 2736 non
429 2697 649 2748 potuisset,
676 2698 814 2737 voluit
839 2702 886 2738 ut
918 2697 1065 2737 Livius
1093 2709 1193 2749 qua-

318 2759 452 2811 drigis
472 2760 763 2800 tantummodo
777 2760 1020 2810 veheretur,
1038 2760 1193 2812 ipsum-

320 2834 404 2875 que
423 2822 754 2874 triumphantem
787 2823 942 2863 milites
964 2834 1192 2875 sequeren-

321 2891 420 2935 tur3
455 2885 549 2937 ipse
587 2897 686 2926 vero
725 2887 814 2926 sine
844 2885 1047 2925 militibus
1084 2899 1194 2939 equo

320 2949 516 2990 invectus
536 2956 617 2990 est.
651 2950 720 2991 Ita
739 2950 1026 2991 consociatum
1046 2951 1196 2990 trium-

321 3013 449 3065 phum
480 3014 602 3053 unius
624 3012 916 3054 tantummodo
935 3025 1029 3053 esse
1050 3013 1197 3066 voluit,

323 3088 562 3129 quanquam
583 3077 674 3128 ipse
701 3076 859 3128 majore
888 3076 1024 3128 gloria
1052 3076 1196 3116 trium-

322 3139 536 3191 phaverit.
593 3140 704 3180 Nam
739 3140 896 3179 milites
929 3139 1021 3190 ejus
1053 3140 1197 3180 laudes

323 3213 476 3254 magna
500 3214 595 3243 cum
625 3202 855 3242 ambitione
886 3201 1197 3252 decantabant;

322 3266 442 3306 illum
475 3278 551 3306 sex
587 3265 751 3305 dierum
785 3265 925 3317 spatio
959 3265 1199 3305 decurrisse

324 3330 635 3382 longitudinem
666 3328 822 3377 Italiae,
849 3332 895 3368 et
930 3341 982 3368 eo
1013 3328 1084 3368 die
1105 3340 1198 3368 cum

326 3392 599 3433 Hasdrubale
631 3392 675 3432 in
705 3392 847 3433 Gallia
879 3391 1009 3444 signis
1038 3392 1201 3432 collatis

327 3468 555 3508 pugnasse,
590 3468 674 3509 quo
708 3467 804 3494 eum
833 3461 973 3495 castra
1001 3455 1201 3494 adversus

329 3530 421 3559 sese
442 3519 484 3560 in
507 3518 692 3572 Appulia
723 3518 862 3570 posita
885 3517 1044 3559 babere
1066 3516 1199 3558 Anni-

878 305 1054 343 NOTAE
1099 307 1421 347 VARIORUM
1464 309 1526 348 IN

1229 424 1298 464 bal
1330 425 1609 475 credidisset3
1645 426 1706 466 ita
1742 438 1870 466 unum
1889 427 2103 467 consulem

1229 500 1307 539 pro
1339 495 1519 540 utraque
1562 495 1685 541 parte
1723 490 1861 530 Italiae
1899 490 2104 530 adversus

1230 549 1335 589 duos
1366 550 1512 597 duces,
1546 552 1651 591 duos
1684 552 1984 604 imperatoreS,
2005 553 2105 594 hinc

1231 613 1453 653 consilium
1487 626 1623 666 suum,
1656 615 1755 655 hinc
1785 628 1938 668 corpus
1971 628 2104 668 oppo-

1229 676 1362 715 suisse
1377 691 1387 726 3
1402 688 1555 715 nomen
1576 679 1761 718 Neronis
1781 679 1884 719 satis
1901 677 2029 719 fuisse
2046 678 2102 718 ad

1229 739 1536 779 continendum
1574 740 1616 779 in
1651 741 1803 781 castris
1834 741 2106 790 Annibalem,

1231 801 1546 844 Hasdrubalem
1572 815 1671 842 vero
1691 804 1806 843 nulla
1819 804 1902 843 alia
1916 816 1963 844 re
1982 816 2108 857 quam

1234 865 1326 916 ejus
1348 865 1536 905 adventu
1568 866 1765 906 obrutum
1796 873 1926 919 atque
1946 868 2110 908 extinc-

1235 931 1323 968 tum
1357 940 1464 968 esse.
1522 930 1666 971 Quare
1703 929 1786 970 iret
1822 930 1933 970 alter
1960 931 2110 971 consul

1233 992 1402 1032 sublimi
1446 1006 1573 1033 curru·
1610 994 1860 1046 multijugis,
1897 995 1932 1035 si
1963 997 2110 1045 vellet,

1235 1057 1372 1107 equis,
1394 1055 1514 1095 unius
1549 1069 1659 1109 equo
1692 1069 1771 1108 per
1797 1058 1944 1098 urbem
1963 1070 2110 1099 verum

1235 1118 1493 1170 triumphum
1515 1120 1633 1158 vehi:
1675 1120 1943 1172 Neronisque
1962 1121 2117 1171 etiam,

1236 1181 1271 1219 si
1292 1182 1423 1233 pedes
1456 1182 1634 1232 incedit,
1665 1182 1732 1222 vel
1765 1190 1891 1234 parto
1918 1194 1970 1223 eo
1987 1182 2118 1232 bello,

1236 1245 1304 1283 vel
1324 1249 1470 1296 spreto
1502 1245 1730 1296 triumpho,
1759 1246 1935 1296 gloriam
1955 1257 2113 1286 memo-

1238 1307 1414 1346 rabilem
1435 1306 1558 1347 fore:
1588 1307 1632 1346 hi
1664 1318 1878 1347 sermones
1914 1313 2132 1359 spectum--

1237 1369 1343 1409 tium
1378 1371 1595 1410 Neronem
1621 1382 1756 1422 usque
1782 1370 1826 1410 in
1854 1370 2114 1423 Capitolium

1238 1432 1456 1483 persecuti
1480 1438 1594 1472 sunt.
1627 1433 1774 1473 Oliver.
2065 1464 2068 1466 Α

1293 1495 1439 1547 AEque]
1467 1496 1719 1550 AEqualiter,
1738 1501 1787 1536 ut
1800 1495 2047 1537 Salinatori.

1293 1558 1526 1609 Provincia]
1557 1557 1698 1598 Gallia
1713 1557 1946 1609 Cisalpina.

1295 1622 1317 1672 ξ
1347 1625 1397 1660 10
1430 1621 1529 1660 Cum
1544 1621 1709 1660 lustrum
1727 1619 1928 1671 conderet]
1957 1621 2116 1661 Censo-

1244 1696 1334 1724 rum
1357 1691 1467 1735 erat,
1486 1685 1599 1725 inter
1613 1690 1777 1725 caetera
1790 1696 1885 1737 quae
1901 1684 2120 1738 gerebant,

1243 1761 1415 1789 censum
1450 1748 1618 1798 facere,
1645 1752 1690 1790 et
1717 1748 1896 1788 lustrum
1915 1743 2117 1788 condere.

1243 1813 1256 1836 ‘
1275 1812 1475 1853 Censnm'
1489 1818 1628 1852 autem
1645 1812 1657 1834 ‘
1670 1810 1838 1862 facere,’
1850 1815 1946 1851 erat
1960 1810 2117 1851 Roma-

1245 1887 1391 1916 norum
1428 1875 1584 1916 civium
1615 1875 1757 1927 capita
1786 1873 2046 1925 describere,
2074 1880 2121 1915 et

1246 1938 1289 1978 in
1308 1939 1483 1989 classes,
1513 1950 1590 1990 pro
1608 1938 1815 1990 cujusque
1834 1936 1999 1989 opibus,
2018 1949 2119 1977 con-

1238 2003 1392 2053 jicere.
1445 2002 1529 2041 Sed
1550 1999 1759 2054 quomodo
1780 2001 1823 2040 in
1847 2000 2004 2040 classes
2022 2012 2121 2040 con·

1240 2065 1494 2115 jicerentur,
1528 2063 1629 2103 satis
1662 2075 1790 2115 supra
1821 2067 2013 2103 notatum
2040 2068 2122 2103 est.

1251 2129 1423 2168 Condere
1462 2139 1562 2167 vero
1598 2127 1778 2177 lustrum,
1814 2132 1926 2176 erat,
1971 2127 2122 2180 quinto

1250 2203 1419 2245 quoque
1458 2203 1567 2231 anno
1610 2191 1830 2231 civitatem
1870 2190 2122 2243 quibusdam

1248 2255 1511 2305 lustralibus,
1546 2255 1588 2294 id
1622 2259 1704 2302 est,
1739 2253 2029 2306 piacularibus
2057 2266 2124 2294 sa-

1250 2319 1421 2360 crificiis
1442 2331 1640 2371 purgare.
1704 2319 1892 2358 Lustrum
1911 2318 2040 2358 etiam
2060 2318 2125 2358 di-

1251 2384 1429 2424 cebatur
1474 2383 1604 2423 totius
1650 2382 1867 2422 exercitus
1913 2381 2127 2433 purgatio,

1252 2460 1348 2487 cum
1387 2451 1630 2496 censentur,
1662 2445 1704 2484 id
1738 2450 1819 2495 est,
1850 2448 2126 2484 numerantur

1253 2522 1412 2560 omneS,
1442 2514 1487 2549 et
1515 2509 1586 2562 qui
1617 2508 1670 2548 ad
1703 2520 1821 2548 arma
1844 2506 2024 2547 ferenda
2042 2519 2125 2547 non

1254 2579 1351 2613 sunt
1363 2572 1521 2623 idonei,
1534 2573 1645 2612 sicut
1661 2583 1795 2622 senes,
1805 2571 2014 2622 juniores,
2026 2582 2124 2622 pur-

1254 2641 1422 2687 gantur,
1455 2635 1498 2674 id
1529 2643 1610 2684 est,
1639 2633 1894 2672 educuntur.
1950 2633 2007 2672 Et
2026 2638 2126 2672 tunc

1253 2700 1413 2738 condere
1431 2699 1612 2748 lustrum,
1626 2695 1747 2735 finire
1767 2696 1946 2735 lustrum
1969 2695 2128 2747 signifi-

1255 2766 1342 2802 cat.
1373 2761 1522 2800 Oliver.

1316 2825 1462 2863 Censor
1487 2836 1573 2863 cum
1605 2824 1768 2862 lustrum
1796 2823 1988 2874 conderet,
2017 2822 2132 2878 inque

1256 2887 1368 2927 solito
1385 2887 1483 2940 fieri
1504 2886 1711 2939 sacrificio,
1740 2885 1866 2927 scriba
1890 2899 1941 2926 ex
1968 2879 2132 2938 publicis

1258 2951 1411 3002 tabulis,
1428 2950 1513 3003 ξω]
1547 2951 1713 2989 Damno
1734 2949 1881 2999 verba,
1897 2948 2012 2989 solito
2021 2948 2130 3002 fieri.

1259 3013 1317 3053 Et
1335 3014 1449 3066 jure.
1505 3013 1689 3053 Sordent
1720 3012 1847 3064 enim,
1876 3012 1959 3052 imo
1987 3019 2033 3052 et
2058 3010 2134 3051 fal-

1258 3076 1367 3116 lunt.
1424 3074 1492 3116 An
1514 3076 1621 3115 solet
1646 3075 1743 3114 olim
1763 3073 1856 3114 fieri
1874 3074 1917 3113 id
1950 3085 2134 3122 sacrum,

1259 3151 1342 3179 non
1375 3139 1536 3179 Valerii
1570 3140 1692 3179 aevo?
1747 3138 1840 3177 Imo
1869 3136 2000 3176 etiam
2030 3142 2132 3176 tunc

1259 3202 1302 3241 in
1340 3214 1433 3252 usu,
1461 3201 1655 3254 quotiens
1688 3199 1904 3240 conditum
1942 3198 2135 3238 lustrum.

1260 3265 1396 3304 Vetus
1437 3263 1608 3315 praeivit
1651 3261 1751 3301 mihi
1808 3261 1860 3300 ad
1904 3260 2135 3300 notabilem

1261 3327 1617 3376 emendationem,
1651 3325 1692 3363 in
1741 3335 1823 3376 quo
1873 3323 1985 3374 lego,
2021 3323 2137 3363 solita

1261 3390 1353 3429 viri.
1410 3390 1509 3429 Non
1531 3387 1718 3437 ambiges
1745 3391 1808 3436 tu,
1836 3386 1996 3437 optime
2026 3386 2135 3426 Cen·

1261 3466 1349 3503 sor,
1369 3453 1470 3505 quin
1499 3449 1725 3500 solitam-ili,
1750 3447 2022 3490 scribendum
2053 3448 2135 3487 sit:

1263 3514 1375 3570 quod
1408 3513 1659 3555 sacrificium
1699 3511 1916 3564 proprium
1954 3510 2137 3551 omnium
