2346 3996
843 308 1102 350 VALERH
1162 310 1412 350 MAx1M1.
1897 298 2043 352 1399

215 434 217 436 ’
288 419 416 477 1576
451 415 676 482 Lugduni
702 422 779 464 12.
805 431 919 463 cum
943 414 1378 463 Claud.-Mitalerii
1402 415 1546 464 notis..

218 522 221 526 ·
287 506 412 558 1577
452 497 668 548 Basileae.
696 504 740 546 8.
777 494 910 560 apud
940 494 1093 542 Henr.
1138 494 1282 554 Petri,
1308 511 1421 543 cum
1446 497 1595 544 Henr.
1622 494 2046 547 Glareani--auno—

133 624 145 636 ,
213 580 494 630 ultionibus·
563 577 769 641 Adjecta
796 583 908 625 sunt
933 575 1158 639 exempla
1181 577 1454 624 Christiana
1478 575 1756 624 multifaria.

214 686 220 691 ·
286 665 411 711 1581
450 676 478 708 a
501 659 670 723 Steph.
697 658 869 722 Pighio
910 666 959 706 et
985 656 1166 707 Claud.
1185 657 1429 705 Mitalerio
1448 657 1749 706 emendatus.
1797 657 2044 722 Lugduni,

213 739 348 804 apud
373 741 489 789 Ant.
519 739 819 804 Gryphium.
847 746 925 789 12.

286 824 414 870 1585
451 819 632 868 Valerii
692 818 897 867 Maximi
967 816 1210 865 dictorum
1262 814 1602 882 factorumque
1626 850 1632 855 -
1660 817 2046 867 memorabilium

211 900 324 950 libri
351 914 433 965 lx.
459 917 520 948 ex
553 917 654 949 rec.
691 900 863 964 Steph.
898 898 1072 962 Pighii,
1107 897 1474 960 cum-ejusdem
1502 906 1554 947 et
1583 899 1710 947 Justi
1747 900 1903 964 Lipsii
1941 900 2047 964 (qui

213 981 411 1030 duobus
437 982 562 1030 Mss.
589 988 638 1029 et
662 980 874 1045 antiquis
900 979 1016 1028 edd.
1041 995 1155 1028 usus
1180 979 1445 1041 est)·notis.
1514 981 1811 1045 Antver-piae.
1842 989 1886 1031 8.
1913 981 2047 1044 apud

215 1061 418 1126 Flamin.

283 1149 411 1198 1687
449 1142 625 1190 Valerii
670 1142 874 1190 Maximi
907 1142 1154 1190 dictorum
1189 1141 1536 1205 factorumque
1574 1140 2047 1189 memorabiliumssad

209 1221 460 1271 Tiberium
486 1224 613 1286 Aug.
639 1223 750 1271 libri
777 1238 857 1271 lx.
895 1239 923 1270 a
962 1223 1131 1286 Steph.
1163 1222 1333 1286 Pighio
1367 1232 1415 1270 et
1441 1222 1620 1272 Claud.
1649 1222 1893 1271 Mitalerio
1918 1221 2052 1270 resti-

210 1302 323 1351 tuti.
394 1304 624 1352 Accessit
669 1311 719 1352 et
766 1304 828 1352 de
877 1304 1180 1352 Praenomine
1227 1304 1399 1352 incerti
1428 1303 1662 1352 auctoris
1708 1303 2048 1367 fragmentum.

212 1382 456 1448 Lugduni,
482 1384 612 1448 apud
641 1387 759 1433 Ant.
786 1385 1080 1449 Gryphium.
1112 1394 1189 1437 12.

248 1482 251 1483 ’
284 1470 412 1523 1592
454 1465 626 1512 Valerii
667 1465 1052 1514 Maximi—libri
1080 1479 1163 1514 lx.
1187 1466 1388 1514 infinitis
1418 1465 1605 1513 mendis
1639 1482 1700 1514 ex
1725 1471 1940 1514 veterum
1965 1482 2048 1514 ex·

214 1544 503 1608 emplarium
528 1544 628 1594 fide
654 1547 922 1610 repurgati,
948 1554 1097 1611 atque
1119 1548 1167 1595 in
1205 1548 1449 1596 meliorem
1477 1547 1693 1595 ordinem
1719 1546 1935 1594 restituti*
1954 1564 2050 1611 vper

213 1624 386 1688 Steph.
412 1625 635 1689 Pighium
665 1628 1007 1691 Campensem.
1077 1628 1342 1677 Accedunt
1377 1628 1425 1675 in
1463 1627 1558 1696 fine
1597 1628 1819 1691 ejusdem
1845 1636 2049 1677 annota-

211 1705 371 1754 tiones
394 1706 444 1754 in
479 1707 588 1755 loca
612 1708 724 1772 plus
759 1725 905 1772 quam
934 1723 1103 1758 Dccc.
1152 1710 1276 1758 Item
1305 1709 1474 1756 breves
1495 1709 1782 1758 notaeJusti
1806 1708 1961 1771 Lipsii
1983 1708 2047 1756 ad

210 1785 418 1836 eundem
462 1788 763 1854 scriptorem,
790 1807 884 1838 non
922 1799 1033 1839 ante
1058 1790 1220 1838 editae.
1275 1790 1573 1853 Antverpiae,
1608 1789 1739 1852 apud
1772 1791 1853 1837 Jo‘.
1886 1788 2051 1836 Helvi-

210 1867 347 1916 dum.
383 1876 462 1918 12.
523 1870 532 1875 ’

276 1976 345 1985 --
380 1950 557 1999 Valerii
584 1951 962 2001 Maximi—libri
991 1966 1072 2001 lx.
1100 1969 1128 2000 a
1154 1953 1327 2017 Steph.
1354 1952 1527 2015 Pighio
1554 1958 1604 2000 et
1640 1950 1815 2000 Claud.
1853 1950 2049 1999 Mitale-

209 2028 282 2078 rio
306 2030 570 2080 Viennensi
594 2033 802 2081 restituti
827 2041 876 2082 et
899 2035 1142 2083 emendati
1163 2052 1174 2090 ;
1202 2043 1252 2083 et
1277 2052 1305 2082 a
1343 2034 1505 2082 multis
1543 2032 1923 2098 praecedentium
1945 2031 2049 2080 edi-

210 2111 608 2160 tionummendis
631 2115 893 2178 repurgati.
932 2115 1158 2164 Accessit
1182 2124 1226 2162 et
1250 2115 1312 2163 de
1331 2115 1631 2162 Praenomine
1651 2113 1821 2161 incerti
1839 2112 2049 2161 auctoris

201 2191 550 2255 fragmentum.
588 2193 831 2256 Lugduni,
858 2203 1005 2243 sumt.
1046 2195 1246 2260 Sybillae
1270 2212 1298 2243 a
1317 2197 1479 2244 Porta.
1515 2193 1870 2258 12.--Margini
1897 2194 2048 2241 rarius

210 2272 440 2337 ascriptae
466 2280 577 2321 sunt
601 2274 744 2322 variae
770 2274 1023 2322 lectiones.

284 2359 412 2411 1594
445 2371 555 2402 cum
583 2355 711 2403 notis
735 2355 905 2418 Steph.
934 2355 1087 2418 Pighii
1106 2361 1155 2403 et
1177 2355 1304 2403 Justi
1329 2355 1496 2419 Lipsii.
1541 2342 1839 2418 Antverpiae.
1866 2361 1912 2403 8.

277 2462 345 2472 —-
383 2451 493 2483 cum
521 2437 650 2483 notis
676 2436 833 2500 Pighii
857 2443 907 2484 et
932 2436 1097 2499 Lipsii.
1124 2437 1353 2499 Lugduni
1379 2437 1486 2484 Bat.
1515 2443 1560 2485 8.

283 2515 412 2570 1602
454 2534 568 2566 cum
603 2516 732 2566 notis
757 2518 929 2582 Steph.
956 2517 1117 2582 Pighii
1142 2525 1191 2566 et
1228 2520 1257 2567 J
1265 2519 1358 2566 usti
1383 2518 1555 2583 Lipsii‚
1582 2516 1716 2583 apud
1756 2518 1888 2565 Sam.
1916 2514 2044 2564 Cris-

209 2600 396 2666 pinum.
427 2607 503 2650 12.
942 2587 945 2595 ’

283 2679 429 2730 1605.
468 2679 694 2727 Venetiis.
723 2685 769 2727 8.
795 2697 854 2727 ex
884 2696 981 2727 rec.
1006 2669 1056 2727 et
1079 2696 1188 2727 cum
1217 2679 1343 2727 notis
1369 2680 1483 2728 Seb.
1511 2678 1732 2727 Corradi.

282 2759 411 2822 1608
454 2759 755 2822 Antverpiae.
791 2768 837 2810 8.
876 2777 935 2808 ex
971 2759 1256 2808 recensione
1289 2760 1463 2825 Steph.
1507 2759 1678 2824 Pighii,
1705 2766 1756 2807 et
1781 2774 1892 2806 cum
1919 2756 2044 2806 notis

211 2840 340 2890 Justi
366 2839 532 2904 Lipsii.
2048 2845 2058 2851 ·

283 2919 410 2981 1612
443 2938 504 2968 ex
531 2937 627 2968 rec.
655 2921 829 2984 Steph.
876 2922 1048 2985 Pighii,
1078 2939 1188 2971 cum
1226 2921 1444 2985 ejusdem
1483 2923 1615 2970 notis
1647 2922 1694 2969 in
1730 2921 1842 2981 fine,
1859 2930 1915 2970 et
1940 2924 2045 2971 bre-

210 3001 353 3050 vibus
377 3002 506 3049 notis
530 3002 660 3050 Justi
687 3001 856 3064 Lipsii.
886 3003 1128 3066 Lugduni,
1155 3004 1288 3066 apud
1318 3003 1514 3050 viduam
1540 2995 1669 3051 Ant.
1684 3003 1743 3050 de
1769 3003 1943 3066 Harsy.
1966 3010 2041 3052 12.

282 3081 413 3131 1614
449 3081 624 3130 Valerii
670 3082 871 3130 Maximi
897 3082 1143 3131 dictorum
1169 3083 1511 3147 factorumque
1537 3082 1918 3131 memorabilium
1934 3081 2042 3129 libri

209 3178 402 3212 novem.
440 3162 571 3210 Olim
599 3177 627 3208 a
651 3162 819 3225 Steph.
845 3162 1019 3227 Pighio
1043 3163 1320 3212 emendati:
1357 3180 1488 3212 nunc
1515 3181 1629 3212 vero
1662 3170 1777 3227 post
1810 3161 1961 3225 Lipsii
1993 3169 2043 3208 et

138 3272 140 3275 ·
209 3242 438 3293 Mitalerii
462 3243 762 3306 aliorumque
788 3243 1051 3307 spicilegia,
1075 3244 1138 3291 ad
1166 3244 1544 3292 vetustissimum
1570 3243 1698 3291 Petri
1723 3241 1935 3289 Danielis
1960 3258 2041 3288 ex-

209 3324 395 3388 emplar
432 3323 616 3382 collati,
645 3323 854 3387 adjectis
893 3324 1040 3372 etiam
1080 3323 1576 3372 animadversionibus
1611 3339 1642 3370 a
1682 3320 2035 3384 Christophoro

211 3402 406 3454 Colero.
455 3405 711 3463 Hanoviae,
736 3404 867 3470 typis
892 3404 1108 3455 Wechel.
1133 3405 1264 3469 apud
1286 3405 1503 3454 haeredes
1525 3405 1603 3452 Jo.
1629 3401 1818 3452 Anbrii.
1844 3403 1891 3448 8.
