2320 4004
503 296 768 339 VALERu
812 292 1051 334 MAx1M1
1096 294 1213 334 ΜΒ.
1255 294 1346 333 111.
1384 292 1518 332 cAP.
1542 279 1594 331 6.

196 418 264 471 §4
295 417 344 457 C.
375 419 505 456 autem
539 413 719 465 Duilius]
767 413 811 453 Is
846 411 1018 465 quidem

143 482 300 533 primus
318 480 457 520 navali
491 479 642 530 proelio
678 477 816 516 victor
846 488 901 516 ex
921 477 1020 515 Poe-

141 544 207 583 nis
225 542 482 594 triumphum
502 540 640 590 duxit,
667 540 742 580 sed
762 546 862 579 ante
882 539 1022 590 ipsum

139 606 297 647 bellum
326 605 476 644 navale
506 604 638 655 gessit
669 615 766 643 cum
800 602 1022 655 Carthagi-

140 668 370 710 niensibus·
393 668 556 719 Scipio,
592 667 664 720 qui
712 679 836 720 aequo
873 667 1020 706 Marte

138 732 363 773 discessit:
393 732 431 771 ei
452 731 608 771 deinde
627 731 835 771 successit
854 729 1021 782 Appius

139 794 358 846 Claudius,
387 795 458 846 qui
489 800 587 846 post
620 794 839 834 victoriam
862 807 956 835 cum
977 784 1021 834 i'n

138 858 322 910 patriam
343 858 523 906 rediret,
544 857 584 896 vi
609 858 766 897 subitae
788 861 1021 909 tempesta-

137 921 194 962 tis
213 920 453 962 exercitum
487 921 622 960 ferme
651 932 820 960 omnem
849 919 1016 964 amisit:

137 985 249 1037 quod
269 984 368 1024 ideo
387 984 470 1035 ipsi
488 983 722 1034 contigisse
743 986 900 1034 putant
917 994 1021 1021 non-

135 1048 255 1096 nulli,
275 1047 390 1101 quod
409 1047 616 1099 pullarem
637 1045 905 1096 disciplinam
921 1057 1020 1084 con-

138 1113 403 1165 tempsisset.
455 1112 560 1151 Post
585 1112 698 1150 hunc
720 1111 851 1162 igitur
870 1110 1019 1149 missus

137 1181 203 1216 est
240 1175 291 1216 C.
329 1174 518 1225 Duilius,
554 1173 626 1227 qui
661 1173 775 1213 intra
809 1183 888 1213 Lx.
925 1172 1019 1212 dies

136 1238 316 1279 classem
337 1244 508 1278 centum
530 1242 576 1277 et
597 1247 670 1278 Lx.
699 1236 871 1276 navium
901 1241 1023 1275 tanta

137 1301 367 1342 celeritate
399 1301 586 1353 paravit,
622 1306 673 1340 ut
710 1299 920 1340 creditum
953 1300 1024 1349 sit,

134 1376 314 1404 munere
358 1365 554 1404 Deorum
588 1363 764 1404 arbores
811 1363 854 1402 in
892 1374 1022 1401 naves

136 1425 271 1467 fuisse
306 1439 568 1478 conversas;
612 1439 697 1479 quo
728 1425 843 1466 facto
863 1424 1023 1465 machi·

136 1499 213 1528 nas
250 1488 380 1529 etiam
414 1489 612 1541 adjunxit
658 1487 836 1537 ferreas,
867 1486 1023 1539 quibus

138 1558 354 1593 catenatae
393 1565 524 1593 naves
562 1552 626 1592 ita
666 1557 850 1601 starent,
886 1556 935 1591 ut
979 1551 1023 1590 in

137 1615 374 1655 continenti
397 1628 591 1668 pugnare
611 1615 880 1664 viderentur,
899 1620 944 1655 et
962 1615 1024 1655 ita

137 1676 360 1718 commissa
379 1673 534 1729 pugna
548 1677 774 1717 victoriam
804 1677 1022 1728 egregiam

137 1743 395 1779 consecutus
441 1746 528 1788 est,
563 1744 609 1778 et
646 1739 794 1778 classis
835 1738 1022 1778 hostium

136 1801 295 1853 partim
329 1803 564 1853 submersa,
596 1802 751 1854 partim
773 1803 816 1841 in
836 1802 1023 1842 hostium

136 1872 392 1918 potestatem
407 1868 585 1908 redacta
595 1874 676 1918 est,
689 1879 744 1907 ex
758 1880 841 1920 quo
856 1868 909 1907 de
922 1868 1022 1907 Poe-

135 1931 201 1971 nis
230 1931 593 1984 speciosissimum
623 1931 716 1983 egit
746 1931 1022 1983 triumphum.

137 1993 278 2035 Autor
305 1994 359 2035 de
383 1995 476 2036 Vir.
513 1995 611 2036 Ill.:
640 1997 653 2018 ‘
675 1994 831 2047 Caius,’
868 1995 1025 2047 inquit,

137 2057 335 2099 ‘Duilius
368 2058 505 2110 primo
535 2059 704 2099 Punico
737 2058 851 2098 bello
873 2049 1024 2098 contra

137 2116 510 2173 Carthaginienses
543 2122 709 2171 missus,
736 2134 832 2161 cum
855 2121 1024 2162 videret

138 2195 214 2223 eos
233 2186 414 2225 multum
434 2185 539 2225 mari
566 2196 707 2236 posse,
727 2186 910 2225 classem
937 2197 1023 2224 ma—

138 2248 202 2299 gis
221 2249 401 2288 validam
423 2261 548 2302 quam
563 2248 763 2288 decoram
779 2247 1023 2299 fabrefecit,

139 2317 184 2352 et
202 2324 352 2352 manus
369 2311 534 2352 ferreas
551 2313 593 2351 in
615 2313 707 2351 visu
726 2312 909 2352 hostium
939 2312 1024 2364 pri-

138 2387 252 2415 mum
285 2375 489 2426 institnit,
527 2374 647 2427 queis
685 2374 798 2427 inter
836 2387 1026 2425 pugnan-

139 2437 240 2478 dum
260 2438 449 2478 hostium
477 2449 604 2476 naves
633 2436 936 2489 apprehendit,
953 2437 1026 2489 qui

138 2500 245 2541 victi
280 2505 325 2540 et
359 2500 478 2551 capti
522 2504 634 2540 sunt.
703 2500 892 2539 Himilco
939 2499 1025 2539 dux

137 2563 284 2604 classis
304 2563 612 2615 Carthaginem
640 2561 767 2613 fugit,
788 2567 834 2603 et
854 2575 877 2601 a
897 2563 1024 2602 Sena-

140 2631 188 2666 tu
200 2626 408 2679 quaesivit,
419 2626 517 2679 quid
535 2624 780 2665 faciendum
796 2632 1020 2666 censeret:

139 2689 335 2730 omnibus
372 2697 421 2730 ut
469 2695 687 2742 pugnaret
725 2690 1024 2742 clamantibus,

139 2753 256 2804 Feci,
275 2753 433 2806 inquit,
466 2759 510 2792 et
532 2753 672 2792 victus
704 2765 819 2792 sum:
851 2753 913 2793 sic
936 2766 1024 2804 poe-

137 2827 235 2856 nam
254 2816 395 2856 crucis
423 2814 591 2867 effugit,
612 2828 710 2856 nam
731 2816 846 2868 apud
867 2817 1026 2856 Poenos

139 2878 228 2919 dux
258 2892 305 2920 re
340 2880 451 2920 male
490 2885 614 2930 gesta
646 2886 785 2920 morte
819 2880 1025 2932 punieba-

139 2948 225 2986 tur.
251 2993 254 2995 Β
281 2943 430 2983 Duilio
464 2955 713 2983 concessum
747 2949 830 2993 est,
848 2950 896 2983 ut
914 2956 1026 2995 prae-

140 3005 326 3046 cedente
363 3003 500 3045 funali
537 3012 582 3046 et
621 3006 886 3056 praecinente
927 3007 1025 3047 tibi-

142 3069 238 3109 cine
273 3081 298 3108 a
331 3080 454 3108 coena
491 3068 662 3119 publice
701 3068 893 3108 rediret!
955 3070 1026 3109 Ci-

143 3142 245 3172 cero
279 3131 324 3170 in
363 3132 526 3172 Catone
564 3130 764 3182 Majore:
812 3131 1026 3181 ‘Caium,'

142 3193 299 3246 inquit,
326 3196 338 3216 ‘
356 3194 552 3235 Duilium
574 3194 712 3233 Marci
732 3193 893 3245 filium,
912 3195 1024 3247 quod

142 3256 300 3297 Poenos
333 3257 494 3308 primus
527 3258 663 3297 classe
693 3257 931 3308 devicerat,
960 3270 1027 3297 re-

146 3318 345 3362 deuntem
367 3333 391 3361 a
410 3332 532 3360 coena
549 3332 694 3359 senem
712 3331 828 3370 saepc
847 3319 1026 3360 videbat

146 3392 252 3432 puer
267 3394 298 3430 ε,
321 3382 622 3423 delectabatur
653 3383 804 3422 crebro
825 3382 960 3422 funali
979 3390 1027 3424 et

146 3442 336 3491 tibicine,
356 3447 468 3498 quod
490 3447 569 3487 sibi
586 3448 704 3487 nullo
720 3448 918 3498 exemplo
940 3447 1026 3499 pri-

146 3511 269 3547 vatus
295 3515 546 3562 sumpserat,
573 3515 741 3551 tantum
769 3510 810 3551 ei
838 3510 1025 3552 licentiae

1830 276 1971 331 1103

1083 411 1215 452 dabat
1234 411 1400 463 gloria!
1440 412 1488 451 L.
1509 419 1681 463 quoque
1701 408 1854 448 Florus
1873 414 1970 460 post

1083 482 1301 516 narratam
1335 488 1519 527 pugnam
1552 474 1770 514 navalem:
1802 473 1972 512 ‘Duili-

1083 537 1163 587 us‚’
1188 538 1342 590 inquit,
1375 542 1385 561 ‘
1408 539 1652 590 Imperator
1682 549 1764 576 non
1791 541 1972 576 conten-

1084 606 1154 641 tus
1185 601 1309 640 unius
1337 601 1423 641 diei
1458 600 1691 653 triumpho,
1725 611 1804 652 per
1837 599 1970 639 vitam

1083 677 1250 704 omnem
1266 665 1340 705 ubi
1355 678 1379 704 a
1395 678 1517 705 coena
1534 666 1712 717 rediret,
1732 663 1972 716 praelucere

1084 726 1262 778 funalia,
1282 728 1522 779 praecinere
1557 729 1638 768 sibi
1670 726 1973 779 tibiasjussit3

1084 791 1206 844 quasi
1235 791 1431 843 quotidie
1463 790 1779 844 triumpharet!
1822 790 1972 831 Oliver.

1137 854 1341 906 Fidicine]
1381 854 1434 894 Id
1469 859 1549 906 est,
1586 860 1767 894 canente
1796 853 1971 905 fidibus,

1083 917 1164 958 hoc
1186 924 1267 964 est,
1289 918 1460 958 chordis
1482 924 1718 969 praeeunte.
1737 911 1914 958 Badius.

1137 983 1161 1034 ς
1182 987 1205 1022 5
1227 983 1352 1028 Bene,
1366 982 1454 1034 δῖα]
1483 982 1595 1024 Quia
1610 982 1834 1022 devicerat
1852 983 1971 1021 Sam-

1082 1046 1212 1085 nites.

1137 1108 1278 1148 Monte
1307 1108 1482 1161 Albano]
1528 1108 1615 1149 Ubi
1645 1108 1812 1148 Latinae
1850 1107 1972 1148 feriae

1083 1172 1296 1212 celebrari
1351 1173 1564 1223 solebant,
1621 1177 1667 1212 et
1712 1171 1974 1213 incunabula

1084 1241 1209 1276 erant
1228 1237 1368 1288 gentis
1391 1238 1611 1276 Romanae.

1137 1300 1312 1351 Laurea]
1360 1300 1411 1340 Id
1434 1307 1518 1356 est,
1546 1301 1641 1340 loco
1661 1301 1820 1340 laureae
1853 1312 1975 1341 coro·

1085 1375 1166 1412 nae,
1181 1375 1263 1415 qua
1281 1363 1597 1414 triumphantes
1619 1363 1870 1404 utebantur.

1140 1426 1322 1479 Myrtea]
1363 1428 1460 1469 Qua
1491 1433 1672 1467 ovantes
1693 1427 1888 1467 coronari
1908 1439 1973 1467 so·

1085 1489 1250 1530 lebant.
1310 1532 1313 1535 ,

1142 1553 1165 1604 §
1184 1557 1210 1592 6
1238 1553 1343 1593 Item
1365 1553 1413 1594 C.
1430 1552 1577 1604 Marii]
1620 1551 1857 1592 Insolentia
1878 1565 1973 1592 car-

1087 1616 1204 1668 pitur
1225 1617 1369 1665 Marii,
1391 1617 1463 1669 qui
1482 1629 1578 1656 cum
1605 1616 1869 1656 debellasset
1895 1617 1976 1658 Ju-

1085 1680 1299 1732 gunnam,
1322 1681 1534 1731 Cimbros,
1561 1685 1688 1733 atque
1710 1680 1973 1726 Theutones,

1086 1755 1131 1783 se
1153 1745 1309 1784 Libero
1331 1744 1461 1795 patri,
1492 1743 1582 1795 qui,
1612 1748 1661 1783 ut
1695 1743 1757 1783 ait
1789 1742 1976 1792 Solinus,

1087 1807 1248 1858 primus
1285 1807 1451 1846 Indiam
1490 1808 1724 1857 ingressus,
1761 1805 1816 1845 de
1855 1805 1975 1845 Indis

1087 1871 1384 1924 triumphavit,
1421 1871 1604 1911 similem
1637 1883 1732 1910 esse
1770 1870 1976 1919 volebat3

1086 1947 1184 1975 nam
1205 1935 1410 1975 cantharo
1431 1934 1625 1987 potabat,
1644 1934 1742 1986 quia
1760 1934 1841 1973 hoc
1860 1932 1972 1972 vasis

1087 2011 1245 2050 genere
1267 1999 1470 2039 Liberum
1502 2004 1669 2049 patrem
1706 2009 1825 2036 nsum
1844 1995 1974 2036 fuisse

1086 2062 1252 2113 dicunt,
1269 2064 1338 2102 cui
1359 2075 1405 2102 se
1426 2062 1590 2102 Marius
1616 2072 1866 2112 comparare
1888 2072 1975 2100 non

1086 2124 1329 2165 dubitabat.
1376 2125 1427 2164 In
1446 2125 1560 2164 hunc
1580 2123 1892 2176 quodammodo
1911 2123 1974 2162 in-

1084 2189 1255 2228 vehitur
1272 2188 1438 2228 Plinius
1455 2189 1529 2228 lib.
1546 2198 1721 2227 xxxm.
1743 2186 1816 2226 ubi
1838 2187 1975 2238 loqui·

1086 2258 1157 2291 tur
1176 2251 1230 2291 de
1247 2253 1450 2292 Luxuria.
1507 2251 1630 2290 Dicit
1651 2251 1760 2289 enim
1780 2263 1791 2289 ς
1819 2250 1831 2272 ‘
1854 2249 1971 2291 Hinc

1087 2315 1237 2367 aliquis
1271 2321 1464 2354 veterum
1502 2315 1550 2354 C.
1572 2314 1738 2353 Marius
1769 2317 1867 2364 post
1885 2313 1974 2362 vic-

1088 2378 1243 2417 toriam
1265 2378 1525 2417 Cimbricam
1546 2377 1751 2417 cantharo
1785 2381 1978 2427 potasse,

1088 2442 1232 2482 Liberi
1253 2442 1408 2494 prioris
1439 2441 1654 2492 exemplo,
1683 2439 1882 2486 traditur,
1903 2440 1975 2480 ille

1087 2511 1231 2544 arator
1254 2504 1440 2555 Arpinas
1461 2509 1504 2543 et
1525 2502 1810 2554 Manipularis
1832 2501 1976 2554 Impe-

1088 2567 1232 2608 rator!
1265 2568 1416 2607 Oliver.
1475 2567 1672 2617 Contigit
1686 2565 1741 2605 A.
1762 2566 1813 2606 U.
1829 2576 1974 2606 Dan.

1145 2630 1366 2680 Canthara]
1393 2630 1635 2670 Cantharus
1655 2641 1728 2668 vas
1749 2629 1976 2678 vinarium,

1088 2706 1172 2746 quo
1202 2693 1386 2745 majores
1430 2693 1472 2732 in
1507 2693 1639 2732 sacris
1678 2691 1838 2731 Bacchi
1875 2704 1975 2732 usos

1087 2757 1220 2797 fuisse
1240 2758 1405 2804 dicunt,
1425 2762 1471 2796 et
1490 2768 1630 2796 ansam
1652 2755 1855 2795 habebat.
1885 2755 1978 2793 Un-

1088 2821 1142 2860 de
1172 2821 1379 2871 Virgilius
1416 2820 1456 2859 in
1491 2820 1671 2859 Sileno:
1719 2819 1732 2841 ‘
1754 2819 1813 2858 Et
1833 2818 1974 2869 gravis

1087 2883 1243 2924 attrita
1262 2883 1483 2935 pendebat
1502 2883 1732 2922 cantharus
1753 2879 1887 2920 ansa.’
1909 2881 1973 2920 Id.

1143 2947 1340 2998 Inclytum
1368 2959 1418 2986 ex
1436 2946 1538 2986 Asia
1556 2946 1695 2991 ducens
1714 2943 1975 2995 triumphum]

1086 3009 1286 3059 Indicum,
1301 3009 1343 3047 in
1355 3010 1462 3048 Mss.
1480 3009 1757 3060 legimuS,pro
1770 3008 1978 3059 inclytum.

1087 3071 1155 3110 De
1172 3071 1294 3111 Indis
1330 3071 1611 3122 triumphasse
1642 3071 1877 3119 Bacchum,
1910 3067 1974 3107 fa-

1088 3132 1199 3172 bulis
1262 3133 1495 3174 Poetarum
1552 3139 1621 3173 est
1686 3133 1972 3173 notissimum.

1087 3195 1276 3245 Pighius.
1406 3191 1408 3195 ’

1140 3261 1163 3312 §
1183 3263 1207 3300 7
1232 3261 1294 3300 Μ.
1307 3264 1438 3301 autem
1453 3262 1552 3300 Cato
1564 3259 1744 3310 Proetor]
1765 3258 1828 3298 M.
1841 3257 1973 3297 Scau-

1088 3322 1124 3361 ri
1147 3323 1359 3374 judicium
1396 3324 1497 3375 egit.
1553 3322 1791 3363 Accusatus
1828 3323 1972 3358 autem

1085 3386 1228 3426 fuerat
1249 3387 1579 3438 repetundarum
1609 3387 1789 3424 Scaurus
1807 3394 1832 3420 a
1851 3380 1973 3420 Tria·

1087 3450 1151 3488 rio
1180 3449 1470 3500 adolescente,
1491 3447 1602 3500 quod
1638 3456 1765 3484 avare
1799 3442 1972 3494 provin-

1087 3511 1455 3558 ciamSardiniam
1470 3508 1820 3549 administrasset.
1861 3505 1971 3544 Cato
