2346 3996
589 270 850 311 vAusRn
895 264 1677 315 MAXJM11AB.1x.cAP.7.

230 394 412 434 Causam
440 392 564 444 hujus
598 391 661 431 rei
690 389 788 430 vide
815 388 932 441 apud
954 387 1109 428 Hiero-

227 468 400 508 nymum
426 454 728 496 Mercurialem
757 452 866 492 libro
885 462 960 492 111.
987 454 1107 492 c.ll.

231 519 361 559 Coler-

281 581 392 621 CAP.
406 592 490 620 vu.
514 579 694 631 Togatoe]
707 578 910 629 Urbanae,
923 590 1018 631 quae
1029 578 1108 618 sci-

225 642 331 683 licet
350 643 394 682 in
413 642 518 683 urbe
538 643 756 683 concitata
776 640 924 681 fuerit.
959 641 1065 680 Oliv.

282 708 307 758 ᾧ
335 710 357 746 1
387 707 588 747 Adversus
616 705 738 756 leges]
778 705 891 746 Quia
910 704 981 743 lex
1000 709 1108 755 erat,

225 782 280 810 ne
301 772 396 823 quis
426 770 674 823 inquilinus,
713 768 786 821 qui
814 779 898 807 non
927 771 1043 806 esset
1063 766 1105 806 in

225 846 356 875 ceusu
377 839 423 874 et
442 834 587 886 aliqua
607 832 736 883 tribu,
751 837 895 884 posset
911 830 1106 870 tribunus

225 898 286 949 pl.
304 898 457 939 creari.
495 898 620 938 Idem.

279 963 316 1002 A
355 962 404 1006 C.
435 961 571 1001 Mario
594 959 765 1012 quietum
783 958 1020 1006 consulatum
1034 969 1104 1007 ge-

224 1023 352 1074 rente]
378 1023 451 1064 Ita
473 1024 622 1074 vulgo.
650 1023 790 1071 Lege:
819 1022 856 1060 A
886 1021 934 1059 C.
970 1020 1104 1059 Mario

221 1091 380 1128 sextum
395 1089 631 1127 consulatum
647 1089 822 1136 gerente.
898 1084 1031 1124 Error
1048 1096 1103 1124 ex

220 1154 417 1190 notarum
436 1150 559 1201 lapsu
574 1149 787 1201 provenit.
819 1148 977 1187 Marius
990 1148 1101 1188 enim

221 1212 265 1251 in
285 1219 407 1254 sexto
434 1213 660 1253 consulatu
680 1211 963 1264 Apuleianam
992 1212 1102 1251 sedi-

221 1278 383 1318 tionem
402 1283 468 1318 est
487 1290 654 1330 passus.
683 1278 804 1327 Pigra.

273 1341 296 1392 §
334 1343 361 1380 2
404 1341 573 1381 Censum
618 1340 810 1392 recipere]
867 1340 1101 1381 Detulerat

220 1404 420 1458 Equitius
468 1404 628 1445 Tiberii
677 1403 865 1444 Gracchi
912 1416 1102 1454 censum,

220 1476 422 1522 tauquam
457 1470 570 1511 illius
599 1468 711 1509 filius
732 1475 775 1509 et
792 1470 947 1519 haeres,
975 1481 1098 1522 quem

219 1533 441 1583 Metellus,
472 1533 572 1587 quia
606 1531 756 1573 falsum
794 1546 887 1574 esse
923 1533 1102 1583 sciebat,

215 1598 447 1639 admittere
468 1598 700 1638 recusavit.
725 1598 818 1638 Nec
838 1603 1005 1649 turpem
1028 1598 1100 1636 ho»

217 1663 372 1703 minem
402 1662 444 1702 in
473 1661 744 1703 nobilissimae
765 1661 941 1703 familiae
968 1674 1098 1702 censu

216 1737 309 1766 esse
329 1725 480 1776 voluit,
510 1725 671 1777 quippe
700 1725 771 1776 qui
799 1729 941 1775 autea,
958 1725 1098 1765 necin

215 1788 347 1839 tribu,
366 1801 446 1829 nec
467 1788 510 1828 in
526 1800 654 1829 eensu
670 1787 823 1828 fuisset
840 1788 940 1828 ullo.
988 1788 1096 1829 Oliv.

268 1854 291 1906 ξ
320 1856 346 1893 3
379 1853 532 1894 Vesana
559 1851 661 1903 hoec]
706 1853 961 1892 Mummium
981 1853 1098 1893 aSa-

213 1916 386 1957 turnino
421 1917 667 1958 tribunatus
702 1917 989 1968 competitore
1019 1929 1096 1968 per

213 1991 421 2020 summum
456 1979 607 2032 populi
639 1977 828 2019 furorem
860 1979 1096 2020 crudeliter

213 2056 371 2085 coesum
385 2043 535 2096 fnisse,
553 2052 599 2086 et
617 2044 668 2085 L.
684 2045 837 2085 Florus
864 2045 934 2085 lib.
954 2055 1028 2086 ιιι.
1048 2051 1094 2085 et

213 2108 367 2149 Cicero
403 2109 447 2148 in
481 2108 707 2149 Catilinam
742 2108 912 2149 Invect.
947 2119 1011 2147 ιν.
1048 2113 1094 2149 et

211 2171 284 2212 alii
313 2178 513 2214 auctores
541 2177 772 2213 testantur.
829 2172 930 2212 Fuit
947 2178 1092 2213 antem

212 2240 300 2276 tam
331 2246 491 2276 vesana
518 2234 690 2285 seditio,
718 2240 768 2275 ut
803 2234 916 2275 illius
944 2235 1091 2287 etiam,

211 2297 266 2337 ad
286 2308 390 2351 quas
423 2296 695 2350 confugerat,
729 2296 845 2336 a‘des
875 2309 1092 2349 expugna.

210 2361 343 2412 verit,
359 2365 408 2402 et
425 2365 666 2402 extractum
686 2361 849 2401 crudeli
880 2361 999 2402 caede
1020 2374 1091 2402 ne-

211 2425 391 2466 caverit.
427 2426 552 2466 Idem.

263 2490 435 2542 Populus
469 2491 572 2530 enim
604 2489 819 2541 Mumium]
847 2490 921 2532 Ita
947 2493 1087 2544 vulgo.

208 2551 264 2593 A.
296 2554 499 2595 Numium
531 2560 661 2595 vocat
689 2555 835 2594 Livius
864 2556 937 2596 lib.
959 2568 1088 2599 ιΧιΧ.

209 2622 256 2658 et
274 2617 404 2659 Oros.
423 2618 499 2658 lib.
521 2631 566 2658 v.
586 2631 684 2671 cap.
704 2623 772 2659 17.
813 2621 979 2661 Cor-rad.

262 2683 285 2734 §
313 2685 339 2722 4
371 2682 619 2722 Creditorum
631 2695 789 2735 quoque,
806 2686 895 2737 85c.]
921 2686 1086 2726 Civitas

206 2750 391 2798 propter
408 2745 623 2798 imperata
654 2747 820 2788 tributa
844 2761 901 2788 aes
922 2750 1086 2801 grande

205 2813 499 2857 contraxerat,
534 2809 603 2849 cui
634 2810 838 2850 solvendo
874 2823 970 2851 cum
1002 2824 1086 2852 nou

205 2871 309 2911 satis
342 2877 472 2922 esset,
509 2878 554 2913 et
586 2874 826 2914 creditores
860 2875 1085 2928 instarent,

203 2934 479 2993 Sempronius
491 2941 668 2988 praetor,
682 2937 956 2979 miseratione
971 2952 1085 2980 com-

205 3002 362 3049 motus,
393 2998 637 3039 debitorum
674 3012 846 3041 causam
885 3014 1084 3054 suscepe-

204 3066 286 3110 rat,
312 3074 494 3115 eamque
522 3061 708 3103 fovendo
727 3064 944 3106 tuebatur.
991 3066 1084 3106 Foe-

203 3131 440 3177 necatores,
476 3138 656 3178 qnorum
690 3127 756 3167 vis
788 3138 943 3180 magna
974 3135 1086 3179 erat,

203 3187 428 3241 indignati,
455 3196 501 3229 et
530 3202 554 3228 a
585 3190 634 3229 L.
662 3190 811 3230 Cassio
833 3191 1002 3231 tribuno
1021 3193 1083 3243 pl.

202 3253 387 3304 incitati,
416 3259 644 3306 praetorem
677 3261 779 3295 aute
808 3255 945 3295 aedem
970 3256 1084 3297 Con-

205 3315 360 3356 cordiae
379 3316 692 3358 sacrificantem
714 3318 872 3368 adorti,
902 3319 955 3359 ab
975 3320 1082 3359 alta·

204 3377 322 3431 ribus
349 3378 578 3432 profugere
607 3381 863 3434 coegerunt,
891 3387 936 3421 et
965 3381 1083 3422 intra

202 3439 478 3483 tabernacula
522 3444 764 3485 latitantem
811 3445 1078 3486 occiderunt.

207 3503 312 3544 otiv.

1911 263 2053 317 1351

1233 389 1511 440 Tabernaculo]
1526 390 1688 442 Tegete
1709 400 1762 429 ex
1781 388 1939 430 tabulis
1957 404 2055 432 con-

1176 457 1311 492 texta.
1340 453 1447 493 Bad.

1225 516 1388 556 Μιιιτ.
1415 516 1542 556 Rom.
1598 518 1620 568 ς
1652 520 1672 556 1
1707 517 1806 556 Cum
1828 518 1875 558 C,
1898 518 2052 569 Mario]

1172 578 1355 629 Marius,
1376 587 1473 630 post
1492 581 1659 631 Gallos,
1676 581 1888 631 Cimbros,
1915 582 2053 622 Theu-

1174 649 1310 692 tonas,
1330 643 1605 697 Senonesqne
1634 644 1848 697 devictos,
1869 658 1964 686 cum
1987 657 2054 685 re-

1171 706 1395 758 quiescere
1433 709 1548 748 nullo
1585 710 1711 749 modo
1746 716 1906 762 posset,
1938 711 2053 763 quod

1171 771 1374 810 virtutem
1407 783 1524 811 suam
1555 773 1644 813 otio
1663 780 1708 814 et
1728 775 1931 827 languore
1951 787 2053 816 cou-

1169 836 1275 875 sumi
1311 836 1493 887 vidoret,
1522 839 1736 879 simulavit
1762 853 1814 880 se·
1832 842 1943 881 velle
1962 853 2055 881 ma-

1170 899 1226 938 tri
1265 899 1408 939 Deum
1438 900 1482 939 in
1513 902 1788 953 Cappadocia
1819 913 1919 944 vota
1952 917 2049 956 per-

1168 963 1358 1010 solvere3
1389 975 1492 1002 vera
1520 970 1663 1004 antem
1695 968 2051 1019 peregrinationis

1168 1038 1299 1065 causa
1315 1024 1414 1076 fuit,
1429 1032 1477 1066 ut
1493 1028 1791 1069 Mithridatem
1812 1043 1912 1082 pop.
1927 1033 2052 1073 Rom.

1167 1094 1414 1140 suspectum
1445 1088 1499 1129 ad
1534 1090 1688 1130 bellum
1720 1091 1937 1144 incitaret,
1964 1106 2050 1146 quo

1167 1164 1263 1191 cum
1295 1153 1493 1200 venisset,
1533 1153 1595 1193 ita
1623 1155 1923 1196 Mithridatem
1945 1158 2051 1198 allo-

1166 1223 1309 1254 cutum
1330 1214 1462 1256 fuisse
1483 1216 1659 1258 dicunt:
1691 1219 1731 1259 Ο
1753 1220 2050 1274 Mithridates,

1166 1293 1434 1333 quaecunque
1479 1281 1559 1320 tibi
1606 1283 1787 1334 populus
1829 1284 2047 1325 Romanus

1165 1345 1366 1396 imperat,
1390 1346 1457 1385 vel
1478 1346 1612 1386 tacite
1641 1358 1872 1400 exequere,
1902 1350 1970 1389 vel
1991 1349 2048 1389 da

1165 1413 1425 1458 operam,ut
1454 1409 1528 1448 illo
1562 1410 1757 1461 superior
1789 1411 1860 1453 sis.
1916 1412 2046 1454 Hanc

1164 1483 1312 1511 vocem
1332 1485 1356 1511 a
1377 1473 1470 1512 viro
1492 1473 1663 1523 privato
1684 1480 1770 1514 tam
1798 1474 1934 1516 libere
1955 1477 2045 1517 edi-

1163 1538 1251 1573 tam
1283 1532 1516 1574 admiratus
1550 1548 1625 1575 rex
1660 1535 1818 1576 bellum
1838 1539 2043 1579 adversus

1163 1611 1263 1649 pop.
1287 1600 1406 1639 Rom.
1428 1599 1508 1639 sibi
1536 1599 1705 1640 omnino
1725 1602 2043 1654 suscipiendum

1162 1673 1255 1700 esse
1271 1662 1512 1702 constituit.
1566 1662 1783 1704 Reversus
1799 1666 1840 1705 in
1859 1668 2042 1718 patriam

1161 1724 1343 1775 Marius,
1388 1726 1520 1766 Ponti
1564 1727 1828 1777 provinciam
1877 1743 2042 1771 summo

1162 1788 1304 1828 studio
1350 1795 1396 1829 et
1456 1790 1687 1830 ambitione
1747 1792 2042 1845 deposcebat;

1160 1864 1254 1905 quae
1291 1853 1439 1906 Syllae,
1477 1854 1576 1905 quia
1605 1856 1752 1895 consul
1783 1863 1914 1909 esset,
1943 1871 2040 1900 cum

1159 1916 1336 1956 decreta
1371 1916 1500 1967 foret,
1537 1919 1747 1970 Sulpitius
1784 1920 1885 1961 trib.
1923 1922 2040 1974 pleb.

1158 1982 1386 2031 aegerrime
1417 1981 1546 2030 tulit;
1587 1987 1631 2021 et
1651 1994 1747 2022 cum
1769 1983 1875 2023 alias
1895 1986 2040 2037 perni-

1157 2044 1294 2084 ciosas
1311 2045 1427 2097 leges
1444 2045 1628 2096 tulisset,
1647 2050 1695 2086 ut
1705 2046 1873 2088 scilicet
1887 2050 2038 2090 exules

1157 2111 1482 2157 revocarentur,
1503 2113 1551 2147 ut
1571 2108 1669 2147 novi
1690 2109 1805 2149 cives
1829 2110 2038 2152 libertini-

1155 2183 1237 2223 que
1277 2170 1637 2211 distribuerentur
1667 2172 1710 2211 in
1746 2174 1897 2226 tribus,
1925 2175 2036 2216 hanc

1154 2246 1320 2287 quoque
1341 2234 1454 2284 tulit,
1475 2240 1521 2273 ut
1539 2234 1706 2274 Marius
1730 2236 1932 2278 adversus
1951 2238 2036 2278 Mi-

1154 2299 1389 2339 thridatem
1416 2299 1546 2338 Ponti
1576 2310 1718 2351 regem
1752 2301 1838 2340 dux
1868 2313 2035 2342 creare-

1154 2368 1251 2412 tur;
1286 2363 1478 2415 illudque
1499 2369 1672 2403 senatus
1693 2363 1934 2417 decretum,
1950 2377 2034 2418 quo

1153 2428 1283 2479 Syllae
1330 2427 1554 2479 provincia
1599 2427 1822 2479 designata
1862 2427 2031 2480 fuisset,

1151 2491 1486 2532 rescinderetur.
1541 2491 1639 2533 Qua
1657 2491 1700 2531 in
1720 2502 1767 2532 re
1795 2504 1891 2532 cum
1919 2493 2032 2532 sedi·

1153 2557 1214 2597 tio
1262 2556 1448 2596 maxima
1493 2555 1774 2607 excitaretur,
1822 2556 2032 2608 Sulpitius

1149 2619 1423 2660 Saturninum
1436 2618 1630 2658 omnibus
1640 2623 1914 2670 praestantem
1925 2632 2034 2672 prae-

1151 2682 1354 2731 dicabat3
1383 2683 1465 2722 hoc
1484 2694 1568 2722 uno
1587 2687 1756 2722 tantum
1776 2683 1890 2723 illum
1911 2683 2032 2724 dam·

1147 2745 1298 2794 nabat,
1328 2745 1442 2798 quod
1478 2745 1652 2786 timidus
1680 2746 1920 2787 videretur:
1952 2747 2029 2788 sed

1148 2809 1220 2848 ille
1250 2813 1354 2848 tunc
1382 2819 1430 2848 se
1458 2808 1775 2860 magnanimum
1811 2809 2029 2859 ostendit;

1148 2885 1244 2912 nam
1265 2877 1486 2912 trecentos
1515 2873 1671 2912 milites
1697 2872 1904 2924 habebat,
1922 2886 2028 2926 quos

1147 2935 1496 2987 ἇντισυγκλὴτους,
1509 2936 1550 2975 id
1581 2943 1665 2988 est,
1678 2932 2030 2991 *contra-senatores,

1146 3000 1411 3052 appellabat,
1432 3000 1586 3053 quibus
1607 3001 1692 3041 vim
1710 3001 1952 3042 consulibus
1967 3003 2024 3044 Q.

1146 3064 1355 3115 Pompeio
1389 3070 1435 3104 et
1467 3064 1611 3115 Syllae,
1641 3064 1740 3104 huic
1768 3065 1927 3105 actioni
1958 3076 2027 3103 re-

1147 3127 1414 3177 sistentibus,
1445 3134 1540 3167 cum
1573 3128 1805 3179 intulisset,
1831 3133 1876 3166 et
1912 3139 2023 3168 caeso

1129 3190 1343 3251 ⁹Pompeii
1363 3191 1547 3230 consulis
1566 3189 1670 3241 filio,
1701 3202 1859 3242 genero
1876 3190 2023 3241 Syllae,

1145 3253 1188 3293 in
1207 3254 1377 3294 domum
1397 3255 1527 3294 Marii
1543 3254 1659 3306 Sylla
1676 3253 1956 3305 confugisset,
1976 3259 2023 3294 et

1143 3317 1244 3357 inde
1262 3331 1288 3357 a
1307 3318 1448 3358 Mario
1467 3318 1664 3357 dimissus
1683 3317 1727 3356 in
1752 3322 1893 3356 castra
1920 3329 2020 3357 con-

1145 3381 1369 3432 tendisset,
1408 3381 1627 3434 provincia
1664 3380 1837 3420 tandem
1878 3380 2019 3420 Mario

1142 3457 1221 3497 per
1240 3445 1444 3497 populum
1477 3443 1652 3483 decreta
1678 3441 1788 3493 fnit;
1821 3443 1893 3495 qui
1921 3454 2017 3483 cum

1141 3510 1304 3561 legatos
1325 3509 1366 3548 in
1387 3513 1528 3549 castra
1546 3506 1598 3547 ad
1627 3506 1788 3559 Syllam
1820 3506 2018 3561 misisset,
