2288 3990
575 295 1283 358 VALERM‘MAxnmiins
1324 298 1637 353 n.cAP.6.

192 437 339 479 λόντως
357 435 399 476 δὲ
418 434 481 476 καὶ
497 432 544 474 τὸ
562 435 683 487 ’γῆρας
697 434 855 484 τιμῶσιν
870 430 1072 482 Ἀλβανοὶ,

192 501 259 541 καὶ
280 500 327 540 τὸ
343 502 421 539 τῶν
439 498 586 548 ἄλλων,
603 498 647 538 οὐ
664 496 712 537 τὸ
738 499 817 537 τῶν
841 494 987 547 γονέων
1003 494 1070 545 μό-

191 572 281 604 νων.
306 559 542 608 τεθνηκότων
565 558 607 599 δὲ
625 559 714 611 οὐχ’
732 558 838 599 ὅσιον
853 555 1072 611 φροντίζειν

190 627 237 668 oo
253 626 296 667 δὲ
309 626 536 676 μεμνῆσθαι.
595 625 770 665 Colerus.

241 689 290 730 Su·
317 690 404 739 ejus
432 691 633 741 aliquanto
654 688 814 738 felicior
843 700 889 727 ac
924 686 1071 727 beatior

64 737 103 763 ⁹
176 752 279 807 finis
289 752 523 804 reperietur]
551 752 689 803 Vulgo
708 751 881 791 additur
894 752 956 790 Ea
969 762 1070 790 mor-

187 821 287 864 tua5
314 817 428 868 quod
458 817 664 857 insertum
685 817 857 857 videtur
882 828 906 855 e
927 815 1069 855 Gloss.

186 880 364 933 alicujus
397 892 559 932 eorum,
586 881 659 933 qui
690 879 744 920 de
776 880 867 919 vita
895 878 1070 930 spiritus

184 955 237 984 ac
255 951 391 984 morte
410 945 549 984 carnis
568 943 704 983 indies
723 943 954 982 disserunt.
1013 940 1071 980 Et

187 1007 232 1047 in
255 1007 546 1047 Wincheiiano
573 1005 809 1057 exemplari
825 1005 918 1044 haec
937 1003 1073 1044 verba

188 1071 472 1120 omittuntur3
499 1071 541 1110 in
579 1082 661 1123 quo
699 1068 790 1109 sic:
819 1068 854 1107 si
884 1067 968 1119 ejus
996 1066 1072 1106 ali-

187 1137 332 1185 quanto
356 1132 520 1182 felicior
537 1145 582 1172 ac
610 1131 760 1172 beatior
777 1131 880 1183 finis
905 1131 1073 1183 reperie-

187 1200 268 1236 tur.
324 1197 463 1238 Quam
491 1195 717 1236 lectionem
749 1195 921 1235 minime
950 1206 1070 1248 sper-

185 1257 368 1298 nendam
383 1258 583 1298 arbitror.
639 1258 765 1308 Pigk.

240 1323 324 1375 §13
333 1323 469 1375 Lycii]
488 1323 619 1374 Lycia
633 1322 854 1374 provincia
865 1321 982 1362 estin
999 1321 1072 1361 mi·

185 1385 282 1424 nori
300 1383 420 1436 Asia,
434 1384 488 1424 ab
516 1380 685 1425 oriente
707 1385 839 1436 juxta
867 1384 1070 1436 Pamphi·

185 1447 304 1499 liam‚
337 1447 391 1488 ab
424 1449 649 1489 occidente
688 1448 874 1498 Cariam,
907 1448 992 1498 vel,
1021 1454 1070 1488 ut

185 1510 354 1551 Solinus
391 1511 539 1563 tradit,
569 1512 733 1552 Ciliciae
765 1511 961 1552 confinis.
1017 1511 1069 1552 In

185 1587 239 1616 ea
257 1576 409 1616 civitas
428 1584 495 1616 est
519 1578 688 1617 nomine
721 1578 895 1627 Patera,
913 1577 956 1615 in
986 1588 1070 1629 qua

184 1637 397 1691 Apollinis
416 1641 633 1680 oraculum
661 1645 769 1691 erat,
789 1639 963 1680 caeteris
982 1640 1069 1679 cla-

183 1703 317 1743 ritate
350 1703 640 1755 praestantius.
696 1702 823 1743 Unde
861 1702 1068 1754 Virgilius

185 1765 199 1788 ‘
231 1766 386 1818 Lycias
429 1772 566 1807 sortes
586 1766 599 1785 '
628 1766 820 1819 appellat
855 1764 1068 1818 Apollinis

188 1829 377 1881 oracula,
397 1842 492 1882 quae
523 1830 568 1870 in
599 1829 730 1882 Lycia
761 1840 965 1881 responsa
992 1828 1066 1868 da·

187 1890 309 1933 bant.
367 1892 496 1940 Oliv„

239 1955 334 2007 §14
362 1956 550 1996 Indorum
555 1954 755 2006 soemince]
793 1955 864 1995 De
895 1954 1067 1996 Tfflaci·

185 2015 265 2057 bus
283 2018 364 2059 hoc
382 2025 530 2059 narrat
547 2018 763 2059 Herodot.
784 2018 860 2058 lib.
879 2030 924 2060 v-

238 2079 633 2132 Indorumfoeminoe]
661 2081 827 2121 Solinus
842 2081 897 2121 de
917 2080 1065 2122 India:

182 2141 197 2164 ⁸
215 2140 346 2195 Apud
375 2156 448 2184 eos
477 2156 596 2195 vero,
626 2144 782 2197 quibus
808 2145 862 2184 ad
896 2143 1068 2184 vivendi

183 2205 390 2246 rationem
410 2207 664 2258 propensior
691 2219 793 2246 cura
811 2212 892 2256 est,
919 2207 1067 2247 multae

184 2276 340 2311 uxores
359 2269 404 2309 in
422 2270 614 2322 ejusdem
645 2270 724 2310 viri
751 2269 908 2310 coeunt
926 2271 1070 2311 matri-

183 2331 369 2371 monium
386 2344 397 2371 :
427 2339 472 2372 et
484 2345 612 2384 quum
624 2333 806 2373 maritus
818 2334 1071 2387 decesserit,

187 2393 300 2445 apud
321 2395 590 2445 gravissimos
615 2395 788 2446 judices
818 2409 936 2436 suam
957 2409 1071 2449 quae·

184 2469 269 2510 que
288 2457 342 2497 de
359 2458 519 2498 meritis
534 2465 666 2509 agunt
683 2471 880 2509 causam3
911 2466 956 2500 et
973 2473 1067 2513 quae

184 2519 417 2561 officiosior
455 2522 625 2561 caeteris
662 2523 879 2562 sententia
916 2524 1068 2565 vicerit

171 2582 479 2635 judicantium,
499 2585 581 2624 hoc
613 2586 766 2636 palmae
798 2585 935 2627 refert
956 2600 1067 2639 prae-

180 2645 327 2698 mium,
339 2651 390 2686 ut
407 2647 586 2688 arbitrio
599 2661 673 2687 suo
691 2650 899 2690 accendat
917 2663 1064 2703 rogum

180 2709 393 2762 conjugis,
420 2715 466 2750 et
496 2713 704 2764 supremis
738 2713 832 2764 ejus
864 2716 1066 2768 semetip-

178 2783 268 2813 sam
300 2772 376 2812 det
405 2773 593 2828 inferias,
613 2782 787 2817 caeterae
817 2784 975 2819 notatae
1006 2780 1065 2820 vi-

178 2834 311 2876 vant?
364 2836 433 2877 De
462 2837 583 2878 Indis
614 2852 783 2892 quoque
814 2841 927 2882 idem
954 2843 1063 2883 Soli-

177 2908 284 2938 nus:
317 2900 331 2923 ‘
363 2900 567 2942 Quietum
610 2902 669 2942 ibi
715 2904 1062 2948 eminentissimae

177 2962 400 3013 sapientiae
420 2975 555 3015 genus
582 2971 666 3017 est,
685 2966 772 3006 vita
789 2969 979 3019 repletos
999 2970 1062 3009 in·

177 3025 319 3066 censis
338 3027 452 3078 rogis
472 3034 652 3068 mortem
672 3032 929 3071 accersere.'

205 3128 207 3131 .
235 3088 418 3128 Genialis
433 3090 533 3141 tori]
563 3092 659 3133 Quo
679 3094 943 3143 generationi
962 3107 1059 3146 pro·

178 3152 232 3193 lis
251 3164 277 3192 a
295 3153 547 3206 conjugibus
567 3166 698 3206 opera
717 3155 810 3194 dari
825 3157 951 3198 solet.

233 3217 257 3269 ξ
286 3219 335 3255 15
364 3215 508 3267 Siccae]
551 3217 742 3257 Vocatur
761 3225 807 3258 et
825 3219 916 3260 haec
933 3221 1060 3262 Sicca

177 3280 392 3333 venerea,
428 3287 560 3334 atque
588 3294 638 3322 eo
667 3284 840 3335 quidam
861 3285 1059 3327 referunt

177 3343 366 3384 Succoth
416 3345 586 3386 Benoth
631 3345 924 3400 Assyriorum,
971 3349 1057 3391 fuit

180 3406 292 3445 enim
327 3409 571 3448 eorumdem
614 3409 657 3448 in
685 3409 835 3451 Africa
871 3413 1057 3464 colonia,

180 3468 307 3508 trium
334 3470 407 3511 illa
435 3471 598 3512 dierum
629 3471 801 3525 itinere,
829 3474 918 3514 sive
938 3476 1055 3516 mille

181 3545 292 3586 pass.
321 3535 414 3587 plus
438 3537 574 3578 minus
602 3549 709 3579 cxx.
739 3552 764 3579 a
793 3540 1054 3594 Carthagine

1871 296 2015 350 1035

1133 430 1297 472 dissita.
1355 431 1454 472 Non
1483 430 1669 471 Succoth
1698 433 1839 469 autem
1859 429 2014 469 solum-

1132 495 1278 545 modo,
1296 494 1372 534 sed
1395 501 1440 534 et
1460 494 1650 546 Siccuth,
1665 493 1779 546 quod
1797 493 1971 545 propius
1987 505 2013 532 a

1130 556 1256 596 Sicca
1276 557 1412 608 abest,
1436 557 1716 597 tabernacula
1735 562 1860 596 sonat
1878 556 2014 595 Ebra·

1129 620 1214 671 ice,
1245 626 1290 661 et
1321 621 1538 672 probabile
1569 621 1673 660 satis
1702 626 1770 660 est
1798 619 1914 659 idem
1944 631 2010 658 so-

1131 696 1252 724 nasse
1284 685 1462 736 Punice,
1491 691 1622 737 atque
1656 684 1795 724 eidem
1821 685 1950 734 Deae,
1969 682 2013 722 id

1132 752 1212 799 est,
1231 748 1406 798 Veneri,
1435 749 1595 788 eisdem
1617 749 1765 799 sacris,
1786 760 1861 788 seu
1881 746 2012 787 simil·

1131 810 1258 861 limis,
1277 823 1331 851 ex
1354 811 1575 851 Phoenicia
1598 812 1641 850 in
1661 810 1852 851 Africam
1874 816 2014 850 trans-

1132 874 1247 927 latis,
1281 875 1491 915 coloniam
1520 874 1655 926 ipsam
1685 879 1833 926 postea
1852 873 2020 914 deduc-

1135 942 1239 987 tam,
1275 950 1430 978 nomen
1470 950 1589 978 suum
1627 937 1842 979 debuisse.
1901 938 2015 978 Nam

1134 1001 1364 1042 Phoenices
1396 1002 1510 1041 hunc
1539 1002 1718 1052 cultum,
1736 1003 1809 1041 hos
1829 1001 1952 1052 ritus,
1969 1007 2014 1041 et

1133 1064 1180 1105 τὸ
1191 1066 1380 1107 Succoth
1397 1066 1565 1106 Benoth
1578 1077 1603 1105 a
1619 1065 2015 1118 Babyloniisetiam

1137 1129 1357 1180 accepisse
1393 1128 1520 1169 facile
1551 1139 1800 1180 persuasum
1829 1127 2018 1167 habeas:

1135 1198 1180 1233 et
1210 1192 1424 1243 consules,
1452 1191 1488 1231 si
1519 1193 1679 1243 placet,
1706 1192 1761 1231 B.
1791 1189 2019 1231 Athanasii

1133 1255 1337 1296 adversus
1358 1255 1526 1296 Gentes
1545 1255 1817 1306 Orationem,
1831 1260 1876 1295 et
1893 1255 2021 1294 Sozo-

1134 1331 1246 1359 men.
1284 1319 1399 1360 Hist.
1430 1319 1599 1360 Eccles.
1627 1319 1702 1359 lib.
1723 1331 1756 1359 1.
1784 1331 1880 1370 cap.
1899 1323 1942 1360 5.
1973 1324 2020 1359 et

1131 1381 1206 1421 lib.
1237 1393 1281 1422 v.
1316 1394 1414 1434 cap.
1435 1385 1475 1422 9.
1532 1382 1597 1422 Ut
1618 1388 1763 1422 autem
1785 1383 1952 1423 Latinae
1973 1386 2019 1422 et

1131 1445 1302 1486 Graecae
1349 1446 1651 1486 vocabulorum
1688 1446 2017 1486 terminationes

1132 1508 1175 1548 in
1195 1509 1372 1549 adscitis
1394 1509 1588 1549 barbaris
1617 1514 1910 1559 servarentur,
1924 1509 2018 1549 Sic-

1131 1573 1232 1613 cuth
1266 1572 1441 1613 Benoth
1478 1572 1522 1612 in
1565 1573 1733 1613 Siccam
1777 1575 2017 1612 Veneream

1131 1637 1290 1677 mutari
1306 1637 1514 1688 oportuit.
1570 1636 1693 1678 Σίκκα
1708 1635 1893 1689 Οὗενερία
1911 1636 2018 1677 dici-

1131 1703 1203 1739 tur
1240 1700 1496 1751 Ptolemaeo,
1532 1706 1579 1741 et
1616 1701 1831 1752 Procopio
1861 1700 1935 1740 lib.
1967 1710 2019 1739 ιι.

1129 1763 1354 1804 Vandalic.
1410 1765 1537 1805 Sicca
1570 1764 1758 1805 Veneria
1789 1764 2013 1804 Antonino

1130 1826 1174 1867 in
1194 1827 1440 1879 Itinerario,
1458 1828 1646 1868 Veneria
1673 1833 1838 1868 tantum
1857 1827 2023 1877 solino,

1129 1895 1174 1931 et
1191 1890 1318 1931 Sicca
1334 1896 1503 1931 tantum
1531 1892 1678 1932 Plinio
1698 1892 1774 1931 lib.
1797 1903 1840 1931 v.
1862 1903 1959 1943 cap.
1978 1893 2019 1931 3.

1130 1954 1257 1995 sicuti
1286 1960 1333 1995 et
1364 1955 1432 1995 hic
1464 1955 1652 1996 Valerio.
1706 1955 1822 1996 Urbs
1842 1966 2017 2008 quoque

1130 2017 1298 2058 Punica
1335 2029 1433 2058 cum
1464 2030 1490 2070 y
1523 2019 1635 2071 Syca
1663 2019 1886 2071 appellata
1918 2018 2016 2059 fuit.

1131 2081 1259 2122 Quod
1279 2081 1417 2121 adhuc
1443 2082 1622 2133 propius
1644 2083 1815 2123 accedit
1833 2083 1887 2123 ad
1918 2094 2016 2136 pro-

1130 2144 1332 2196 positum.
1361 2145 1565 2185 Sewenus.

1185 2207 1321 2260 Sicca]
1379 2208 1545 2248 Siccam
1590 2209 1820 2250 Veneriam
1866 2210 2016 2250 Ptole-

1131 2283 1262 2310 maeus
1278 2272 1353 2312 lib.
1368 2283 1430 2312 iv.
1446 2277 1492 2312 et
1506 2271 1752 2313 Antoninus
1769 2274 2015 2326 appellant:

1133 2334 1247 2386 quod
1267 2341 1411 2374 autem
1439 2335 1610 2387 quidam
1645 2336 1854 2387 scribunt,
1884 2335 2017 2376 fuisse

1131 2397 1174 2436 in
1211 2396 1363 2437 Africa
1397 2398 1577 2437 alteram
1608 2399 1775 2439 Siccam
1809 2399 2016 2451 Syphacis

1130 2461 1310 2512 regiam,
1341 2461 1515 2500 minime
1545 2461 1589 2500 id
1611 2474 1757 2502 verum
1775 2468 1856 2502 est.
1913 2462 2015 2514 Siga

1130 2526 1262 2574 enim,
1291 2535 1376 2564 non
1403 2524 1527 2564 Sicca
1555 2525 1763 2576 Syphacis
1793 2525 1912 2577 regia
1939 2537 2014 2577 ap-

1131 2587 1387 2638 pellabatur,
1416 2587 1471 2626 de
1507 2601 1591 2640 qua
1617 2588 1776 2628 Strabo
1796 2589 1868 2628 lib.
1890 2600 2013 2629 xvu.

1130 2651 1390 2690 Ptolemaeus
1428 2650 1505 2689 lib.
1539 2663 1606 2691 lx.
1652 2652 1818 2692 Plinius
1853 2652 1928 2694 lib.
1965 2664 2016 2692 v.

1127 2725 1221 2765 cap.
1257 2716 1298 2754 2.
1340 2717 1384 2753 et
1420 2714 1687 2766 Pomponius
1720 2715 1842 2755 Mela
1879 2715 1952 2756 lib.
1983 2727 2014 2755 1.

1126 2788 1222 2828 cap.
1239 2782 1281 2817 5.

1177 2841 1308 2892 Atque
1336 2841 1426 2881 inde
1453 2841 1700 2892 procedentes
1726 2844 1778 2881 ad
1806 2846 2011 2894 quaestum,

1124 2905 1234 2944 dotes
1250 2905 1424 2956 corporis
1439 2905 1591 2954 injuria
1610 2906 1910 2958 contrahebant]
1940 2906 2012 2947 Ita

1124 2967 1363 3019 elegantius
1400 2967 1442 3006 in
1479 2967 1804 3020 Manuscriptis.
1840 2969 2008 3022 Vulgo:

1122 3030 1251 3081 Atque
1278 3031 1370 3069 inde
1399 3031 1653 3081 procedentes*
1684 3036 1874 3082 quaestum
1905 3034 2010 3073 dotis

1122 3097 1295 3147 corporis
1311 3096 1458 3145 injuria
1473 3097 1768 3138 contrahebant.
1799 3098 1924 3150 Pigh.

1178 3161 1200 3211 ξ
1232 3164 1284 3200 16
1326 3160 1546 3211 Septimum
1576 3162 1799 3213 implessent
1841 3160 2006 3211 annum]

1123 3223 1371 3264 Herodotus
1391 3223 1464 3265 lib.
1481 3235 1533 3265 11.
1560 3225 1637 3264 sed
1668 3226 1854 3277 quinque
1870 3236 2006 3263 annos

1122 3287 1284 3327 scribit.

1176 3351 1198 3402 ς
1229 3354 1278 3390 17
1313 3351 1517 3402 Osculum]
1560 3350 1723 3391 Oscula
1746 3351 1863 3389 varie
1883 3362 2005 3390 usur-

1119 3419 1226 3464 pata
1246 3414 1389 3464 vulgo,
1415 3418 1461 3451 et
1488 3413 1532 3452 in
1565 3414 1679 3452 omni
1698 3411 1789 3452 fere
1810 3413 2002 3464 corporis

1120 3484 1261 3528 parte.
1318 3476 1511 3516 Primum
1539 3476 1582 3514 in
1613 3475 1743 3525 facie,
1774 3475 1919 3527 ibique
1939 3488 2004 3527 os,

1118 3553 1265 3593 gena,
1301 3540 1449 3581 oculos
1483 3538 1816 3580 suaviabanturz
1844 3538 1887 3579 in
1919 3538 2000 3593 itu,
