2320 4004
383 283 408 335 1
426 283 527 335 154

386 414 550 454 mulaus
578 424 739 466 ungues
767 411 876 452 velle
895 412 1151 463 praecidere,
1172 424 1260 454 ma-

385 489 485 517 num
513 476 592 517 sibi
620 489 701 516 non
731 475 884 516 leviter
911 476 1136 517 sauciavit.
1178 477 1265 517 ozi·

386 553 470 580 ver.

436 604 557 655 Apud
577 601 800 655 Philippos]
829 602 900 643 Sc.
928 613 1116 654 campuli,
1147 601 1264 642 vide-

384 667 491 707 licet
510 667 554 706 in
572 666 795 706 Thessalia
813 665 976 706 victum
997 664 1051 705 ab
1078 662 1265 706 Antonio

387 735 434 770 et
453 728 662 781 Augusto.

445 792 583 831 Virum
626 795 736 832 tuum
780 791 956 831 Brutum
1000 792 1265 843 cognosceres]

385 855 451 895 M.
471 852 650 902 Brutus,
669 859 731 907 ‘ut
764 854 935 907 quidam
955 856 1106 895 volunt
1126 855 1267 896 Servi-

386 917 457 957 liae
496 918 672 958 Catonis
716 918 872 958 sororis
912 917 1041 968 filius,
1067 919 1269 958 Porciam

390 978 584 1029 Catonis,
638 977 845 1019 defuncto
900 979 1044 1030 priore
1097 981 1269 1031 marito,

389 1041 516 1081 duxit
549 1053 741 1082 uxorem.

443 1106 558 1146 Ex'r.
577 1106 600 1155 ᾧ
621 1107 642 1143 1
673 1103 775 1144 Sunt
786 1108 825 1143 et
851 1104 1081 1155 alienigeni]
1113 1105 1270 1144 Trans-

390 1169 426 1209 it
471 1168 525 1209 ad
559 1174 751 1219 externa,
791 1180 968 1220 quorum
1001 1169 1182 1220 primum
1227 1169 1271 1208 id

389 1231 633 1271 Artemisiae
655 1230 815 1283 reginae
835 1230 935 1271 filiae
956 1231 1150 1282 Ligdami
1179 1231 1270 1271 Ha-

388 1294 656 1344 licarnassei,
692 1298 737 1333 et
773 1294 916 1333 uxoris
946 1293 1129 1333 Mausoli
1158 1293 1272 1344 regis

391 1359 548 1408 Cariae,
572 1370 666 1410 quae
696 1356 832 1397 virum
864 1366 1029 1396 amasse
1048 1354 1189 1396 fertur
1208 1367 1272 1394 su-

391 1433 470 1472 pra
488 1432 634 1460 omnes
653 1431 841 1460 amorum
865 1418 1049 1470 fabulas,
1076 1419 1272 1471 ultraque

391 1482 631 1524 affectionis
663 1483 859 1523 humanae
891 1481 1032 1522 fidem.
1100 1482 1273 1522 Mauso-

391 1546 458 1586 lus
479 1551 620 1586 autem
640 1545 740 1594 fuit,
769 1551 818 1585 ut
848 1545 1001 1586 Cicero
1021 1543 1168 1596 refert,
1197 1557 1274 1584 rex

389 1614 520 1648 terrae
559 1608 715 1659 Cariae,
750 1614 800 1648 ut
843 1608 1017 1661 quidam
1059 1608 1274 1648 Historia—

390 1683 483 1711 rum
497 1671 749 1712 Graecarum
768 1671 1026 1723 Scriptores,
1041 1670 1274 1721 provinciae

392 1734 576 1776 Graeciae
608 1733 857 1786 praefectus,
888 1746 1013 1786 quem
1034 1733 1181 1774 Graeci
1203 1746 1274 1772 σα-

390 1796 539 1850 τράπην
562 1801 729 1838 vocant.
783 1798 828 1837 Is
843 1797 1064 1837 Mausolus
1095 1797 1169 1836 ubi
1183 1796 1275 1837 fato

392 1860 647 1914 perfunctus
666 1870 749 1911 est,
776 1861 888 1901 inter
916 1861 1107 1913 lamenta
1122 1864 1169 1900 et
1188 1873 1275 1900 ma-

393 1937 473 1965 nus
488 1924 634 1965 uxoris
654 1923 804 1964 funere
834 1922 1062 1975 magnifico
1082 1923 1277 1974 sepultus

396 1994 478 2028 est.
527 1987 778 2039 Artemisia,
815 1988 936 2027 luctu
982 1991 1028 2026 et
1061 1986 1277 2027 desiderio

393 2050 540 2091 mariti
558 2048 761 2101 flagrans,
780 2062 877 2090 ossa
897 2049 1170 2102 cineremque
1190 2050 1278 2101 ejus

394 2113 532 2152 mixta
563 2112 767 2152 odoribus
792 2116 987 2162 contusa,
1018 2112 1061 2151 in
1091 2112 1278 2163 pulveris

397 2176 543 2228 specie
559 2188 683 2228 aquae
704 2175 890 2226 imbibit,
911 2175 1101 2227 editque.
1138 2175 1282 2215 Multa

399 2239 483 2278 alia
497 2239 675 2278 violenti
697 2238 852 2278 amoris
867 2238 1025 2277 indicia
1044 2235 1197 2277 fecisse
1218 2238 1280 2276 di·

398 2301 527 2342 citur.
580 2301 738 2340 Molita
754 2312 923 2353 quoque
940 2307 1007 2340 est
1024 2300 1187 2352 ingenti
1207 2301 1282 2340 im-

397 2368 504 2415 petu
519 2374 627 2414 opus
645 2361 951 2402 conservandae
971 2361 1113 2401 mariti
1128 2374 1282 2401 memo-

393 2428 489 2478 riae,
500 2427 743 2478 sepulcrum
754 2425 858 2466 illud
870 2426 1283 2477 memoratissimum,

397 2491 704 2544 dignatumque
725 2490 940 2530 numerari
970 2491 1086 2530 inter
1115 2497 1280 2542 septem

399 2558 586 2597 omnium
602 2562 816 2597 terrarum
842 2556 1064 2598 miracula.
1121 2556 1173 2595 Id
1197 2568 1282 2596 mo.

398 2625 647 2659 numentum
669 2617 905 2659 Artemisia
924 2629 1021 2658 cum
1037 2618 1131 2657 Diis
1151 2618 1281 2658 mani-

397 2683 477 2723 bus
511 2684 641 2723 sacris
672 2683 863 2722 Mausoli
898 2682 1083 2732 dicaret,
1118 2680 1285 2733 Agona,

399 2746 443 2786 id
457 2749 537 2796 est,
557 2750 795 2796 certamen,
811 2744 1011 2784 laudibus
1029 2744 1123 2796 ejus
1137 2744 1285 2784 dicuu-

401 2807 468 2847 dis
489 2806 615 2857 fecit,
634 2808 864 2860 posuitque
892 2806 1069 2859 praemia
1089 2807 1283 2858 pecuniae

401 2870 667 2923 aliarumque
695 2882 839 2910 rerum
873 2869 1081 2910 bonarum
1112 2871 1286 2922 amplis·

402 2935 518 2975 sima.
555 2932 625 2974 Ad
646 2945 717 2975 eas
736 2933 885 2973 laudes
903 2932 1195 2974 decantandas
1215 2946 1284 2973 ve-

402 2998 516 3038 nisse
553 2996 758 3037 dicuntur
789 2996 1110 3048 Theopompus,
1150 2997 1286 3037 Theo-

404 3060 543 3111 dotes,
561 3064 606 3100 et
619 3060 1006 3110 Naucrates,et,ut
1023 3059 1196 3112 quidam
1215 3072 1285 3100 vo-

404 3124 515 3174 lunt,
532 3123 764 3163 Isocrates.
822 3122 962 3174 Hujus
983 3128 1127 3163 autem
1147 3129 1286 3163 certa-

406 3186 529 3226 minis
566 3185 777 3226 victorem
802 3184 1120 3236 Theopompum
1154 3183 1287 3226 fuisse

405 3251 595 3290 tradunt.
650 3247 751 3289 Fuit
791 3247 997 3288 Isocratis
1040 3247 1287 3300 discipulus.

408 3314 562 3354 Cicero
576 3312 703 3352 Tusc.
720 3311 794 3352 lib.
813 3322 887 3351 ιιι.
925 3311 937 3333 ‘
958 3312 1015 3352 Et
1030 3309 1289 3363 Artemisia‚’

407 3377 560 3430 inquit,
607 3376 621 3399 ‘
643 3375 715 3416 illa
757 3374 942 3415 Mausoli
987 3373 1126 3414 Cariae
1177 3375 1287 3426 regis

410 3452 534 3492 uxor,
564 3451 661 3491 quae
687 3437 830 3479 nobile
865 3437 969 3479 illud
998 3435 1288 3479 Halicarnassi

410 3501 513 3544 fecit
532 3502 820 3557 sepulchrum,
838 3500 975 3554 quoad
995 3500 1100 3541 vixit
1120 3511 1289 3553 semper

968 294 1146 333 No'rAE
1186 294 1523 334 VARIORUM
1567 296 1632 335 IN

1325 413 1432 453 vixit
1450 413 1493 453 in
1523 415 1664 463 luctu,
1689 413 1922 466 eodemque
1951 414 2080 454 etiam
2103 426 2206 456 cono

1325 476 1441 517 fecta
1455 477 1711 518 contabuit.’
1738 478 1853 517 Huic
1873 483 1967 518 erat
1985 478 2098 518 illius
2117 480 2206 530 opi-

1326 540 1397 580 nio
1417 541 1608 593 quotidie
1641 553 1809 590 recens,
1838 553 1935 593 quae
1970 547 2057 580 tum
2086 540 2205 580 deni-

1327 615 1409 655 que
1430 603 1729 655 appellabatur
1748 616 1911 655 recens,
1939 616 2035 644 cum
2061 610 2202 644 vetus-

1328 670 1419 706 tate
1435 667 1617 707 exaruit.
1653 667 1760 708 Oliv.

1379 728 1615 779 Artemisia]
1651 729 1941 769 Hecatomnus
1960 729 2097 769 Cariae
2127 741 2205 769 rex

1329 794 1416 830 tres
1435 790 1583 830 habuit
1611 790 1739 840 filios,
1769 791 2028 840 Mausolum,
2058 790 2206 831 Hidri-

1329 866 1443 906 eum,
1462 859 1507 893 et
1525 854 1817 906 Pyxodarum,
1845 859 1890 894 et
1913 853 2020 894 filia·
2047 853 2206 904 duas‚e

1330 916 1480 969 quibus
1509 916 1743 957 Artemisia
1781 917 1984 968 grandior
2011 917 2207 958 Mausolo

1332 991 1384 1018 ex
1421 977 1628 1019 fratribus
1666 980 1882 1031 grandiori
1923 981 2098 1032 nupsit3
2143 993 2208 1021 se-

1332 1042 1474 1082 cundo
1493 1055 1596 1082 vero
1615 1043 1798 1083 Hidrieo
1819 1044 1954 1084 altera
1969 1056 2089 1084 soror
2107 1043 2212 1084 data

1332 1110 1399 1145 est
1429 1106 1601 1146 nomine
1633 1106 1745 1146 Ada.
1803 1107 2024 1146 Mausolus
2062 1109 2209 1160 itaque

1333 1170 1556 1220 regnavit3
1577 1182 1660 1221 quo
1677 1175 1844 1210 mortuo
1863 1182 1970 1209 uxor
1989 1170 2213 1223 imperium

1331 1231 1501 1282 habuit,
1516 1244 1610 1283 quae
1626 1233 1691 1271 illi
1705 1233 1973 1284 sepulchrum
1987 1238 2211 1273 construx-

1333 1294 1381 1334 it.
1420 1294 1656 1335 Artemisia
1684 1295 1785 1335 tabe
1807 1301 2060 1347 consumpta
2087 1308 2214 1348 prop-

1336 1363 1404 1397 ter
1424 1359 1600 1409 luctum,
1622 1371 1748 1410 quem
1775 1370 1830 1398 ex
1856 1359 1949 1398 viro
1974 1371 2050 1398 suo
2069 1370 2215 1399 susce-

1336 1426 1475 1473 perat.
1534 1422 1645 1461 Haec
1665 1421 1839 1473 Strabo,
1865 1421 1938 1473 qui
1958 1432 2041 1461 non
2061 1432 2215 1462 conve·

1336 1484 1401 1524 nit
1421 1496 1514 1524 cum
1535 1485 1762 1525 Herodoto
1781 1485 1834 1525 de
1851 1483 2096 1534 Artemisia,
2115 1496 2216 1524 nam

1336 1547 1586 1587 Herodotus
1603 1547 1712 1587 libro
1741 1546 1857 1587 Hist.
1890 1556 1976 1588 vn.
2007 1547 2116 1588 dicit
2132 1547 2214 1587 Ar-

1335 1611 1544 1650 temisiam
1566 1610 1761 1661 Ligdami
1775 1610 2115 1659 Halicarnassei,
2127 1622 2214 1650 non

1337 1674 1598 1714 Hecatomni
1619 1673 1758 1714 Cariae
1779 1672 1887 1724 regis
1905 1671 2037 1713 filiam
2065 1671 2213 1714 fnisse.

1338 1736 1462 1775 Idem.

1390 1801 1457 1839 Ad
1494 1804 1639 1851 septem
1673 1800 1863 1840 miracula
1895 1798 2089 1851 provecti]
2124 1798 2216 1839 Pli-

1338 1861 1432 1901 nius
1453 1862 1559 1902 Nat.
1581 1863 1698 1903 Hist.
1727 1862 1800 1902 lib.
1820 1873 1988 1902 xxxvi.
2007 1861 2087 1902 hoc
2105 1861 2217 1902 inter

1339 1933 1506 1977 septem
1530 1925 1676 1965 mundi
1695 1926 1899 1964 miracula
1918 1925 2216 1965 connumerari

1340 1987 1472 2038 dicit;
1499 1989 1830 2040 sepulcrumque
1859 1986 2021 2027 factum
2042 1986 2172 2031 fuisse
2191 1999 2217 2027 a

1341 2056 1523 2103 quatuor
1559 2049 1923 2102 praestantissimis
1964 2048 2216 2100 artificibus,

1342 2113 1498 2165 Scopa,
1533 2113 1714 2164 Bryaxi,
1750 2112 1987 2160 Timotheo,
2024 2118 2071 2152 et
2110 2113 2220 2152 Leo·

1343 2177 1498 2216 chare:
1528 2181 1679 2228 patere
1699 2176 1754 2216 ab
1774 2175 1936 2216 Austro
1961 2182 2006 2216 et
2034 2176 2217 2228 Septen-

1343 2240 1485 2279 trione
1504 2251 1738 2290 sexagenos
1769 2244 1915 2280 ternos
1946 2238 2098 2290 pedes,
2124 2239 2222 2280 bre-

1343 2303 1437 2342 vius
1459 2315 1483 2342 a
1499 2302 1732 2354 frontibus,
1762 2307 1857 2343 toto
1883 2302 2065 2343 circuitu
2084 2302 2218 2356 pedes

1345 2364 1678 2417 quadringentos
1708 2364 1923 2415 undecim,
1941 2365 2082 2405 attolli
2100 2365 2144 2406 iu
2162 2366 2224 2405 al-

1345 2427 1573 2467 titudinem
1594 2437 1737 2467 xxxv.
1757 2427 1930 2479 cubitis,
1941 2427 2054 2479 cingi
2067 2428 2225 2468 colum·

1346 2490 1412 2530 nis
1442 2501 1606 2530 xxxv1.
1640 2489 1695 2529 ab
1728 2489 1895 2529 oriente
1928 2490 2090 2530 celasse
2122 2490 2222 2530 Sco·

1347 2565 1463 2605 pam,
1479 2565 1503 2592 a
1524 2552 1827 2606 Septentrione
1856 2553 2066 2604 Bryaxin,
2084 2565 2110 2593 a
2127 2553 2222 2594 Me·

1346 2616 1454 2656 ridie
1474 2616 1756 2665 Timotheum,
1780 2617 1835 2656 ab
1863 2628 2018 2656 occasu
2036 2617 2225 2657 Leocha-

1345 2690 1455 2728 rem,
1488 2684 1533 2718 et
1563 2678 1782 2730 subjungit
1808 2677 2084 2719 Artemisiam
2113 2679 2224 2731 regi·

1345 2753 1444 2781 nam
1461 2741 1569 2780 tanti
1584 2740 1726 2792 operis
1742 2746 1963 2781 auctorem
1979 2752 2110 2793 opere
2124 2753 2226 2782 non-

1347 2803 1446 2842 dum
1485 2803 1681 2843 absoluto
1717 2803 1909 2855 periisse.
1973 2804 2224 2856 Sculptores

1346 2871 1491 2906 tamen
1515 2866 1614 2906 inde
1645 2879 1730 2907 non
1755 2867 1998 2918 recessisse,
2025 2867 2108 2908 nisi
2127 2879 2224 2920 per-

1346 2929 1463 2970 fecto
1485 2942 1644 2982 opere;
1675 2930 1788 2983 quod
1809 2942 1896 2970 suae
1917 2919 2079 2983 glorias,
2097 2935 2143 2971 et
2159 2931 2224 2982 ip-

1348 3005 1490 3033 sorum
1512 2993 1592 3033 arti
1621 2999 1876 3045 perpetuum
1905 2998 2224 3034 monumentum

1347 3055 1441 3096 fore
1469 3057 1680 3097 viderent.
1733 3057 1866 3108 Cujus
1899 3056 1962 3096 rei
1991 3055 2116 3098 multi
2137 3068 2226 3096 me·

1348 3121 1512 3160 minere
1529 3121 1772 3172 Scriptores
1789 3124 1920 3172 atque
1940 3118 2107 3159 Poetae.
2139 3118 2225 3159 012·-

1347 3183 1487 3225 verius.

1402 3246 1561 3286 Bibisse
1577 3243 1758 3296 tradunt]
1778 3242 1979 3284 Tradidit
1991 3241 2229 3295 Theopom-

1349 3320 1444 3360 puS,
1464 3320 1518 3348 ex
1547 3321 1631 3361 quo
1651 3307 1835 3347 fortasse
1863 3305 2011 3347 sumsit
2034 3305 2227 3359 Agellius

1350 3377 1396 3412 et
1440 3372 1525 3411 alii.
1579 3371 1733 3412 Suidas
1778 3382 1832 3410 ex
1878 3369 2030 3409 eodem
2077 3369 2228 3411 scribit

1349 3434 1476 3485 φθίσει
1504 3433 1673 3474 demum
1706 3438 1934 3474 mortuam.
1979 3431 2099 3474 Idem
2118 3427 2226 3476 affir-

1351 3504 1438 3539 mat
1458 3497 1613 3539 Strabo
1634 3497 1706 3539 lib.
1728 3507 1825 3540 xiv.
1865 3496 1993 3537 Celer.
2054 3542 2078 3551 ⁴.
2112 3540 2118 3551 -.
