2346 3996
531 286 791 328 VALERu
836 285 1079 326 ΜΑΧιΜι
1123 286 1241 327 ms.
1271 286 1407 325 vm.
1447 285 1584 326 cAP.
1616 265 1702 325 13.

209 411 360 451 menta
373 412 418 449 et
430 407 686 449 vestimenta
704 409 950 446 nectuntur.
980 405 1092 444 Sunt

210 473 324 513 enim
343 470 419 525 qni
437 469 594 511 ansulis
624 467 773 521 magis,
793 479 920 521 quam
949 466 1090 510 fibulis

213 534 504 576 delectentur.
531 532 686 572 Oliver.

265 596 475 648 Plantam]
518 595 591 636 Ad
611 607 696 644 res,
715 606 893 648 quarum
912 592 1091 647 coguiti-

209 671 334 702 onem
351 671 435 703 non
453 659 648 700 haberet.
675 658 784 700 Bad.

264 722 376 765 Ciu’.
395 733 502 764 xm.
546 721 748 762 Salutaris
774 720 986 775 principis]
1023 720 1092 762 ‘ri-

208 788 336 830 herii.

265 851 610 902 Aatongissimos
638 851 838 904 humanoe]
881 848 1094 891 Adulatux·

212 908 408 966 Tiberio,
452 927 572 956 more
618 914 791 955 illorum
838 919 1093 966 temporum,

210 978 453 1035 longaevam
472 981 514 1022 ei
533 981 664 1023 vitam
687 981 922 1034 precando.
978 980 1094 1024 Quin

206 1050 261 1086 ‘et
293 1045 545 1098 particulam
571 1047 674 1086 vitae
694 1045 928 1098 propriam«,
945 1043 1094 1097 demp-

215 1114 304 1150 tam
335 1108 435 1159 sibi,
464 1108 708 1149 Caesaribus
738 1108 823 1149 suis
862 1108 1094 1149 donabant.

214 1173 282 1213 De
300 1184 385 1226 qua
402 1183 449 1212 re
469 1173 603 1213 multa
620 1173 759 1215 multi.
812 1172 898 1214 Sed
918 1186 944 1214 ο
966 1186 1096 1214 vanas

204 1235 496 1288 {argitiones}
551 1237 733 1290 Sapiens
784 1237 887 1277 mihi
940 1239 1097 1291 Varro,

214 1298 366 1340 Modio
383 1313 394 1341 :
425 1299 526 1340 Non
546 1312 619 1341 eos
639 1302 802 1353 optime
820 1301 996 1352 vixisse,
1023 1301 1097 1355 qui

214 1362 452 1404 diutissime
483 1363 693 1420 yixerint,
712 1363 789 1404 sed
821 1365 894 1418 qui
929 1365 1096 1406 modes-

216 1426 398 1468 tissime.
427 1425 558 1469 Co'ler.

268 1490 332 1544 §l
363 1483 427 1533 Μ.
452 1490 631 1534 Valerius
665 1494 833 1548 corvus]
859 1494 964 1535 Sive
995 1494 1098 1536 Cor-

215 1555 355 1596 vinus.
412 1556 564 1598 Cicero
583 1556 625 1597 in
641 1557 804 1598 Catone
823 1558 1010 1611 Majore,
1026 1559 1098 1612 qui

219 1617 382 1660 dicitur
416 1630 441 1659 a
473 1619 686 1660 nonnullis
714 1621 768 1660 de
803 1623 978 1663 Senect.
1004 1623 1015 1644 ‘
1034 1623 1096 1663 M.

217 1681 390 1735 quidem
441 1683 588 1724 Valet.
629 1683 894 1736 Corvinum‚'
939 1686 1099 1738 inquit,

216 1745 230 1768 ‘
242 1745 489 1798 accepimus
504 1746 558 1786 ad
572 1748 854 1788 centesimum
869 1761 1025 1797 annum
1039 1750 1099 1790 vi·

216 1814 307 1864 tam
324 1819 444 1849 suam
462 1810 738 1862 produxisse,
768 1824 866 1852 cum
895 1819 1010 1853 esset
1026 1824 1098 1853 ex-

216 1877 316 1915 acta
326 1873 418 1926 jam
438 1878 571 1914 aetate
585 1874 629 1914 iu
641 1874 775 1928 agris,
793 1886 950 1930 eosque
970 1882 1099 1918 exeo-

217 1936 328 1978 leret
345 1949 358 1987 ;
388 1937 507 1989 cujus
526 1937 641 1978 inter
661 1939 844 1991 primuni
866 1946 912 1980 et
930 1945 1100 1982 sextum

214 1999 493 2040 ‘consulatum
523 2013 599 2041 sex
619 2009 665 2042 et
684 2002 973 2056 quadraginta
999 2006 1100 2046 anni

219 2060 546 2106 interfuerunt!
576 2065 691 2107 Plin.
714 2066 789 2108 lib.
811 2078 897 2109 vn.
917 2080 1011 2120 cap.
1031 2071 1100 2110 48.

219 2124 518 2167 ‘mvalerius
538 2127 776 2181 Corvinus,'
795 2130 952 2184 inquit,
973 2135 984 2155 ‘
998 2143 1100 2172 cen·-

219 2194 311 2231 tum
330 2189 525 2242 implevit
542 2204 693 2240 annos,
728 2194 849 2246 cujus
869 2194 980 2235 iuter
1011 2195 1098 2247 pri-

214 2264 334 2294 mum
370 2258 415 2294 et
449 2259 619 2295 sextum
659 2258 930 2298 consulatum
970 2267 1101 2300 xzvr.

219 2316 319 2357 anni
335 2315 475 2358 fuere.
532 2317 656 2359 Idem
675 2320 783 2360 sella
802 2322 940 2362 curuli
966 2323 1100 2363 semel

219 2391 272 2421 ac
305 2380 437 2421 vicies
470 2381 601 2432 sedit,
633 2383 805 2435 quoties
835 2396 960 2426 nemo
980 2385 1102 2426 alius.

217 2441 475 2496 Adaequavit
493 2444 588 2497 ejus
608 2445 708 2486 vitae
729 2447 916 2499 spatium
942 2449 1101 2490 Metel-

217 2506 285 2546 lus
315 2505 536 2548 Pontifex.
591 2509 661 2549 Ita
676 2517 885 2563 quantum
917 2513 1102 2565 spatium

214 2570 366 2612 atatis
384 2571 568 2624 majores
593 2574 729 2614 nostri
758 2587 853 2616 esse
875 2578 1103 2618 voluerunt

218 2633 274 2675 ad
293 2636 532 2677 senectutis
557 2637 744 2690 initium,
762 2645 907 2682 tantus
926 2642 988 2682 illi
1006 2654 1103 2685 cur·

218 2710 288 2739 sus
307 2699 515 2741 honorum
535 2700 650 2742 fuit!
691 2704 777 2745 Hic
798 2705 995 2747 Corvinus
1009 2706 1099 2748 dic-

213 2766 287 2802 tus
307 2766 392 2815 est,
411 2767 528 2804 teste
564 2764 699 2819 Livio,
719 2767 833 2820 quod
865 2768 1055 2821 Gallum,
1075 2782 1100 2809 a

218 2838 304 2880 quo
322 2832 582 2879 provocatus
606 2828 768 2883 fuerat,
796 2833 848 2872 ad
882 2833 1099 2887 singulare

212 2894 455 2943 certamen,
486 2892 703 2935 insidente
731 2895 859 2947 galea
878 2897 1036 2948 Corvo,
1054 2903 1100 2939 et

214 2953 433 3005 'unguibus
464 2961 695 3008 rostroque
738 2957 975 3000 infestante
1004 2962 1098 3003 hos-

219 3020 326 3066 tem,
345 3016 585 3057 interemit.
618 3018 724 3060 Oliv.

241 3118 245 3121 .
274 3079 400 3129 Cujus
419 3079 524 3119 inter·
539 3081 711 3132 primum
726 3087 764 3122 et
784 3088 939 3124 sextum
962 3095 1098 3126 consu-

218 3144 342 3184 zatum
359 3144 627 3194 quadraginta
645 3157 718 3186 sex
747 3147 842 3187 anni
870 3148 1100 3190 intercesse-

194 3205 334 3258 runt]
381 3207 453 3247 Ita
486 3209 631 3260 vulgo.
699 3210 752 3250 In
789 3211 1018 3265 Campensi
1054 3219 1101 3254 et

216 3270 484 3322 Cauchiano,
529 3275 792 3325 quadraginta
849 3280 888 3316 et
940 3283 1101 3328 septem.

218 3332 342 3372 Bene
372 3344 423 3374 ac
453 3342 693 3383 numerate,
723 3344 789 3378 tot
821 3339 934 3379 enim
970 3353 1100 3382 annos

218 3399 386 3447 ponunt
414 3396 527 3436 inter
546 3399 729 3450 primum
749 3406 795 3441 et
816 3402 1009 3443 ultimum
1038 3404 1101 3444 M.

217 3457 352 3560 'gorzi
389 3461 655 3502 consulatum
692 3463 813 3506 Fasti
851 3465 1101 3518 Capitolini.

259 3531 344 3637 ²32
375 3585 580 3640 Metellus]
603 3589 688 3630 Hic
709 3596 776 3633 est
790 3592 995 3634 Metellus
1012 3593 1099 3647 ille,

1151 1040 1342 1080 'centiam
1376 1044 1459 1079 non
1495 1039 1764 1092 requireret.'

1885 274 2029 329 1309

1153 405 1225 456 qui
1245 404 1350 446 Pius
1370 405 1707 460 cognominatus,
1737 405 1831 458 ejus
1859 406 2032 449 Metelli

1153 475 1296 520 pater,
1315 471 1387 522 qui
1426 483 1451 510 a
1482 470 1699 511 debellata
1729 469 1869 511 insula
1899 471 2033 512 Creta

1155 530 1319 570 Cretici
1358 544 1510 573 nomen
1549 538 1615 573 est
1652 530 1894 574 assecutus.
1965 534 2033 574 De

1155 606 1238 645 quo
1260 594 1411 635 Cicero
1428 595 1470 635 in
1483 596 1652 638 Catone
1668 596 1867 649 Maiore:
1887 596 1900 618 ‘
1916 596 2039 649 Ego,’

1155 656 1312 710 inquit,
1339 659 1352 704 ‚⁴
1375 659 1425 699 L.
1445 659 1674 700 Metellum
1707 659 1881 701 memini
1910 672 2038 713 puer,

1155 720 1228 772 qui
1263 733 1360 775 cum
1395 721 1677 774 quadriennio
1714 728 1815 775 post
1851 724 2036 767 alterum

1155 784 1424 824 consulatum
1443 783 1651 826 Pontifex
1683 786 1900 828 Maximus
1919 792 2039 828 esset

1156 845 1313 899 factus,
1327 847 1434 887 dnos
1450 853 1495 888 et
1515 849 1666 900 viginti
1685 846 1816 891 annos
1838 850 1878 891 ei
1898 862 2038 892 sacer-

1157 910 1275 952 dotio
1295 911 1490 964 praefuit,
1523 912 1584 952 ita
1615 912 1738 953 bonis
1755 914 1920 954 ‘viribus
1941 927 2038 956 esse

1157 980 1352 1015 extremo
1381 977 1582 1026 tempore
1616 976 1755 1016 aetatis
1785 979 1838 1017 ut
1871 977 2038 1018 adoles-

1820 1041 1907 1082 Hic
1937 1053 2040 1094 ergo

1154 1102 1200 1142 in
1228 1107 1368 1146 ,aetate
1400 1103 1494 1155 jam
1532 1103 1796 1155 provectiori
1834 1105 2041 1147 Pontifex

1157 1164 1313 1217 factus,
1327 1166 1370 1206 in
1391 1179 1442 1207 eo
1471 1168 1727 1220 magistratu
1759 1171 1838 1221 pei·
1867 1166 1971 1209 duos
1997 1174 2043 1210 et

1158 1229 1314 1282 viginti
1333 1241 1465 1270 annos
1484 1231 1544 1271 ita
1561 1239 1608 1271 'se
1629 1232 1778 1285 gessit,
1799 1240 1848 1274 ut
1869 1246 1954 1274 non
1975 1246 2042 1275 se·

1156 1304 1256 1346 nex,
1274 1294 1348 1334 sed
1374 1294 1549 1346 juvenis
1568 1308 1663 1336 esse
1686 1296 1935 1349 videretur3
1965 1310 2040 1338 ne-

1160 1371 1243 1411 que
1257 1359 1370 1398 enim
1389 1358 1535 1411 lingua
1555 1359 1597 1399 in
1615 1361 1946 1414 pronuntiando,
1958 1374 2044 1402 non

1160 1435 1310 1464 manus
1345 1424 1387 1463 in
1422 1425 1764 1466 administrando
1799 1427 1862 1467 illi
1896 1426 2044 1468 defue-

1158 1489 1278 1538 runt,
1298 1493 1345 1527 ut
1365 1487 1512 1540 lingua
1526 1488 1778 1541 balbutiret,
1797 1496 1872 1532 aut
1892 1504 2042 1532 manus

1162 1557 1384 1604 tremeret,
1443 1552 1558 1605 quod
1603 1554 1841 1596 senectutis
1891 1555 2045 1596 vitium

1155 1626 1251 1656 ¹esse
1273 1616 1396 1656 solet.
1432 1616 1583 1657 Oliver.

1217 1679 1267 1720 In
1285 1680 1388 1720 votis
1404 1680 1694 1734 nuncupandis]
1735 1678 1869 1735 Quia,
1900 1688 1949 1725 ut
1977 1697 2046 1725 su-

1163 1755 1242 1795 pra
1276 1743 1475 1796 diximus,
1508 1745 1668 1797 duplex
1698 1753 1766 1787 est
1797 1753 1942 1789 votum
1980 1760 2046 1790 se-

1162 1806 1346 1847 cundum
1361 1807 1584 1861 quosdam,
1598 1816 1857 1864 conceptum
1874 1818 1920 1854 et
1940 1825 2048 1853 nun·

1163 1871 1427 1923 cupativum.
1456 1872 1583 1913 Idem.

1220 1934 1403 1975 Tremula
1417 1936 1554 1988 manu]
1584 1937 1710 1979 Quod
1731 1937 1775 1978 in
1794 1938 1965 1981 senibus
1982 1953 2046 1981 es-

1163 2009 1210 2037 se
1228 1998 1368 2038 'soleat
1384 2003 1547 2040 ‘tremor
1562 2001 1734 2054 quidam
1748 2003 2050 2056 membrorum,

1159 2067 1208 2101 et
1227 2063 1471 2114 praesertim
1490 2077 1689 2107 manuum
1710 2078 1760 2108 ae
1780 2067 1954 2119 pedum,
1974 2080 2050 2109 ex-

1162 2125 1327 2166 haustis
1355 2127 1440 2180 iam
1461 2129 1638 2171 viribus.
1694 2131 1781 2171 Hic
1815 2144 1918 2172 vero
1948 2145 2048 2175 con-

1162 2190 1299 2230 stanti
1334 2203 1480 2244 manu,
1516 2192 1615 2234 dum
1654 2207 1778 2236 sacra
1815 2201 2046 2247 tractaret,

1163 2264 1333 2307 semper
1363 2254 1465 2303 fuit,
1496 2257 1586 2298 sive
1621 2259 1808 2299 cultrum
1841 2272 1867 2299 a
1901 2261 2047 2313 capite

1163 2319 1350 2360 victimae
1373 2320 1427 2361 ad
1454 2321 1635 2362 caudam
1668 2322 1924 2370 deduceret,
1957 2324 2048 2365 sive

1160 2389 1278 2428 mola
1298 2388 1514 2429 victimam
1544 2381 1814 2442 cultrumque
1842 2401 2041 2442 asperge·

1163 2455 1247 2502 ret,
1270 2463 1347 2491 seu
1380 2451 1568 2493 victimae
1608 2449 1806 2506 jugulum
1835 2453 2046 2505 aperiret.

1163 2517 1288 2557 Idem.

1215 2581 1282 2634 §3
1315 2581 1368 2627 Q.
1385 2584 1516 2622 autem
1546 2582 1696 2623 Fabius
1723 2582 1948 2636 Maximus]
1975 2582 2047 2625 Ad

1162 2645 1447 2686 centesimum
1467 2657 1621 2686 anuum
1655 2646 1902 2698 pervenisse
1925 2647 2047 2688 Fabi-

1162 2720 1251 2759 um,
1265 2708 1343 2749 hoc
1363 2721 1446 2749 uno
1466 2709 1622 2761 probat
1642 2717 1896 2763 argumento
1917 2712 2048 2752 Vale-

1163 2773 1265 2823 rius,
1296 2773 1409 2825 quod
1431 2773 1599 2813 duobus
1619 2779 1666 2814 et
1682 2775 1909 2827 sexaginta
1929 2776 2049 2817 annis

1161 2836 1315 2890 Augur
1331 2835 1478 2879 fuerit.
1535 2837 1700 2880 Plinius
1722 2851 1825 2881 vero
1845 2841 1952 2882 dicit
1970 2841 2046 2882 tri-

1161 2901 1239 2941 bus
1257 2906 1302 2942 et
1324 2901 1566 2954 sexaginta,
1598 2903 1702 2945 Nat.
1722 2903 1839 2945 Hist.
1866 2905 1942 2945 lib.
1962 2917 2048 2949 vn.

1160 2976 1286 3018 quem
1315 2965 1522 3006 honorem
1557 2978 1641 3006 non
1674 2966 1753 3007 nisi
1787 2973 1916 3008 aetate
1950 2980 2049 3020 pro*-

1161 3027 1343 3067 vectiori
1363 3028 1569 3082 consequi
1604 3031 1764 3082 potuit,
1802 3043 1899 3071 cum
1933 3032 2047 3083 ejus-

1160 3089 1278 3130 modi
1323 3090 1513 3143 dignitas
1552 3092 1902 3134 adolescentibus
1938 3107 2047 3134 nun-

1160 3165 1289 3205 quam
1327 3165 1407 3195 nec
1433 3155 1668 3207 juvenibus
1691 3156 1783 3196 dari
1814 3168 2047 3197 consueve-

1162 3216 1234 3255 rit.
1287 3217 1463 3270 Ergosi
1483 3225 1668 3272 tempus,
1687 3231 1770 3272 quo
1785 3226 1958 3260 creatus
1975 3226 2044 3260 est

1161 3279 1327 3333 Augur,
1355 3288 1402 3322 et
1420 3295 1503 3336 quo
1522 3283 1792 3336 Augur-atum
1822 3284 1975 3335 gessit,
2001 3284 2044 3324 in

1163 3355 1294 3384 unum
1327 3346 1642 3398 collegerimus,
1680 3347 1827 3387 saeculi
1858 3348 2043 3399 spatium

1163 3406 1444 3452 inveniemus.
1503 3409 1628 3450 Quod
1658 3409 1770 3449 idem
1804 3411 1966 3450 sentire
1986 3412 2045 3452 vi·

1165 3469 1295 3510 detur
1310 3471 1561 3523 Livius‚lib.
1584 3483 1699 3514 xxx.
1721 3473 1794 3526 qui
1817 3473 1950 3515 dicit:
1969 3475 2043 3518 Ὀ.

1163 3532 1322 3576 Fabius
1334 3535 1549 3574 Maximus
1565 3536 1743 3576 moritur
1757 3542 1923 3578 exactae
1941 3543 2043 3579 aeta-

1165 3596 1237 3648 tis,
1277 3597 1486 3650 siquidem
1522 3610 1668 3640 verum
1705 3606 1787 3653 est,
1826 3601 2041 3656 Augurem
