2288 3990
388 297 531 349 1054

380 430 567 478 spectat,
599 424 763 465 scilicet
802 418 974 468 Rostra,
1009 433 1102 474 quae
1133 420 1250 462 Julia

380 489 594 539 dicebant,
632 489 721 527 sive
762 486 898 526 Nova.
958 484 1069 524 Nam
1107 491 1253 525 vetera

380 553 453 592 illa
498 564 582 591 non
620 551 661 590 in
699 554 818 589 tanto
849 549 1024 598 honore,
1062 548 1127 587 vel
1161 559 1251 586 usu.

381 616 522 654 Vocat
537 612 783 653 Ammianus
804 611 816 633 ‘
836 609 1108 661 suggestum‚'
1128 622 1154 649 a
1168 608 1254 649 for·

381 689 466 726 ma,
497 687 621 728 quam
649 673 856 724 ostendit,
890 685 967 726 per
986 673 1142 726 gradus
1161 685 1253 712 sur-

384 739 558 788 rexisse,
593 749 688 777 cum
724 736 844 788 dicit,
886 736 1050 777 vertice
1086 735 1252 775 scansili

380 801 526 841 fuisse.
584 800 708 840 Dicit
725 806 772 839 et
789 799 1049 839 imitamenta
1066 800 1254 851 priorum

382 863 630 915 Principum
650 867 859 916 portasse,
883 862 927 903 id
947 869 1030 913 est,
1049 863 1189 902 vultus
1210 868 1255 901 et

382 931 546 967 statuas
573 938 744 966 eorum:
782 938 886 978 quas
915 926 1113 978 equidem
1145 925 1256 966 arbi-

383 995 471 1028 tror
489 989 531 1027 in
561 988 779 1040 gradibus,
814 988 867 1028 ad
896 994 1086 1029 extrema
1105 989 1258 1039 latera,

384 1050 614 1102 dispositas
649 1050 690 1089 in
721 1051 869 1091 ordine
901 1049 1045 1092 fuisse.
1100 1052 1256 1091 Eorum

387 1114 535 1164 basim,
561 1114 650 1153 sive
678 1114 775 1160 ima,
803 1119 953 1153 ornata
979 1114 1122 1153 rostris
1143 1113 1258 1153 navi-

386 1189 455 1216 um
487 1188 541 1216 ex
559 1174 742 1216 Actiaca
758 1175 952 1226 victoria,
985 1176 1067 1215 Dio
1088 1176 1258 1216 Cassius

387 1238 559 1278 docuit:
598 1242 644 1277 ct
673 1237 771 1277 inde
808 1238 1058 1277 Rostrorum
1094 1249 1261 1277 nomen.

387 1301 493 1341 Ideo
525 1306 668 1340 autem
704 1301 964 1340 ‘Consulum
1001 1299 1260 1351 suggestum?

388 1363 580 1414 appellat
613 1362 876 1414 Ammianus,
906 1363 1003 1414 qnia
1030 1363 1150 1403 initio
1177 1374 1262 1403 ma-

385 1425 590 1476 gistratus
634 1437 686 1464 eo
732 1425 1029 1471 conscendere!
1069 1425 1263 1465 solebant

386 1486 612 1538 Consules,
639 1491 686 1526 et
713 1487 915 1539 populum
939 1487 1157 1538 Salutare3
1191 1500 1262 1528 eo-

385 1549 483 1589 dem
503 1549 676 1600 iterum,
708 1562 804 1590 cum
824 1548 1092 1601 deponerent
1110 1550 1264 1602 magis·

386 1617 559 1652 tratum.
578 1613 677 1652 Mos
697 1612 751 1653 ab
773 1613 948 1665 antiquo
968 1612 1147 1664 mansit3
1166 1613 1264 1666 quia

387 1681 434 1714 et
470 1675 605 1727 adire,
638 1681 684 1715 et
718 1687 840 1715 orare
875 1675 978 1727 illic,
1019 1688 1070 1716 ac
1107 1675 1262 1727 gratias

395 1749 520 1788 agere
559 1738 718 1790 populo
749 1738 946 1778 solebant
977 1750 1054 1791 pro
1087 1739 1263 1780 honore.

389 1799 474 1839 Sed
491 1797 692 1840 inferiore
713 1805 759 1840 et
777 1799 1029 1853 Principum
1049 1813 1142 1841 aevo
1160 1800 1265 1841 nihil

385 1859 567 1913 factum,
595 1861 677 1901 nisi
701 1868 752 1902 ut
770 1862 1129 1915 conscenderent,
1155 1864 1264 1904 salu-

386 1930 544 1977 tarent,
565 1926 754 1979 itemque
781 1926 994 1978 jurarent,
1022 1933 1097 1968 aut
1125 1928 1264 1981 ejura-

387 1992 497 2027 rent.
550 1987 646 2028 Imo
684 1994 731 2028 et
766 1987 929 2028 sedisse
965 1988 1052 2029 illic
1084 1989 1128 2029 in
1161 1992 1266 2031 sella

387 2049 522 2089 curuli
543 2049 755 2102 videntur,
784 2055 829 2090 et
853 2051 914 2091 sic
933 2063 978 2090 se
1008 2052 1264 2105 ostendisse,

390 2111 507 2162 quasi
527 2111 706 2163 auspicii
723 2124 866 2153 cansa.
902 2113 1079 2166 Lipsius.

444 2173 643 2225 Obsitum]
698 2175 1019 2216 Circumdatum
1051 2175 1266 2229 rubigine,

389 2236 510 2276 velut
524 2236 679 2288 rigore.

443 2300 465 2350 ς
503 2302 531 2339 6
569 2299 761 2352 Virtutis]
817 2300 931 2343 Quia
971 2306 1153 2355 uterque
1198 2314 1268 2344 res

388 2374 561 2414 magnas
587 2368 716 2416 atque
746 2365 974 2419 praeclaras
1001 2377 1080 2417 pro
1101 2365 1267 2417 republ.

390 2425 539 2475 gessit.

440 2487 739 2541 Honorumque]
778 2491 864 2533 Qui
901 2491 1024 2531 ambo
1059 2491 1266 2533 Consules

389 2554 435 2587 et
455 2549 664 2590 Censores
680 2551 803 2592 simul
823 2553 1015 2593 fuerunt.

438 2613 645 2665 duriatum]
674 2615 791 2666 Lego
811 2627 867 2655 ex
885 2615 959 2655 lib.
976 2620 1063 2657 vet.
1082 2617 1268 2669 vinctum,

386 2674 441 2713 ob
467 2686 648 2727 sequens
668 2677 842 2717 verbum
859 2678 1094 2719 instrictum.
1122 2679 1265 2719 Coler.

442 2737 692 2790 Instv·ictum,
708 2738 796 2790 isa]
835 2741 936 2780 Duo
955 2740 1144 2792 codices,
1163 2741 1268 2781 Pul·

384 2800 637 2840 mannianus
675 2807 722 2840 et
751 2801 968 2853 Susianus,
995 2815 1140 2843 veram
1158 2804 1268 2844 hanc

386 2862 618 2902 lectionem
652 2862 860 2915 referunt,
887 2877 983 2917 quae
1013 2877 1098 2905 non
1117 2877 1266 2917 parum

387 2925 656 2977 antiquitatis
704 2926 889 2967 redolet.
944 2927 957 2949 ‘
988 2926 1266 2979 Instringere'

387 2991 499 3031 enim
519 2991 741 3043 impedire,
755 2992 992 3043 implicare,
1005 3005 1055 3032 ac
1075 3004 1268 3045 compes-

388 3066 488 3094 cere
508 3061 604 3095 est:
633 3067 715 3108 qua
739 3055 781 3096 in
800 3055 1112 3108 significatione
1131 3056 1270 3096 utitur

388 3127 439 3156 eo
487 3117 683 3158 Catullus
731 3116 785 3158 ad
834 3118 1021 3169 seipsum
1075 3119 1223 3159 dicens
1255 3133 1268 3160 ε

390 3180 403 3201 ‘
425 3179 541 3220 Quin
568 3184 612 3220 te
642 3179 780 3220 animo
808 3179 1021 3232 adfirmas,
1050 3185 1179 3234 teque
1206 3181 1269 3221 in-

392 3242 664 3296 stringisque,
681 3243 952 3296 reducisque,
974 3245 1030 3284 Et
1044 3244 1140 3285 Diis
1160 3244 1266 3285 invi-

393 3304 449 3344 tis
470 3304 628 3344 desinis
649 3316 742 3345 esse
761 3305 917 3346 miser-⁹
982 3305 1084 3347 Alia
1100 3317 1268 3359 quoque

394 3368 654 3424 exemplaria
698 3367 787 3419 eJus
834 3367 1026 3408 retinent
1071 3369 1268 3409 lectionis

395 3430 596 3482 vestigia:
626 3443 724 3471 nam
744 3431 1010 3483 Campense:
1045 3431 1269 3471 insti-ictum

388 3496 516 3530 autem
557 3493 818 3534 oemulationis
863 3493 1005 3543 animo,
1053 3491 1186 3542 dicit3
1223 3497 1268 3533 et

959 304 1134 344 No'rAE
1178 302 1505 343 vAmoRUM
1548 301 1611 340 IN

1315 418 1620 470 Atrebatense‚
1672 418 1921 468 instructum,
1971 417 2188 458 mendose.

1315 482 1390 521 Ait
1404 482 1549 534 itaque
1562 481 1776 532 Valerius,
1792 480 2084 533 paronomasia
2102 492 2185 520 non

1315 545 1506 596 illepida,
1525 545 1740 584 instrictos
1772 543 2050 585 aemulationis
2065 544 2187 584 hamo

1315 619 1513 646 censores
1550 606 1788 647 districtam
1822 607 1891 659 (ut
1926 607 2108 647 habetur
2141 607 2186 646 iu

1316 668 1614 719 Atrebatensi)
1641 670 1762 709 simul
1790 668 1926 720 egisse
1948 679 2194 719 censuram,-

1317 732 1549 783 detersam,
1574 732 1738 783 justam
1756 744 1805 773 ac
1825 729 2081 782 emunctam,
2098 743 2186 772 me-

1318 794 1498 850 taphora
1513 807 1538 835 a
1557 795 1906 846 distringentibus
1919 807 1965 836 se
1978 795 2021 835 in
2034 795 2186 836 balneo

1317 865 1498 910 sumpta,
1537 859 1610 912 qui
1642 859 1790 899 sordes
1817 859 2005 911 corporis
2035 859 2190 900 lacinia

1317 922 1525 972 strigilive
1561 923 1811 975 detergunt,
1857 927 1932 962 aut
1966 921 2190 963 abradunt.

1320 987 1509 1036 Pighius.
1688 993 1693 998 '

1370 1050 1558 1100 Vulgata
1589 1052 1732 1088 tamen
1765 1048 1894 1089 lectio
1923 1048 2098 1089 retineri
2117 1059 2197 1100 po-

1322 1116 1436 1151 test:
1463 1112 1652 1152 instinctu
1671 1115 1802 1151 autem
1824 1112 2083 1151 mutationis
2109 1111 2195 1151 ani-

1321 1188 1382 1216 mo
1397 1176 1602 1216 dissidens.
1657 1177 1770 1216 Satis
1787 1176 2032 1228 perspicue.

1377 1238 1620 1277 Firmissime
1667 1237 1848 1287 Reipubl.
1892 1236 2037 1287 latera]
2082 1235 2194 1278 Quia

1323 1301 1434 1340 alter
1451 1311 1581 1340 eausa
1608 1299 1767 1352 fuerat,
1794 1305 1842 1340 ut
1867 1299 2096 1351 Asdrubal,-
2121 1300 2195 1352 qui

1323 1370 1503 1404 venerat
1529 1363 1572 1404 in
1599 1365 1944 1416 supplementum
1978 1363 2196 1414 Annibali,

1323 1439 1419 1467 cum
1440 1428 1552 1467 omni
1571 1426 1768 1468 exercitu
1796 1426 1839 1466 in
1871 1426 2001 1466 Italia
2031 1426 2197 1467 delere—

1324 1494 1408 1540 tur,
1427 1490 1539 1530 alter
1558 1495 1607 1531 ut
1625 1489 1814 1529 Annibal
1832 1501 1889 1529 ex·
1913 1488 2040 1529 Italia
2062 1487 2198 1530 disee·

1325 1552 1427 1594 dere
1463 1557 1706 1604 cogeretur,
1744 1557 1789 1592 et
1822 1557 1887 1592 est
1921 1551 2140 1591 translatio
2173 1563 2198 1590 a

1325 1626 1507 1666 corpore
1544 1621 1741 1665 sumpta:
1771 1619 1819 1654 ut
1850 1613 1962 1654 enim
1990 1614 2198 1654 lateribus

1325 1689 1508 1730 corpora
1527 1677 1800 1717 stabiliuntur
1817 1689 1829 1726 ς
1868 1676 1931 1716 ita
1946 1675 2011 1715 his
2029 1674 2198 1715 duobus

1325 1739 1457 1791 Resp.
1475 1739 1729 1779 confirmata
1745 1737 1927 1778 videtur.
1957 1737 2123 1777 Oliva-.-
2207 1730 2210 1733 ’

1380 1802 1568 1854 Equitum
1602 1800 1818 1851 centurias]
1855 1798 2066 1840 Ostendit
2096 1810 2198 1852 qno-

1325 1864 1450 1905 modo
1470 1863 1743 1904 severitatem
1776 1862 2071 1902 exercuerint:
2087 1873 2197 1901 >nam

1327 1926 1472 1968 Livius
1491 1925 1706 1967 Salinator
1735 1925 1874 1976 legem
1902 1923 1957 1964 de
1975 1923 2199 1964 vendendo

1326 1991 1417 2030 sale
1434 1988 1711 2030 arctissimam
1732 1988 1907 2038 tulerat,
1934 1987 2094 2039 populo
2113 1987 2200 2026 val·

1327 2052 1379 2092 de
1401 2052 1635 2101 molestam,
1652 2062 1707 2090 ex
1728 2062 1811 2102 quo
1831 2049 1956 2101 paulo
1969 2054 2068 2100 post
2082 2049 2199 2088 dam-

1327 2120 1452 2154 natus
1472 2119 1540 2152 est
1558 2125 1583 2152 a
1603 2112 1784 2165 populo:
1814 2117 1913 2163 post
1943 2111 2054 2151 hanc
2082 2110 2198 2150 dam-

1327 2177 1545 2217 nationem
1581 2174 1774 2227 ejusdem
1808 2174 1956 2226 populi
1991 2171 2201 2225 suffragiis

1329 2239 1484 2280 Consul
1506 2237 1658 2290 primo,
1677 2236 1833 2277 deinde
1851 2237 2014 2277 Censor
2030 2241 2200 2277 creatus

1328 2307 1421 2342 est:
1459 2314 1557 2341 cum
1588 2300 1720 2352 igitur
1752 2299 1903 2341 Idibus
1941 2298 2201 2342 Quintilibus

1328 2364 1495 2417 equites
1540 2363 1596 2403 de
1639 2374 1758 2402 more
1806 2362 2201 2412 transveherentur,

1329 2424 1617 2477 Claudiusque
1637 2437 1687 2465 ac
1716 2425 1928 2465 Salinator
1953 2425 2008 2464 ob
2037 2424 2202 2464 robusti

1327 2487 1515 2540 corporis
1535 2487 1644 2527 vires
1668 2487 1808 2527 adhuc
1826 2487 1870 2527 in
1889 2497 2068 2527 numero
2083 2485 2202 2538 eqni-

1327 2557 1418 2591 tum
1461 2556 1618 2601 essent,
1669 2557 1895 2603 postquam
1941 2550 1995 2590 ad
2042 2549 2200 2591 tribum

1326 2614 1511 2654 Polliam
1545 2619 1717 2654 ventum
1750 2619 1830 2664 est,
1858 2613 1901 2652 in
1932 2624 2018 2664 qua
2046 2622 2199 2653 nomen

1326 2676 1575 2716 Salinatoris
1588 2681 1697 2727 erat,
1707 2675 1820 2715 illius
1834 2674 2004 2715 nomine
2019 2685 2045 2713 a
2061 2673 2200 2715 scriba

1325 2739 1440 2779 lecto
1472 2750 1614 2790 praeco
1640 2738 1868 2789 dubitavit,
1892 2749 1946 2778 an
1975 2736 2088 2777 tanti
2121 2735 2198 2775 viri

1324 2814 1480 2842 nomen
1493 2802 1740 2849 damnatum
1751 2800 1929 2841 efferret
1945 2814 1957 2851 ς
1971 2800 2083 2853 quod
2100 2811 2197 2840 cum

1326 2866 1490 2916 collega
1531 2865 1624 2916 ejus
1661 2865 1779 2906 Nero
1815 2863 2201 2911 animadvertisset,

1317 2929 1446 2981 jussit
1461 2940 1706 2981 praeconem
1725 2939 1927 2980 expresse
1940 2932 1986 2968 et
1994 2925 2203 2967 audacter

1327 3005 1481 3034 nomen
1517 2993 1765 3048 Salinatoris
1793 2993 1968 3043 excire3
2002 2996 2048 3031 et
2083 2991 2200 3030 illum

1328 3068 1481 3109 equum
1502 3056 1690 3096 vendere
1721 3055 1879 3106 coegit,
1912 3054 2012 3108 quia
2027 3052 2205 3093 damna-

1329 3124 1398 3159 tus
1418 3125 1535 3158 esset
1554 3131 1579 3158 a
1599 3118 1771 3170 populo.
1802 3117 1948 3157 Oliner.
2179 3120 2182 3123 '

1380 3181 1448 3221 Ad
1467 3181 1634 3221 Polliam
1651 3184 1808 3220 ventum
1824 3177 1988 3229 tribum]
2024 3177 2203 3218 Scilicet

1329 3243 1542 3283 citandam
1569 3242 1622 3282 ad
1642 3240 1825 3281 officium
1845 3240 2043 3290 militare,
2061 3239 2104 3279 in
2119 3251 2204 3291 qua

1329 3305 1444 3345 tribu
1464 3310 1555 3344 erat
1574 3305 1801 3345 Salinator.
1829 3303 1997 3344 Badius.

1383 3367 1541 3418 Proeco]
1588 3367 1781 3407 Tabellio
1815 3365 1984 3406 nomina
2014 3367 2200 3420 equitum

1329 3430 1516 3481 legebat,
1531 3430 1681 3470 Praeco
1698 3441 1798 3469 vero
1813 3429 2079 3479 nominabam
2099 3441 2202 3481 ergo

1330 3492 1466 3532 noluit
1513 3492 1667 3534 Praeco
1713 3486 1972 3545 damnatum,
2022 3497 2202 3553 propter,
