2320 4004
409 296 547 349 1112

406 437 496 464 sum
515 425 556 464 in
574 425 696 474 coelo,
717 435 798 476 quo
815 428 923 462 stare
943 424 1182 474 consuevit,
1203 425 1274 463 ali-

405 488 573 538 quando
611 487 802 534 vidisset,
839 483 984 524 melius
1029 492 1148 525 certe
1189 500 1271 527 non

404 549 646 590 effinxisset.
677 548 881 587 oliverius.

454 611 738 662 Lineamentis]
778 611 1013 651 Subtilibus
1042 613 1270 665 sculpturis

401 683 445 716 et
464 675 691 716 caelaturis.

451 740 515 789 §5
550 735 850 787 Epaminondas]
887 736 1068 776 Constat
1096 737 1267 789 Epami-

396 802 575 842 nondam
596 801 780 840 omnium
797 800 1263 842 Thebanorumducem

390 864 518 904 fuisse
553 863 848 913 clarissimum,
893 864 1001 903 adeo
1043 869 1107 915 ut,
1151 869 1264 905 teste

390 926 577 977 Justino,
607 939 702 966 cum
746 927 818 966 illo
851 934 952 967 nata
989 935 1033 968 et
1070 928 1264 969 extincta

390 990 526 1029 omnis
546 990 696 1041 patriae
716 990 852 1040 gloria
879 989 1010 1029 fnisse
1041 991 1260 1033 videatur:

386 1062 483 1090 nam
505 1058 604 1106 post
634 1052 753 1092 illum
781 1053 967 1093 Thebani
987 1054 1261 1095 memorabile

387 1115 546 1154 nullum
575 1127 758 1168 unquam
788 1116 946 1155 bellum
976 1128 1162 1168 gessere,
1182 1130 1259 1158 nec

387 1177 616 1218 virtutibus
637 1184 711 1218 aut
729 1178 855 1218 rebus
872 1179 1019 1230 gestis,
1038 1179 1111 1218 sed
1128 1180 1258 1220 cladi-

386 1241 465 1280 bus
512 1241 700 1293 insignes
745 1253 914 1293 semper
955 1241 1088 1282 fuere.
1161 1245 1258 1283 Fuit

384 1302 511 1342 etiam
543 1303 826 1354 Philosophus
859 1315 1061 1354 summm,
1091 1316 1145 1344 ex
1172 1318 1257 1357 quo

383 1360 558 1406 dubium
594 1367 832 1406 hominibus
869 1367 1058 1419 reliquit,
1104 1369 1168 1408 vir
1202 1381 1255 1409 ne

381 1430 530 1469 melior
560 1442 612 1469 an
645 1430 732 1469 dux
761 1429 913 1470 fuerit:
943 1442 1038 1469 nam
1059 1435 1104 1470 et
1122 1431 1255 1483 impe-

380 1493 487 1532 rium
518 1506 603 1533 non
626 1493 728 1545 sibi,
756 1493 830 1532 sed
862 1493 1013 1544 patriae
1035 1495 1254 1546 quaesivit3

378 1559 572 1608 pecuniae
601 1558 710 1599 adeo
748 1570 899 1609 parcns
929 1557 1030 1607 fuit,
1060 1565 1106 1598 nt
1134 1558 1253 1600 fune·

380 1620 464 1660 bris
483 1629 677 1673 sumptus
705 1620 905 1662 defuerit.
961 1622 1119 1661 Gloriae
1150 1636 1251 1675 quo·

377 1696 460 1736 que
506 1698 590 1724 non
633 1685 843 1736 cupidior,
879 1696 1002 1736 quam
1040 1686 1249 1736 pecunia»,

375 1747 532 1799 quippe
565 1747 783 1788 recusanti
808 1747 948 1786 omnia
979 1747 1158 1798 imperia
1187 1748 1247 1787 in-

373 1817 495 1861 gesta
515 1817 629 1862 sunt,
658 1812 923 1863 honoresque
940 1812 1002 1851 ita
1021 1812 1170 1863 gessit,
1201 1819 1248 1854 ut

372 1880 665 1915 ornamentum
695 1887 779 1914 non
805 1874 1019 1925 accipere,
1048 1875 1124 1914 sed
1145 1876 1247 1916 dare

370 1937 451 1987 ipsi
481 1938 680 1989 dignitati
707 1937 951 1986 videi-etun
980 1937 1073 1989 jam
1105 1939 1248 1979 litera-

370 2011 462 2039 rum
481 2001 685 2050 studium,
714 2001 804 2051 jam
825 1999 1111 2051 Phitosophiae
1146 2002 1247 2042 doc-

370 2063 482 2102 trina
525 2070 659 2114 tanta,
696 2067 744 2102 nt
784 2062 974 2101 mirabile
1010 2062 1248 2116 videretur,

368 2125 481 2164 unde
500 2131 586 2164 tam
607 2125 782 2176 insignis
798 2124 960 2164 militiae
981 2125 1162 2166 scientia
1173 2128 1244 2167 ho-

363 2188 466 2227 mini
487 2188 600 2227 inter
619 2188 767 2227 literas
789 2193 902 2228 nato.
930 2187 1122 2229 AEmilius
1137 2191 1243 2231 Pro-

364 2250 443 2290 bus
471 2251 585 2291 hunc
615 2251 807 2291 omnibus
838 2250 973 2290 ferme
1008 2252 1240 2295 virtutibus

362 2319 555 2354 ornatum
571 2313 702 2354 fuisse
718 2319 1040 2365 commemorat,
1054 2316 1239 2367 pruden-

362 2375 437 2426 tia,
485 2378 707 2430 aequitate,
752 2377 978 2429 modestia,
1017 2379 1240 2430 sapientia,

360 2439 423 2478 rei
441 2440 637 2480 militaris
657 2440 826 2491 peritia,
841 2439 971 2480 animi
986 2446 1031 2481 et
1047 2444 1237 2494 corporis

357 2501 628 2554 fortitudine,
672 2504 949 2553 continentia,
993 2505 1239 2558 clementia,

359 2564 572 2615 patientia
599 2578 702 2606 vero
733 2571 871 2615 tanta,
903 2570 952 2605 ut
984 2578 1066 2605 non
1100 2569 1233 2608 solum

356 2630 523 2681 populi,
560 2629 633 2670 sed
672 2631 803 2671 etiam
840 2632 1070 2671 amicorum
1104 2631 1234 2673 facile

355 2690 491 2732 ferret
507 2692 704 2743 injurias;
732 2693 839 2732 adeo
859 2694 1052 2734 veritatis
1071 2700 1231 2735 amato·

356 2766 445 2795 rem
474 2755 606 2796 fuisse
627 2756 776 2806 tradit,
795 2761 845 2796 ut
871 2768 925 2796 ne
938 2757 1041 2808 joco
1060 2757 1230 2809 quidem

352 2819 623 2870 mentiretur,
643 2813 750 2859 adeo
766 2820 1073 2859 taciturnitatis
1092 2833 1231 2861 serva-

354 2887 506 2933 torem,
540 2890 586 2923 ut
619 2884 844 2924 commissa
872 2889 1028 2923 cuncta
1054 2885 1231 2935 celaret,

354 2945 588 2986 studiosum
622 2958 790 2999 quoque
823 2945 1038 2994 audiendi,
1072 2959 1125 2986 ex
1145 2960 1229 2999 quo

347 3006 480 3049 facile
498 3009 606 3049 disci
637 3020 762 3060 posse
791 3007 1097 3054 arbitrabatur,
1127 3010 1230 3048 mul-

349 3078 479 3126 taque
499 3074 582 3115 alia
601 3073 655 3113 de
676 3074 757 3114 hoc
786 3073 876 3113 viro
896 3073 1109 3113 memoriae
1129 3086 1227 3126 pro-

350 3135 477 3186 didit,
513 3149 608 3190 quae
652 3137 824 3188 longum
859 3140 973 3175 esset
1011 3146 1223 3177 enarrare.

352 3200 502 3240 Oliver.

401 3264 518 3314 Apud
544 3275 607 3302 eos
633 3260 957 3312 sordidissimum]
984 3261 1109 3303 Quod
1128 3274 1222 3315 pro-

349 3325 484 3376 prium
503 3325 601 3366 huic
625 3324 912 3376 Reipublicae.
968 3324 1112 3363 Romae
1134 3338 1222 3366 mu-

346 3400 425 3427 nus
445 3389 488 3428 id
519 3394 611 3428 erat
641 3387 876 3428 Censorum
910 3387 978 3426 vel
1005 3386 1218 3429 AEdilium.

348 3452 477 3501 Apud
506 3451 633 3491 Indos
654 3452 732 3490 τῶν
749 3448 983 3502 Ἀρχόντων,
1005 3455 1052 3488 ut
1071 3450 1220 3491 scribit

346 3514 499 3555 Strabo
538 3513 613 3555 lib.
663 3524 742 3553 xv.
801 3511 1069 3553 Dicebantur
1103 3513 1216 3565 apud

978 308 1151 345 NOTAE
1199 307 1527 352 VARIORUM
1573 314 1639 352 IN

1339 426 1564 469 Thebanos
1594 430 1814 483 τελέαρχοι.
1869 432 2026 475 Eorum
2059 447 2212 483 munus

1338 488 1467 530 fuisse
1495 492 1581 544 περὶ
1600 493 1688 533 τοὺς
1707 495 1924 536 στενωποὺς
1952 498 2118 546 ἐκβολῆς
2144 513 2210 538 κο-

1335 553 1454 603 πρίων
1483 554 1546 594 καὶ
1583 555 1779 607 ῥευμάτων
1811 559 2029 611 ἀποτροπῆς
2059 561 2213 601 scribit

1335 614 1589 655 Plutarchus
1615 618 1656 656 in
1688 619 1884 672 Praecep.
1917 623 2048 663 Polit.
2082 622 2212 675 Apud

1335 678 1554 716 nonnullos
1574 678 1757 719 Graeeiae
1778 683 1956 733 populos
1984 684 2088 725 dicti
2107 690 2207 724 sunt

1331 737 1548 788 ἀστυνόμοι.
1589 742 1763 781 coleras.

1385 803 1560 855 Mimfica
1579 805 1729 855 deinde,
1755 805 1843 856 elsa]
1871 807 1999 849 Quod
2021 808 2206 848 maxima

1329 877 1432 905 cura
1451 872 1495 906 et
1516 867 1735 918 diligentia
1765 868 1871 908 illud
1906 882 2054 910 munus
2081 884 2205 912 exer-

1328 929 1481 969 cuerit.

1380 993 1401 1042 §
1422 996 1448 1031 6
1474 992 1662 1044 Annibal]
1690 994 1865 1035 Prusias
1892 1007 1967 1036 rex
1987 997 2201 1050 Bithyniae

1326 1051 1426 1104 fuit,
1459 1055 1573 1106 apud
1610 1069 1733 1109 quem
1763 1056 1951 1099 Annibal
1983 1061 2203 1112 exulabat,

1324 1122 1545 1170 postquam
1569 1119 1704 1159 victus
1725 1133 1748 1160 a
1764 1121 1981 1173 Romanis,
1997 1129 2199 1176 tanquam

1323 1182 1440 1232 rupti
1476 1174 1649 1223 foederis
1687 1191 1853 1236 auctor,
1884 1186 2200 1239 depascebatur

1323 1245 1374 1283 ad
1396 1258 1556 1297 poenas.
1589 1247 1737 1288 Oliver.

1374 1307 1580 1359 Prusiam]
1609 1309 1712 1349 Cum
1735 1310 1927 1350 Eumene
1949 1313 2076 1353 Ponti
2093 1325 2198 1366 rege

1320 1374 1422 1408 tunc
1444 1369 1599 1409 bellum
1620 1371 1809 1412 habebat
1837 1384 1912 1411 rex
1932 1373 2124 1424 Prusias,
2149 1382 2195 1416 et

1319 1433 1469 1484 praelio
1497 1434 1637 1473 navali
1667 1434 1922 1476 dimicabat:
1952 1448 2048 1476 nam
2073 1437 2194 1478 illum

1319 1497 1512 1535 terrestri
1546 1497 1696 1547 proelio
1732 1505 2026 1549 superaverat.
2081 1501 2194 1541 Con·

1317 1560 1484 1599 sulebat
1515 1559 1767 1601 Annibalem
1801 1563 1987 1614 Prusias,
2003 1566 2192 1618 nunquid

1316 1633 1502 1672 pugnam
1539 1635 1632 1663 cum
1681 1624 1802 1664 hoste
1840 1627 2190 1668 committendam

1315 1695 1406 1723 esse
1423 1687 1692 1734 consuleret3
1714 1688 1936 1738 respondit
1956 1702 2030 1730 rex
2046 1690 2088 1730 id
2107 1691 2189 1740 sibi

1313 1747 1423 1785 extis
1443 1759 1524 1786 non
1545 1749 1756 1798 portendi.
1813 1750 1922 1790 'rum
1944 1752 2188 1803 indignatus

1310 1806 1512 1859 Annibal,
1541 1811 1687 1860 mavis,
1718 1811 1871 1863 inquit,
1897 1813 2087 1854 vitulinae
2117 1826 2188 1854 ca·

1311 1873 1654 1924 runculae‚qnam
1690 1875 1826 1912 veteri
1856 1875 2111 1926 Imperatori
2139 1877 2186 1916 fi-

1309 1933 1406 1972 dem
1426 1934 1611 1974 habere?
1641 1935 1806 1976 Quibus
1824 1938 1961 1976 verbis
1982 1949 2056 1978 rex
2071 1950 2186 1979 com·

1307 2000 1463 2045 metim,
1490 1997 1685 2047 proelium
1724 2000 1933 2051 suscepit,
1963 2006 2007 2040 et
2038 2001 2186 2042 hostes

1307 2059 1541 2109 superavit.
1586 2060 1681 2100 Hae
1715 2069 1856 2101 autem
1890 2063 2049 2104 astutia
2082 2075 2185 2105 usus

1307 2126 1373 2160 est
1392 2120 1591 2171 Annibal,
1622 2123 1694 2175 qui
1723 2131 2028 2177 strategemate
2049 2127 2182 2167 omni*-

1307 2195 1390 2235 que
1437 2185 1673 2226 ealliditate
1719 2189 1945 2239 plurimum
1994 2190 2180 2232 valebat.

1301 2247 1440 2287 Jussit
1460 2248 1632 2299 lagenas
1661 2249 1815 2290 fictiles
1843 2252 2028 2292 omnium
2050 2264 2179 2305 gene-

1302 2322 1394 2350 rum
1440 2313 1712 2363 serpentibus
1748 2316 1920 2367 repleri,
1957 2322 2003 2357 et
2037 2318 2180 2358 media

1300 2386 1442 2426 pugna
1456 2376 1499 2415 in
1521 2389 1648 2417 naves
1665 2379 1846 2419 hostiurn
1867 2381 2037 2432 conjici.
2065 2381 2179 2433 Bon·

1301 2437 1376 2478 tici
1425 2438 1607 2490 primum
1658 2440 1917 2493 illudebant,
1964 2439 2180 2495 dicentes,

1298 2502 1508 2552 quomodo
1537 2515 1634 2542 cum
1664 2503 1867 2544 fictilibus
1884 2505 2048 2557 lagenis
2069 2515 2174 2559 pug-

1297 2575 1399 2603 nare
1433 2570 1651 2616 poterunt,
1687 2566 1758 2618 qui
1799 2569 1924 2607 armis
1955 2579 2039 2607 non
2077 2576 2175 2620 pos-

1296 2628 1419 2666 sunt?
1454 2626 1608 2667 deinde
1636 2640 1731 2668 cnm
1769 2629 1916 2681 injecti
1947 2633 2173 2682 serpentes

1296 2698 1372 2740 per
1391 2700 1518 2730 naves
1539 2690 1780 2731 fervescere
1813 2699 2050 2743 coeperunt,
2078 2700 2169 2734 tum

1293 2753 1477 2805 denique
1496 2754 1640 2793 hostes
1661 2754 1838 2806 ancipiti
1866 2755 1975 2794 malo
2004 2761 2168 2806 perter-

1291 2815 1380 2865 riti,
1395 2817 1435 2854 in
1447 2814 1588 2868 fugam
1604 2818 1736 2856 naves
1748 2821 1980 2857 verterunt.
2013 2816 2165 2858 Olim-era

1294 2880 1408 2928 Apud
1429 2879 1612 2919 Prusiam
1639 2892 1767 2930 regem
1785 2880 1983 2932 exularet]
2011 2881 2168 2921 Cicero

1291 2939 1346 2979 de
1376 2941 1520 2983 Divin.
1559 2943 1633 2981 lib.
1668 2954 1719 2982 ιι.
1752 2950 1795 2982 et
1824 2943 2083 2984 Plutarchus
2111 2943 2166 2983 de

1291 3004 1454 3044 Exsilio
1474 3006 1554 3045 hoc
1575 3003 1787 3045 Antiocho
1820 3005 1980 3046 dictum
2014 3003 2163 3054 refert.

1291 3067 1498 3107 Corradus.

1339 3128 1520 3181 Abscise]
1549 3129 1600 3170 Id
1626 3135 1711 3182 est,
1732 3143 1810 3183 per
1829 3130 2057 3184 abruptum
2073 3139 2163 3172 ser*

1285 3203 1468 3231 monem.

1285 3248 1286 3251 ¹
1338 3255 1554 3306 Hispanias
1589 3254 1762 3308 ereptas]
1813 3256 2015 3297 Breviter
2063 3268 2160 3310 per·

1285 3319 1456 3358 strinxit
1477 3327 1634 3358 cuncta
1653 3317 1875 3358 Annibalis
1909 3324 2046 3370 gesta,
2063 3330 2159 3371 quae

1285 3381 1446 3421 decade
1475 3381 1650 3421 secundi
1680 3382 1836 3422 Punici
1869 3382 1970 3422 belli
2002 3382 2156 3434 plenis-

1282 3447 1386 3486 sime
1417 3445 1672 3486 referuntur.
1727 3445 1964 3499 Hispanias]
1997 3446 2158 3486 Ulteri-

1281 3522 1394 3552 orem
1418 3516 1463 3550 et
1490 3510 1750 3557 citeriorem,
1780 3522 1886 3563 quas
1917 3509 2157 3551 abstulerat
