2288 3990
507 282 766 325 vALERn
810 282 1052 323 ΜΑΧιΜι
1095 283 1213 323 mn.
1253 283 1293 322 1.
1332 270 1542 322 GAP.6.

120 413 203 444 non
231 413 354 442 secus
383 412 434 442 ac
465 401 594 441 habet
627 400 806 440 Orosius
835 400 909 441 lib.
929 412 991 440 lv.

120 477 162 506 c.
182 468 246 505 1⁵.
265 465 367 515 apud
382 463 549 504 Antium
566 463 796 503 metentibus
814 467 993 503 cruentas

114 525 241 578 spen
255 525 300 565 in
313 525 461 566 corbem
477 525 679 565 decidisse.
700 525 892 575 Pighius.

166 589 219 630 11·
234 589 404 640 corbem]
438 588 491 629 Id
525 594 608 637 est,
641 600 711 626 vas
749 587 992 637 vimineum,

112 650 156 690 in
177 650 289 704 quod
302 651 560 701 colliguntur
572 651 721 701 spicae,
736 650 835 690 dum
850 650 989 690 inten-

113 712 202 753 sius
220 718 288 752 est
307 725 470 754 cauma.
501 714 649 753 Oliver.

115 803 118 806 ⁴
167 774 335 815 Coerites
370 775 508 828 aquas]
541 767 592 816 In
631 776 800 816 Caerete
828 773 989 827 oppido

111 836 283 881 fluxisse
299 841 452 881 mixtas
471 841 691 893 sanguine.

155 904 322 945 (ἔων-ἕλει
333 904 473 957 aquas]
489 906 612 945 Caere
623 910 689 944 est
705 904 804 943 urbs
816 903 987 944 'l'usciae

110 967 340 1009 maritima.
406 968 568 1020 Agylla
608 968 735 1008 etiam
771 967 988 1007 veteribus

107 1028 242 1070 dicta.
560 1034 570 1039 “

100 1122 106 1125 κ
161 1093 186 1143 §
204 1095 232 1132 6
262 1092 385 1133 Caius
414 1097 544 1133 autem
576 1091 815 1144 Flaminius]
840 1091 986 1132 Livius

104 1153 160 1194 de
191 1155 391 1196 Secundo
427 1156 552 1195 Bello
589 1155 765 1195 Punico.
828 1154 986 1194 Cicero

105 1217 163 1258 de
195 1218 509 1258 Divinatione:
558 1217 704 1260 ‘Quid
744 1216 887 1268 bello‚'
927 1217 986 1256 iu-

104 1280 214 1332 quit,
261 1281 455 1321 ‘Punico
493 1279 725 1320 Secundo?
764 1291 904 1319 nonne
933 1280 983 1320 C.

102 1342 336 1384 Flaminius
355 1344 516 1384 Consul
545 1344 670 1393 signa
699 1342 891 1394 neglexit
920 1354 984 1381 re-

103 1417 197 1445 rum
231 1405 473 1447 futurarum
514 1418 671 1458 magna
718 1418 816 1445 cum
861 1406 984 1446 clade

101 1468 316 1520 reipubl.?
343 1469 415 1523 qui
450 1470 645 1510 exercitu
674 1470 857 1510 lustrato
885 1482 982 1511 cum

106 1528 300 1570 Aretium
338 1543 484 1572 versus
518 1536 659 1572 castra
690 1533 908 1584 movisset,
935 1539 983 1573 et

100 1597 251 1633 contra
267 1593 557 1633 Hannibalem
575 1594 767 1645 legiones
787 1594 982 1648 duceret,

98 1659 145 1695 et
163 1654 274 1708 ipse,
302 1662 349 1696 et
380 1668 513 1708 equus
547 1661 646 1696 ante
672 1657 838 1709 signum
856 1658 979 1699 Jovis

95 1717 283 1759 Statoris
303 1719 396 1759 sine
424 1731 553 1759 causa
582 1725 764 1770 repente
794 1720 976 1761 cecidit:

97 1790 178 1820 nec
196 1791 291 1821 eam
311 1792 400 1821 rem
414 1780 567 1822 habuit
580 1781 792 1833 religioni,
804 1782 977 1834 objecto

95 1843 235 1895 signo,
265 1850 312 1885 ut
331 1845 483 1897 peritis
513 1844 755 1895 videbatur,
778 1856 836 1884 ne
864 1856 978 1884 com-

94 1905 287 1947 mitteret
304 1907 515 1959 praelium.
555 1900 693 1947 'Idem
722 1919 819 1947 cum
839 1907 975 1959 tripu-

93 1967 168 2008 dio
186 1971 498 2021 auspicaretur,
513 1969 718 2020 pullarius
739 1968 851 2009 diem
866 1982 976 2022 prae-

91 2032 142 2072 lii
160 2033 456 2074 committendi
473 2031 712 2073 differebat.
749 2033 856 2072 Tum
877 2033 974 2072 Fla-

91 2095 244 2136 minius
259 2108 312 2136 ex
333 2108 384 2136 eo
401 2096 614 2149 quaesivit,
646 2095 681 2134 si
713 2107 791 2135 nec
821 2101 974 2147 postea

91 2158 264 2210 quidem
288 2159 392 2210 pulli
414 2163 708 2210 pascerentur,
736 2158 835 2210 quid
869 2158 973 2198 faci-

89 2220 247 2262 endum
269 2212 362 2261 esse
380 2218 595 2261 censeret.
651 2221 759 2260 Cum
788 2221 860 2260 ille
878 2221 968 2274 qui·

88 2283 319 2324 escendum
352 2296 443 2324 esse
477 2282 784 2334 respondisset,
814 2284 970 2324 Flami·

89 2346 202 2397 nius,
236 2347 470 2394 Praeclara,
503 2346 654 2397 inquit,
688 2346 895 2397 auspicia,
933 2347 970 2387 si

88 2409 374 2449 esurientibus
389 2409 515 2461 pullis
529 2420 595 2447 res
609 2409 700 2460 geri
716 2409 970 2460 potuissent,

86 2470 244 2511 saturis
266 2471 368 2510 nihil
384 2475 626 2521 gereretur.
679 2470 835 2522 Itaque
849 2472 970 2522 signa

87 2534 271 2574 convelli
290 2541 335 2574 et
356 2534 473 2586 sequi
489 2533 648 2584 jussit:
667 2546 751 2586 quo
773 2540 968 2586 tempore

84 2606 182 2636 cum
218 2595 397 2647 signifer
433 2597 558 2647 primi
601 2596 761 2636 hastati
799 2597 966 2648 signum

84 2669 170 2698 non
202 2665 349 2710 posset
380 2660 475 2699 loco
509 2671 698 2708 movere,
731 2670 810 2699 nec
847 2661 965 2712 quic-

83 2733 210 2774 quam
230 2721 462 2772 perficeret
482 2722 624 2774 plures
644 2733 750 2763 vcurn
784 2723 963 2764 accede-

81 2787 210 2833 rent;
236 2784 468 2824 Flaminius
505 2785 703 2824 nuntiata
738 2798 814 2825 suo
843 2798 962 2827 more

82 2847 309 2898 neglexit3
351 2847 496 2899 itaque
534 2847 673 2887 tribus
709 2847 822 2887 horis
859 2861 961 2888 con-

80 2908 197 2950 cisus
229 2909 448 2950 exercitus
481 2914 610 2962 atque
639 2910 732 2962 ipse
756 2910 959 2952 interfec-

80 2974 150 3010 tus
195 2970 294 3012 est!
341 2971 492 3013 Oliver.

130 3033 324 3085 Contigit
345 3033 397 3075 A.
415 3034 470 3074 U.
490 3045 679 3075 Dcxxv1.

131 3095 418 3147 mammam]
439 3097 577 3137 Lacus
591 3097 806 3139 Thusclae.

129 3159 326 3211 Conveni]
343 3160 514 3200 Servius
534 3161 744 3212 Danielis,
764 3164 835 3216 qui
851 3165 956 3205 mul-

72 3225 140 3262 tas
153 3222 388 3273 superioris
409 3223 489 3263 aevi
519 3223 788 3266 librariorum
805 3229 954 3280 culpas

75 3283 242 3335 arguit:
271 3285 445 3325 Vellere
461 3286 636 3337 proprie
658 3286 786 3338 dixit,
800 3289 955 3342 inquit,

72 3341 174 3398 quia
218 3347 409 3388 Romana
453 3348 578 3400 signa
619 3347 862 3401 figebantur
907 3352 951 3393 iu

72 3408 238 3460 castris,
270 3414 315 3448 et
348 3421 444 3449 cum
481 3411 534 3450 ad
573 3410 730 3451 bellum
767 3413 949 3454 eundum

71 3465 239 3522 fuisset,
252 3471 437 3523 captatis
453 3473 639 3524 auguriis
655 3474 949 3518 avellebantur

1831 272 1939 325 955

1052 410 1078 440 e
1108 406 1254 447 terra3
1283 411 1381 439 nam
1402 398 1506 438 alibi
1532 409 1584 438 ea
1615 396 1688 449 figi
1720 410 1806 439 non
1837 399 1938 441 lice-

1054 462 1146 503 bat.
1198 464 1285 503 Sed
1322 464 1439 503 inter
1473 461 1650 513 auguria
1686 462 1818 501 etiam
1856 464 1938 505 hoc

1053 525 1311 576 habebatur,
1325 527 1360 566 si
1378 525 1634 566 avellentem
1649 523 1777 566 facile
1790 537 1940 578 seque-

1053 594 1225 628 rentur:
1244 589 1351 629 adeo
1365 594 1415 629 ut
1434 601 1530 628 cum
1546 587 1634 628 filio
1649 587 1809 628 Orodis
1826 589 1938 629 bello

1054 651 1111 691 sit
1148 652 1328 692 Crassus
1373 652 1558 704 occisus,
1600 652 1672 704 qui
1708 652 1844 692 iturus
1883 653 1937 693 ad

1054 715 1292 766 Parthiam,
1312 717 1499 755 avellere
1533 715 1654 767 signa
1683 715 1754 755 vix
1780 715 1940 767 potuit,

1054 779 1168 832 quod
1206 779 1335 818 etiam
1373 778 1584 818 Flaminio
1622 777 1823 830 contigit,
1864 779 1936 830 qui

1051 853 1147 881 cum
1167 842 1419 892 imperasset
1439 841 1563 892 signa
1577 841 1684 892 toni,
1698 853 1836 893 eaque
1851 853 1937 881 non

1052 910 1231 955 possent
1262 903 1443 952 moveri,
1476 902 1630 943 effosso
1662 905 1770 954 solo,
1789 904 1832 943 in
1854 917 1936 955 quo

1051 973 1175 1007 eraut
1186 967 1288 1019 fixa,
1304 967 1343 1006 vi
1355 978 1512 1018 magna
1525 967 1692 1006 extrahi
1711 967 1938 1019 praecepit.

1053 1030 1227 1071 Colerus.

1103 1093 1154 1131 In
1172 1105 1218 1132 ea
1235 1104 1399 1143 namque
1428 1090 1533 1141 acie]
1568 1090 1696 1130 Unde
1717 1091 1936 1143 colligitur

1049 1167 1179 1194 unum
1199 1160 1244 1194 et
1264 1153 1443 1205 triginta
1462 1153 1597 1192 millia
1627 1154 1670 1192 in
1699 1165 1750 1192 eo
1781 1153 1931 1205 praelio

1048 1225 1200 1258 contra
1242 1217 1532 1257 Hannibalem
1575 1216 1762 1257 stetisse.
1819 1215 1933 1256 Vide

1047 1280 1142 1321 Liv.
1162 1280 1234 1321 lib.
1256 1291 1374 1320 xxu.

1099 1345 1166 1385 Ad
1181 1343 1471 1395 funerandum]
1504 1342 1572 1383 Ad
1609 1342 1738 1384 funus
1769 1342 1930 1384 facien-

1046 1407 1162 1456 dum,
1181 1411 1229 1447 ut
1250 1408 1484 1459 sepulturae
1504 1406 1751 1446 mandaret.

1098 1469 1338 1521 Sepelierat]
1381 1469 1617 1519 Imperium
1656 1469 1929 1508 Romanum:

1044 1531 1144 1583 quia
1179 1532 1259 1570 nisi
1301 1531 1374 1571 Dii
1411 1531 1748 1582 prospexissent,
1783 1538 1927 1570 actum

1043 1593 1194 1634 fuisset
1212 1595 1266 1634 de
1295 1595 1476 1645 imperio
1505 1595 1716 1634 Romano.
1772 1594 1930 1634 Posset

1043 1657 1175 1696 etiarn
1195 1656 1298 1705 dici,
1318 1656 1431 1709 quod
1452 1657 1690 1706 Hannibal,
1720 1664 1926 1709 quantum

1042 1719 1086 1758 in
1106 1719 1197 1771 ipso
1227 1719 1326 1771 fuit,
1354 1721 1588 1772 sepelierat
1621 1733 1717 1760 cum
1749 1721 1924 1760 consule

1040 1781 1265 1834 imperium
1301 1784 1556 1832 Romanum,
1590 1786 1691 1836 quia
1724 1784 1806 1823 nisi
1836 1783 1927 1823 fata

1040 1845 1318 1895 restitissent,
1348 1846 1562 1896 potuisset
1594 1845 1820 1896 imperium
1843 1846 1924 1884 Ro-

1038 1920 1206 1947 manum
1228 1909 1476 1949 extinxisse.
1535 1909 1696 1948 Verum
1717 1909 1817 1960 quia
1830 1908 1924 1947 haec

1039 1971 1146 2012 dicit
1179 1972 1334 2011 author
1365 1971 1420 2011 ad
1454 1971 1830 2023 reprehensionem
1862 1977 1922 2010 te·

1036 2035 1246 2074 meritatis
1291 2034 1491 2085 consulis,
1532 2046 1688 2086 sequar
1735 2034 1921 2086 priorem

1036 2098 1367 2148 expositionem.
1399 2097 1572 2136 Badius.

1089 2161 1155 2211 §7
1179 2160 1228 2199 In
1257 2159 1516 2211 Hispaniam]
1546 2159 1662 2201 Quia
1689 2158 1815 2199 duxit
1846 2171 1919 2199 ex-

1034 2223 1215 2262 ercitum
1239 2230 1391 2262 contra
1413 2222 1715 2262 Numantinos.

1084 2284 1268 2335 Lauinii]
1295 2284 1473 2335 Legitur
1506 2290 1552 2323 et
1570 2284 1752 2324 Lanuvii.
1808 2285 1916 2326 Quae

1033 2353 1099 2387 est
1112 2348 1213 2387 urbs
1230 2347 1355 2397 Latii,
1372 2347 1442 2386 ubi
1456 2348 1639 2387 Junonis
1653 2347 1838 2399 Sospita·
1855 2346 1918 2387 fa·

1031 2421 1155 2448 num:
1177 2421 1243 2449 cc.
1266 2410 1361 2460 plus
1382 2409 1520 2449 minus
1541 2410 1594 2449 ab
1610 2410 1730 2449 Urbe
1751 2410 1918 2462 stadiis,

1031 2473 1110 2511 hoc
1130 2479 1195 2511 est
1217 2472 1366 2523 viginti
1390 2472 1579 2524 quinque
1601 2473 1789 2513 millibus
1820 2486 1915 2525 pas-

1031 2532 1313 2584 suum,fuisse
1334 2546 1385 2572 ex
1405 2534 1587 2573 Diodori
1602 2536 1673 2575 lib.
1694 2547 1792 2576 xiv.
1814 2549 1912 2576 con-

1019 2596 1197 2647 jicitur;
1229 2596 1298 2636 ubi
1331 2596 1391 2636 ait
1421 2597 1633 2636 Marcium
1666 2597 1826 2650 (locum
1848 2600 1911 2638 sic

1027 2658 1190 2698 dictum
1211 2658 1318 2697 haud
1341 2659 1490 2709 procul
1510 2658 1625 2708 hinc,
1654 2665 1764 2699 teste
1785 2660 1910 2699 Livio

1027 2720 1104 2761 lib.
1144 2719 1232 2770 v1.)
1268 2720 1448 2760 totidem
1495 2732 1519 2759 a
1562 2721 1696 2760 Roma
1733 2721 1910 2761 distare.

1026 2784 1157 2826 Aliud
1197 2791 1339 2825 autem
1377 2784 1553 2835 opidum
1591 2785 1833 2825 Lanuvium
1862 2792 1909 2826 et

1026 2848 1265 2898 Lavinium,
1286 2859 1398 2898 nam,
1429 2852 1478 2887 ut
1511 2852 1637 2887 autor
1664 2854 1733 2887 est
1756 2848 1908 2889 Celsus

1024 2912 1268 2952 Cittadinus
1289 2910 1536 2961 Anglerius,
1555 2911 1782 2952 Lavinium
1809 2925 1908 2965 pro·

1022 2975 1118 3027 pius
1144 2980 1212 3015 est
1231 2973 1336 3014 mari
1357 2974 1471 3014 inter
1491 2975 1678 3026 Ostiam,
1698 2974 1906 3026 Ardeam,

1022 3043 1068 3080 et
1086 3039 1372 3089 Veliternum,
1403 3043 1449 3078 et
1481 3051 1607 3084 nunc,
1623 3040 1752 3091 vulgo
1771 3041 1905 3080 nonii-

1020 3107 1148 3141 natur
1169 3102 1304 3140 Civita
1322 3101 1489 3152 Lavinia,
1510 3107 1555 3140 et
1574 3100 1709 3141 distat
1728 3101 1781 3141 ab
1797 3101 1903 3141 urbe

1018 3162 1112 3204 fere
1143 3167 1212 3204 20.
1243 3176 1300 3204 m.
1341 3176 1385 3215 p.
1419 3164 1656 3203 Lanuvium
1692 3175 1793 3203 vero
1834 3169 1902 3203 est

1018 3227 1191 3278 propius
1224 3226 1351 3265 Viam
1374 3224 1588 3281 Appiam,
1619 3226 1732 3264 inter
1767 3223 1901 3264 Alba-

1016 3300 1134 3340 num,
1155 3288 1362 3339 Ariciam,
1381 3293 1426 3327 et
1445 3287 1649 3337 Ardeam,
1665 3293 1710 3326 et
1723 3291 1899 3328 vocatur

1016 3352 1142 3403 vulgo
1183 3351 1322 3390 Civita
1356 3349 1564 3398 ludovino,
1598 3355 1644 3388 et
1685 3347 1739 3388 ab
1775 3348 1897 3389 Urbe

1014 3413 1146 3453 distat
1187 3417 1252 3453 15.
1291 3424 1345 3452 m.
1381 3424 1425 3463 p.
1484 3410 1594 3449 Vide
1632 3414 1676 3448 et
1721 3410 1894 3452 Scholia

1014 3474 1179 3527 Sigonii
1198 3475 1240 3516 in
1262 3474 1370 3515 Livii
1389 3473 1462 3514 lib.
1488 3483 1588 3514 vm.
1617 3477 1662 3513 et
1686 3471 1890 3514 Ursinum
