2320 4004
552 282 808 325 vALERn
851 280 1093 320 MAXIM!

195 406 354 461 populo
371 405 576 445 Romano.
626 402 777 442 Oliver.

250 470 362 510 Nouo
379 464 570 516 transitu]
601 465 712 507 Quia
728 475 851 504 nemo
869 467 969 504 ante
987 461 1074 502 An·

191 528 374 572 nibalem
397 541 494 569 cum
513 528 710 568 exercitu
742 527 978 567 transierat
998 525 1073 565 Al·

192 609 287 650 pes,
321 594 493 647 fuitque
530 595 735 634 transitus
779 594 851 633 ille
885 590 1072 632 difficilis

190 667 238 700 et
259 657 525 711 perniciosus
557 655 778 708 Annibali,
807 655 970 709 quippe
998 652 1072 694 ubi

189 722 326 761 multa
355 721 574 761 hominum
597 720 744 771 millia,
776 724 823 759 et
850 718 994 758 inedia
1026 722 1073 757 et

189 783 518 825 difficultatibus
539 788 809 836 consumpta,
830 783 1070 835 perierunt.

189 849 340 889 Oliver.
400 849 512 889 Novo
540 847 732 899 transitu]
772 847 886 889 Quia
911 846 1072 899 primus

189 911 406 952 transtulit
425 912 675 961 exercitum,
694 915 739 950 et
750 916 940 950 montem
953 907 1072 961 rupit

189 981 330 1016 aceto.

243 1037 541 1079 Transumenum
559 1036 705 1088 lacum]
732 1035 821 1077 Ubi
841 1036 891 1078 C.
913 1034 1068 1076 Flami-

185 1102 303 1143 nium
321 1102 539 1142 consulem
570 1101 806 1140 Romanum
827 1111 924 1140 cum
946 1098 1068 1152 quin-

186 1165 326 1205 decim
345 1164 535 1205 millibus
555 1165 770 1205 hominum
785 1165 962 1206 occidit.

241 1230 417 1282 Cannas]
455 1229 541 1269 Ubi
570 1241 684 1269 caesa
715 1229 919 1270 dicuntur
949 1228 1069 1282 quin·

184 1293 395 1346 quaginta
437 1293 727 1334 Romanorum
765 1298 812 1332 et
856 1293 1067 1333 sociorum

182 1355 334 1406 millia,
381 1368 478 1396 cum
519 1357 656 1396 altero
699 1356 883 1396 Consule
928 1356 1067 1396 Paulo

183 1419 372 1471 AEmilio,
405 1419 519 1460 sicut
537 1431 667 1472 supra
685 1424 968 1460 monstratum
986 1424 1066 1460 est.

190 1483 345 1523 Oliver.

236 1545 305 1585 Ad
321 1545 581 1598 exploranda]
611 1546 742 1588 Quasi
777 1546 909 1596 dicat,
930 1545 1066 1587 Auni-

182 1607 322 1648 balem
338 1610 489 1649 melius
507 1609 704 1661 judicare
722 1621 847 1660 posse
867 1610 921 1650 de
938 1611 1067 1663 extis,

181 1683 308 1722 quam
325 1671 614 1721 sacrificulos3
649 1678 780 1725 atque
800 1673 863 1713 ita
896 1686 981 1714 non
1004 1686 1066 1714 re-

181 1733 330 1784 primit
360 1733 490 1774 fidem
525 1735 757 1786 extispicii,
789 1734 864 1775 sed
900 1738 1066 1778 exaltat

179 1798 491 1849 experientiam
512 1797 751 1838 Annibalis.
778 1798 949 1840 Badius.

233 1860 415 1913 Foculos]
458 1861 511 1900 In
549 1861 704 1914 quibus
739 1861 882 1913 ignem
921 1875 1064 1903 sacer·

178 1924 304 1965 dotes
321 1925 566 1977 gestabant.

231 1988 548 2039 Proegravasset]
577 1987 977 2041 Praeponderasset,
999 2001 1065 2029 su-

178 2056 388 2104 pet-asset.

232 2117 298 2168 §9
326 2115 482 2168 Capax,
499 2114 588 2168 qm]
606 2116 742 2168 Cotys
758 2127 835 2156 rex
850 2116 1062 2156 Thracum

175 2177 276 2230 fnit,
293 2191 422 2232 quum
452 2178 569 2219 inter
587 2179 823 2219 Dorienses
854 2183 900 2219 et
927 2178 1061 2219 Athe·

175 2241 347 2282 nienses
384 2247 579 2282 veterum
621 2242 884 2282 simultatum
918 2246 1063 2282 essent

176 2301 368 2356 offensae,
386 2310 432 2344 et
450 2305 548 2345 ideo
573 2305 732 2345 bellum
750 2305 864 2345 iuter
895 2317 941 2345 se
969 2317 1062 2358 ges-

175 2367 262 2408 turi
276 2372 438 2420 essent,
457 2368 615 2420 Cotym
635 2379 777 2420 regem
797 2368 984 2408 accitum
1014 2368 1061 2408 in

174 2431 379 2471 auxilium
399 2443 520 2472 suum
538 2430 828 2472 Athenienses
844 2431 1060 2472 exercitui

177 2493 480 2548 prefecerunt,
509 2500 558 2536 et
587 2501 636 2536 ut
662 2495 782 2536 illum
812 2495 896 2536 sibi
914 2507 1059 2536 aman-

173 2559 328 2599 tiorem
347 2558 673 2612 fidelioremque
689 2559 942 2611 redderent,
959 2571 1057 2600 eum

174 2623 352 2663 civitate
388 2622 629 2663 donarunt:
677 2621 791 2674 quod
834 2634 929 2662 cum
974 2622 1058 2674 ipsi

173 2683 462 2736 nuntiaretur,
501 2691 550 2725 ut
583 2685 835 2725 ostenderet
870 2686 1058 2726 Thraces

174 2747 510 2789 Atheniensibus
529 2749 665 2789 nihilo
700 2748 914 2800 dignitate
946 2748 1056 2789 infe·

167 2810 308 2852 riores
331 2823 442 2864 esse,
469 2811 710 2864 respondit,
742 2812 801 2852 Et
820 2823 901 2863 ego
920 2811 1056 2852 Athe·

171 2874 343 2916 nienses
378 2876 495 2916 cives
513 2874 627 2917 facio
661 2876 950 2917 Thracenses.
974 2877 1057 2917 Le·

172 2939 291 2990 gitur
308 2944 356 2979 et
377 2940 545 2991 Codrus,
573 2939 649 2979 sed
682 2939 754 2979 ille
773 2937 860 2979 fuit
879 2939 980 2990 dux,
1009 2944 1054 2979 et

167 3013 247 3042 rex
266 3001 558 3054 Atheniensis,
587 3002 661 3055 qui
692 3014 738 3042 se
770 3013 849 3054 pro
881 3014 1055 3042 conser-

169 3063 311 3105 vanda
341 3065 483 3116 patria
514 3065 766 3116 devoverat,
800 3065 856 3105 de
888 3078 970 3118 quo
1006 3067 1054 3106 in

163 3129 314 3180 capite
332 3128 388 3168 de
408 3128 583 3169 Pietate
603 3139 707 3180 erga
731 3127 916 3180 patriam
936 3129 1053 3170 dice-

169 3195 256 3232 tur.
289 3191 440 3232 Oliver.

221 3256 291 3306 §8
319 3256 378 3296 Et
415 3255 484 3307 qui
518 3255 729 3307 referente]
785 3255 887 3307 Hic,
935 3261 1050 3297 teste

169 3318 392 3374 Frontino,
427 3320 503 3361 lib.
522 3331 586 3361 ιν.
617 3319 702 3360 fuit
733 3319 943 3360 Leonidas
970 3332 1049 3361 rex

170 3381 424 3432 Spartanus.

222 3441 393 3493 &ginis
411 3445 644 3497 Persarum]
674 3445 849 3487 Scilicet
877 3446 922 3486 iu
947 3446 1048 3487 ae'ra

170 3509 258 3545 tam
275 3503 409 3548 dense
427 3507 642 3562 immissis,
661 3513 708 3550 ut
721 3514 879 3551 terram
896 3510 1046 3553 umbra

1138 282 1257 320 Lis.
1302 281 1395 319 111.
1433 280 1570 320 cAP.
1595 266 1648 319 8.
1878 266 2017 322 1113

1138 400 1430 450 cooperirent.

1195 463 1399 515 Turpiter]
1443 463 1624 504 Scilicet
1655 460 1878 511 ‘fecistis,'
1919 462 2020 514 quia

1137 525 1321 565 virorum
1342 532 1424 578 est,
1451 526 1597 576 armis,
1630 538 1715 566 non
1734 525 1866 565 muris
1891 527 2023 578 tueri,

1136 589 1249 629 unde
1269 589 1329 628 eis
1350 590 1510 641 Sparta
1530 589 1683 631 caruit.
1926 599 1930 602 '

1199 651 1312 692 CAP.
1342 663 1448 692 v111.
1493 653 1619 692 Bonoe
1658 651 1843 704 fiducioe]
1903 650 2019 693 Quia

1134 717 1264 757 etiam
1286 722 1352 757 est
1372 716 1647 770 confidentia,
1667 730 1763 770 quae
1786 719 1899 758 mala
1918 723 2002 758 est.

1189 780 1351 833 Natura
1367 780 1485 831 enim,
1506 780 1593 831 Bra]
1622 781 1736 831 Hoc,
1768 782 1925 834 inquit,
1943 781 2018 822 ob-

1134 854 1310 883 servare
1339 843 1540 894 solemus,
1572 849 1621 884 ut
1650 857 1746 884 cum
1766 844 2019 885 confidimus

1133 917 1210 947 nos
1235 906 1402 958 justum
1421 906 1582 958 aliquid
1612 914 1657 946 et
1677 908 1903 948 honestum
1924 919 2018 948 esse

1133 971 1398 1023 complexos,
1433 971 1503 1010 vel
1528 970 1622 1021 jam
1656 976 1820 1021 gestum
1857 974 2019 1012 acriter

1132 1042 1346 1088 tueamur,
1364 1036 1398 1076 si
1417 1037 1629 1089 quispiam
1645 1036 1750 1076 illud
1772 1037 2018 1076 rescindere

1131 1100 1331 1151 voluerit,
1360 1100 1427 1140 vel
1448 1099 1635 1139 noudum
1665 1098 1903 1151 perfectum
1926 1099 2020 1138 sine

1131 1178 1249 1207 mora
1296 1166 1351 1206 ad
1407 1166 1572 1206 exitum
1634 1164 1937 1217 perducamus,
1983 1163 2019 1202 si

1132 1231 1355 1283 quisquam
1388 1229 1493 1269 illud
1516 1228 1793 1280 interpellare
1824 1233 2017 1267 tentave-

1137 1293 1210 1343 rit,
1230 1306 1313 1345 quo
1332 1293 1470 1332 minus
1490 1291 1759 1344 perficiatur.
1793 1293 1944 1332 Oliver.

1186 1358 1252 1409 §l
1286 1357 1476 1407 Capuam,
1506 1354 1593 1407 ξω]
1637 1355 1764 1395 Hanc
1794 1355 2015 1395 historiam

1132 1420 1325 1471 superius
1345 1419 1578 1471 diligenter
1597 1419 1703 1458 satis
1721 1417 2018 1457 annotavimus

1132 1482 1174 1520 in
1195 1482 1339 1533 capite
1360 1482 1414 1522 de
1441 1481 1730 1532 Fortitudine,
1763 1481 1835 1521 ubi
1866 1480 1919 1520 de
1939 1479 2017 1522 Ju-

1131 1546 1261 1586 bellio
1282 1546 1464 1597 Peligna
1491 1545 1690 1585 diximus.

1186 1609 1320 1649 ltaliae
1337 1608 1522 1660 regnum]
1554 1608 1667 1648 Nam
1696 1608 1739 1647 in
1761 1607 1854 1659 ipsa
1874 1606 2019 1648 defec-

1131 1674 1248 1713 tione
1267 1673 1379 1713 inter
1398 1678 1581 1712 caeteras
1609 1671 1783 1712 foederis
1804 1672 2015 1712 conditio-

1129 1749 1204 1776 nes
1219 1735 1272 1775 de
1292 1735 1473 1787 imperio
1494 1735 1626 1775 totius
1647 1735 1787 1775 Italiae
1799 1735 2015 1787 jactatum

1129 1808 1209 1853 est,
1228 1807 1359 1854 atque
1381 1801 1609 1852 sancitum,
1641 1808 1689 1842 ut
1717 1801 1898 1842 devictis
1931 1801 2015 1841 Ro-

1125 1865 1258 1905 manis
1279 1876 1414 1916 regna
1440 1864 1583 1905 Italiae
1615 1877 1750 1917 penes
1772 1865 2014 1917 Campanos

1127 1933 1291 1969 essent.
1324 1929 1475 1968 Oliver.

1181 1993 1423 2044 Campanum
1443 1990 1650 2042 Senatum]
1693 1991 1758 2031 Ex
1781 1991 1837 2031 V.
1865 1990 1914 2032 C.
1946 1988 2013 2030 Ita

1126 2054 1257 2095 etiam
1305 2055 1458 2095 Cicero
1494 2059 1540 2094 et
1579 2054 1725 2094 Livius
1762 2053 2015 2105 frequenter

1125 2118 1355 2170 Capuanos
1402 2118 1415 2140 ‘
1431 2117 1672 2169 Campanos
1689 2116 1701 2135 ⁹
1749 2124 1921 2166 vocant,
1966 2123 2014 2157 et

1124 2181 1217 2232 ipse
1245 2179 1445 2221 Valerius
1475 2181 1684 2231 Capuam,
1716 2180 1728 2202 ‘
1747 2180 2010 2233 Campanam

1124 2242 1309 2292 urbem,’
1337 2242 1413 2283 lib.
1430 2253 1514 2282 vn.
1536 2254 1634 2293 cap.
1655 2246 1694 2283 6.

1177 2307 1376 2346 ΤΙιειιηιινη
1391 2305 1610 2356 contendit]
1637 2306 1704 2346 De
1739 2318 1823 2358 quo
1844 2306 2004 2347 Horat.

1120 2370 1132 2391 ‘
1149 2369 1230 2409 Cui
1250 2369 1285 2409 si
1302 2369 1458 2409 vitiosa
1489 2368 1625 2409 libido
1658 2370 1833 2410 Fecerit
1861 2370 2008 2422 auspi-

1122 2431 1251 2483 cium,
1268 2444 1362 2472 cras
1382 2431 1650 2473 ferramenta
1669 2434 1890 2474 Theanum
1908 2435 2007 2475 Tol-

1122 2495 1222 2535 letis
1240 2494 1384 2536 fabri!

1174 2559 1214 2598 E
1237 2558 1407 2608 vestigio
1437 2559 1568 2611 Cales]
1602 2559 1746 2599 Livius
1771 2559 1852 2600 hoc
1886 2561 2006 2612 oppi-

1119 2622 1221 2662 dum
1270 2623 1494 2674 pluraliter
1542 2628 1712 2664 tantum
1754 2623 2007 2676 declinavit,

1121 2686 1133 2708 ‘
1150 2686 1294 2736 Cales,
1312 2685 1514 2726 Calium.'
1605 2677 1608 2679 ⁵

1172 2748 1280 2799 Lege
1310 2748 1448 2800 agere]
1487 2749 1574 2789 Suo
1606 2748 1730 2802 fungi
1763 2750 2005 2792 ministerio

1118 2811 1316 2852 sumendi
1335 2811 1390 2851 de
1410 2813 1668 2853 nocentibus
1689 2814 1907 2865 supplicii.

1173 2878 1243 2929 §2
1272 2875 1404 2926 Atque
1431 2876 1528 2926 ista,
1556 2875 1645 2927 δῖα]
1682 2877 1798 2917 Nota
1833 2883 1902 2917 est
1920 2877 2003 2917 his-

1118 2941 1243 2981 toria.
1274 2939 1462 2982 Quintus
1480 2939 1637 2979 Fabius
1657 2939 1873 2980 Maximus
1889 2940 2006 2981 bello

1116 3004 1287 3044 Punico
1307 3003 1498 3044 secundo
1518 3003 1723 3043 adversus
1740 3002 2004 3044 Annibalem

1115 3067 1309 3108 dictator
1328 3066 1499 3117 missus,
1520 3066 1639 3106 illum
1651 3066 1907 3118 juveniliter
1926 3079 2001 3107 ex-

1112 3133 1327 3173 ultantem
1347 3143 1424 3171 sua
1444 3130 1661 3183 sapientia
1675 3130 1904 3182 repressit3
1922 3131 2000 3171 sed

1114 3206 1212 3235 cum
1250 3194 1324 3233 ille
1359 3194 1516 3233 multos
1549 3193 1747 3244 captivos
1783 3194 1998 3233 Romanos

1111 3257 1304 3308 haberet,
1322 3268 1431 3309 quos
1452 3256 1566 3308 apud
1580 3256 1779 3296 Trebiam
1793 3262 1838 3296 et
1859 3257 1998 3296 lacum

1112 3318 1421 3369 Trasimenum,
1450 3318 1637 3369 alibique
1657 3317 1710 3357 ab
1731 3317 2000 3368 imperatori-

1111 3382 1190 3423 bus
1210 3382 1412 3422 Romanis
1440 3393 1487 3421 re
1518 3379 1752 3419 infeliciter
1783 3385 1905 3430 gesta
1923 3392 1995 3420 ce-

1111 3451 1253 3498 perat,
1269 3445 1478 3486 Dictator
1503 3442 1559 3482 de
1588 3441 1650 3480 his
1677 3440 1845 3492 publice
1879 3442 1994 3482 redi-

1110 3509 1278 3553 mendis
1324 3520 1422 3550 cum
1458 3504 1673 3547 Annibale
1709 3499 1993 3561 convenerat,
