2288 3990
562 263 823 302 VALERH
864 262 1108 300 MAxlffl
1150 262 1272 302 ΜΒ.
1312 262 1378 301 ιι.
1417 262 1552 302 cAP.
1577 249 1666 302 10.

210 389 437 441 Apologet.
464 396 560 437 cap.
577 396 630 424 11.
660 386 672 407 ‘
690 383 796 426 Quis
818 395 871 424 ex
892 383 973 422 illis
990 383 1083 421 Diis

210 452 362 493 vestris
378 449 544 503 gravior
564 454 609 488 et
628 449 864 499 sapientior
884 448 1050 487 Catone
1069 447 1083 486 ?

201 515 363 567 justior
376 519 422 552 et
437 511 660 551 militarior
675 511 874 562 Scipione
891 510 930 549 ?'
950 510 1086 551 Juve-¹

209 579 343 618 nalis:
373 578 386 599 ‘
401 577 572 616 Tertius
589 588 613 616 e
633 577 742 616 coelo
763 576 923 615 cecidit
943 571 1085 615 Cato.’

210 641 370 682 Crebro
387 641 467 680 hoc
499 640 718 680 schemate
746 641 932 681 Catones
962 644 1087 678 vocat

208 703 438 746 Martialis.
491 703 757 744 Prudentius
789 711 940 743 contra
966 703 1087 756 Sym-

209 766 430 808 maehum:
468 767 705 807 ‘Exultare
740 767 897 806 Patres
931 767 1091 818 videas,

208 833 499 886 pulcherrima
556 832 703 872 mundi
756 831 950 882 Lumina,
989 839 1089 871 con-

207 897 440 950 ciliumque
476 908 625 937 senum
657 896 815 949 gestire
854 893 1091 936 Catonum!

213 961 387 1002 Ceteras.

265 1024 378 1065 Exr.
408 1025 488 1076 §L
516 1024 706 1064 Dandum
720 1022 894 1075 emam]
915 1023 1091 1062 Transit

211 1089 265 1130 ad
293 1096 486 1130 externa.
543 1087 738 1130 Primum
773 1095 917 1129 autem
950 1100 1091 1129 exem·

210 1154 328 1206 plum
347 1160 415 1195 est
441 1153 685 1207 majestatis
712 1153 936 1194 Harmodii
969 1158 1015 1193 et
1036 1154 1092 1193 A-

209 1217 474 1270 ristogitonis
519 1218 701 1258 fratrum
749 1217 1093 1268 Atheniensium,

210 1282 283 1335 qui
301 1294 398 1323 cum
417 1283 591 1335 indigne
609 1281 779 1324 ferrent
803 1281 1094 1334 Tyranuidem

211 1344 257 1384 in
285 1344 423 1386 libera
445 1347 623 1387 civitate
653 1357 851 1398 regnare,
881 1345 954 1385 die
981 1343 1095 1385 festo

213 1415 524 1461 convenerunt,
567 1416 615 1451 ut
660 1416 885 1462 tyrannum
930 1408 1096 1454 occide-

216 1479 313 1512 rent
331 1485 344 1522 ς
373 1485 471 1513 nam
489 1473 688 1526 tyrannis
707 1472 892 1514 Athenis
919 1486 943 1513 a
962 1473 1095 1514 Pisis-

216 1543 335 1577 trato
365 1537 548 1590 incepit,
581 1549 666 1591 quo
694 1544 868 1579 mortuo
903 1538 1098 1590 Hippar-

213 1599 319 1639 chus
345 1605 391 1640 et
410 1600 600 1652 Hippias
618 1601 663 1640 in
679 1612 859 1653 regnum
877 1613 1096 1641 successe-

213 1669 340 1703 runt:
380 1669 483 1704 tunc
515 1675 621 1716 ergo
651 1664 840 1717 Hippias
873 1665 1098 1716 regnabat,

213 1727 256 1767 in
299 1739 426 1781 quem
460 1727 532 1768 die
567 1728 732 1768 solenni
769 1739 865 1769 cum
911 1730 1096 1781 populus

208 1791 503 1844 convenisset,
521 1791 727 1843 impetum
758 1791 901 1832 facere
933 1798 1098 1833 statue-

218 1860 336 1904 runt,
356 1855 430 1894 sed
446 1851 541 1895 cum
559 1856 604 1896 id
627 1867 776 1908 parum
801 1857 1098 1910 processisset,

217 1918 518 1969 Hipparchum
531 1918 708 1960 fratrem
720 1920 984 1961 occiderunt.
1011 1922 1099 1962 Au-

218 1983 285 2022 lus
306 1982 470 2024 Gellius
499 1983 576 2025 lib.
594 1996 715 2026 xvn.
748 1998 841 2038 cap.
859 1990 927 2027 21.
964 1989 976 2010 ‘
996 1989 1100 2028 Tar-

219 2046 355 2098 quinii
368 2046 483 2099 filio,'
494 2047 650 2101 inquit,
665 2049 678 2072 ⁸
688 2059 862 2101 regnum
874 2050 1099 2092 obtinente

219 2110 385 2161 Romae,
419 2111 496 2151 cui·
507 2123 744 2164 cognomen
765 2113 984 2166 Superbus
1002 2115 1102 2167 suit,

216 2174 456 2228 iisdemque
485 2177 748 2228 temporibus
777 2179 942 2218 occisus
957 2184 1024 2218 est
1042 2179 1100 2220 A·

218 2237 362 2277 thenis
381 2239 437 2278 ab
471 2239 708 2280 Harmodio
741 2247 788 2281 et
809 2242 1100 2294 Aristogitone

221 2300 502 2353 Hipparchus
524 2303 745 2345 Pisistrati
773 2304 903 2355 filius,
923 2307 1100 2358 Hippiae

222 2365 393 2416 tyranni
421 2363 589 2407 frater!
661 2367 820 2420 Itaque
857 2369 899 2408 hi
934 2370 1101 2410 adoles-

221 2433 387 2479 centes,
422 2437 630 2482 quantum
663 2431 706 2471 in
736 2443 783 2472 se
811 2432 911 2484 fuit,
954 2434 1100 2475 urbem

223 2492 456 2543 tyrannide
474 2493 656 2535 liberare
676 2496 821 2536 conati
852 2505 968 2547 sunt,
997 2499 1103 2539 licet

219 2566 307 2594 non
347 2555 589 2609 liberarint,
632 2565 773 2600 tamen
812 2561 1102 2603 Athenienses

222 2617 386 2672 effigies
430 2630 572 2663 aeneas
613 2623 658 2663 in
705 2625 909 2668 honorem
954 2638 1101 2666 eorum

222 2691 479 2727 erexerunt:
509 2699 614 2741 quas
644 2700 741 2728 cum
773 2689 944 2730 Xerxes
963 2691 1101 2743 cepis-

224 2752 304 2799 set,
325 2747 510 2789 Athenis
541 2750 586 2790 in
612 2763 789 2803 regnum
822 2765 944 2793 snum
964 2760 1103 2794 trans·

224 2812 340 2863 tulit,
357 2811 516 2854 deinde
531 2814 736 2856 Seleucus
758 2829 835 2856 rex
866 2817 1001 2869 Asiae,
1029 2820 1103 2870 qui

225 2884 323 2930 post
351 2875 645 2920 Alexandrum
678 2882 891 2933 regnavit,
919 2895 1015 2923 cum
1044 2883 1104 2923 A-

229 2941 368 2981 thenis
418 2943 583 2993 potitus
610 2951 740 2992 esset,
777 2946 830 2986 ab
868 2946 1104 2987 Athenien-

226 3003 343 3049 sibus
390 3005 506 3047 visus
550 3013 620 3049 est
672 3008 1106 3052 honorificentissime

1882 250 2027 304 1063

1145 382 1351 434 tractari;
1380 383 1495 437 quod
1517 395 1613 424 cum
1640 382 1951 435 prospexisset,
1981 390 2030 423 ut

1145 457 1235 485 rem
1270 454 1434 497 gratam
1461 447 1618 499 populo
1649 445 1836 496 faceret,
1867 451 2030 486 statuas

1146 508 1240 547 illas
1260 509 1302 548 in
1323 521 1441 548 snam
1463 511 1688 560 pristinam
1715 509 1862 549 sedem
1883 520 2032 561 repor-

1147 571 1299 611 tandas
1331 574 1511 612 curavit.
1567 574 1626 613 Et
1656 585 1754 612 cum
1786 572 2032 612 transvehe-

1149 642 1298 675 rentur
1346 635 1554 686 Athcnas,
1601 636 1656 676 ad
1695 635 1887 675 Rhodios
1918 633 2032 674 forte

1149 700 1427 751 appulerunt,
1475 700 1627 752 quibus
1671 700 1807 740 veluti
1841 699 2033 739 Deorum

1150 765 1421 804 simulachris
1439 765 1705 805 lectisternia
1730 763 2034 806 exhibuerunt.

1154 832 1303 871 Oliver.

1203 895 1376 947 Rhodii}
1402 893 1514 944 Vide
1534 905 1681 946 supra.

1207 957 1506 1008 Pulvinaribu's]
1536 954 1786 996 Pulvinaria
1804 956 1899 1006 loca
1913 959 2039 995 erant

1151 1022 1195 1061 in
1222 1021 1412 1073 templis,
1434 1033 1531 1073 quae
1560 1019 1643 1060 alio
1678 1019 1848 1059 nomine
1886 1017 2040 1058 ‘lecti-

1153 1087 1317 1126 sternia
1344 1089 1355 1107 ⁹
1374 1085 1647 1137 dicebantur,
1675 1085 1718 1124 in
1740 1084 1892 1136 quibus
1921 1084 2041 1123 Deo*

1154 1163 1246 1191 rum
1264 1150 1523 1191 simulachra
1537 1149 1806 1190 locabantur.
1837 1147 1988 1187 Olim.

1207 1217 1275 1267 §2
1306 1214 1543 1266 Xenocrati]
1573 1213 1687 1254 Vide
1703 1213 1943 1265 Diogenem
1960 1212 2044 1252 La-

1155 1277 1312 1319 ertium
1328 1278 1371 1318 in
1391 1279 1486 1331 ejus
1507 1278 1610 1318 vita.

1210 1343 1326 1384 More
1351 1342 1546 1393 civitatis]
1587 1340 1896 1382 Testimonium
1927 1340 2043 1393 apud

1156 1406 1444 1447 Athenienses
1471 1407 1543 1446 vel
1562 1417 1706 1446 coram
1731 1404 1937 1445 dicebant
1958 1412 2045 1445 tes·

1158 1476 1242 1521 tes,
1263 1470 1332 1510 vel
1352 1469 1644 1510 testimonium
1673 1468 1832 1509 tabulis
1863 1469 2045 1521 inscrip-

1156 1540 1248 1574 tum
1283 1534 1470 1575 dabant:
1515 1534 1647 1587 idque
1684 1536 1782 1585 lege
1818 1534 2047 1585 sancitum,

1158 1610 1214 1639 ne
1235 1600 1329 1652 quis
1366 1600 1658 1639 testimonium
1687 1604 1953 1650 corrumpat,
1985 1610 2050 1638 ra·

1158 1663 1251 1715 dat,
1266 1669 1420 1706 mutet.
1460 1664 1662 1703 Testatur
1675 1663 1718 1702 id
1734 1663 2049 1703 Demosthenes

1158 1727 1202 1767 ἐν
1220 1729 1277 1777 τῷ
1307 1727 1410 1768 κατὰ
1435 1725 1644 1778 στεφάνου.
1702 1726 1849 1780 Atque
1880 1727 1946 1766 hae
1982 1732 2047 1767 ta-

1160 1792 1291 1842 bulae,
1311 1800 1361 1833 ut
1377 1793 1491 1832 idem
1510 1792 1828 1832 Demosthenes
1844 1795 2049 1841 testatur,

1162 1863 1288 1896 erant
1319 1858 1548 1896 exasciatae
1582 1863 1628 1896 et
1649 1855 1869 1908 expolitas.
1928 1854 2052 1895 Inter

1162 1919 1408 1960 testandum
1456 1931 1602 1960 aurem
1649 1920 1777 1959 imam
1815 1917 2051 1958 vellebant.

1162 1983 1290 2024 Unde
1307 1985 1352 2024 in
1366 1984 1693 2036 Etymologico:
1715 1981 1834 2029 Λοβοὶ
1850 1980 2048 2033 λέγονται,-

1163 2048 1294 2096 ἐπειδὴ
1326 2047 1604 2102 μαρτυρόμενοί
1638 2063 1732 2098 τινι,
1776 2045 2053 2098 λαμβανοίμεθα

1164 2113 1300 2153 αὐτῶν.
1370 2114 1609 2154 Testimonio
1636 2113 1743 2152 dicto
1771 2112 1815 2152 in
1840 2111 2051 2151 liberorum

1162 2178 1294 2229 cupita
1309 2177 1499 2227 ,iurabant
1531 2190 1571 2217 se
1597 2189 1692 2216 vera
1724 2175 1866 2216 dicere.
1923 2172 2052 2216 Quod

1165 2248 1255 2280 tum
1274 2242 1473 2281 Valerius
1494 2242 1564 2281 hic
1584 2247 1749 2291 noster,
1776 2246 1867 2279 tum
1887 2239 2052 2290 Dioge·

1165 2316 1241 2343 nes
1262 2304 1461 2345 Lae'rtius
1496 2306 1541 2344 in
1571 2305 1660 2344 vita
1683 2303 1948 2344 Xenocratis
1968 2308 2054 2342 tes-

1166 2373 1331 2408 tantur.
1401 2369 1514 2408 Vide
1553 2375 1598 2408 et
1633 2369 1888 2408 Ciceronem
1926 2366 2002 2407 lib.
2018 2378 2052 2407 1.

1166 2433 1307 2485 Epist.
1330 2436 1395 2474 16.
1451 2433 1607 2472 Testes
1637 2439 1780 2472 autem
1814 2433 1886 2485 qui
1920 2431 1973 2472 de
2005 2443 2056 2471 re

1168 2499 1364 2550 capitali,
1377 2504 1483 2550 puta
1497 2498 1744 2548 homicidio,
1761 2498 2055 2539 testimonium·

1167 2561 1384 2611 dicerent,
1401 2562 1635 2614 oportebat
1654 2562 1707 2602 ad
1729 2574 1843 2602 caesa
1855 2568 2055 2614 porrecta

1169 2627 1469 2667 Suovetauriiii
1485 2626 1789 2679 jusjurandum
1804 2626 2054 2678 concipere,

1167 2697 1213 2730 et
1233 2691 1268 2730 si
1300 2689 1408 2730 falsa
1427 2691 1642 2740 dicerent,
1677 2689 1759 2729 sibi
1790 2701 1964 2742 suaeque
1991 2687 2054 2728 fa-

1168 2754 1298 2794 miliae
1336 2754 1431 2794 dira
1468 2753 1834 2805 imprecabantur,
1881 2757 1930 2792 nt
1969 2757 2054 2792 tes-

1170 2824 1285 2859 tatur
1327 2819 1549 2871 Antiphon
1594 2818 1648 2858 de
1693 2818 1882 2858 Herodis
1920 2816 2054 2857 caede.
2099 2810 2101 2813 ⁵

1167 2882 1279 2923 Vide
1325 2884 1520 2924 Petitum
1568 2883 1622 2923 ad
1674 2884 1812 2935 Leges
1868 2881 2054 2922 Atticas.

1173 2945 1291 2998 Thys.
1673 2956 1679 2960 ‘
