2288 3990
581 261 842 302 vAnERu
885 260 1130 299 MAX1M1
1174 262 1294 300 ma.
1333 261 1399 303 11.
1438 262 1573 303 cAP.
1600 248 1689 302 10.

223 382 414 438 paludes.

274 450 417 489 Servus
447 445 643 500 publicus]
678 445 945 486 Dicebantur
982 445 1096 485 servi

222 513 379 566 publici
400 517 445 551 et
463 511 505 550 in
522 511 628 551 urbe
648 514 694 550 et
708 509 938 562 provinciis
963 508 1096 548 homi-

220 589 296 617 nes
322 574 510 615 libertini
537 575 718 626 generis,
748 585 925 626 quorum
956 572 1099 613 minis-

219 639 331 680 terio
350 639 624 690 magistratus
654 637 900 678 utebantur.
956 637 1096 677 Varro

215 702 292 742 lib.
307 701 363 742 de
382 703 431 743 L.
445 702 494 743 L.
518 713 603 742 vu.
630 700 874 753 significare
907 700 1095 753 videtur,

215 765 345 805 moris
360 763 504 816 fuisse,
517 771 565 806 ut
582 765 697 805 servi
712 764 884 817 quidam
899 777 923 804 a
939 765 1097 817 populo

214 830 634 881 manumitterentur,
658 841 890 882 eorumque
911 829 980 869 vel
1000 829 1096 868 Ma·

214 895 469 948 gistratuum
501 896 786 935 Romanorum
819 893 991 933 nomina
1023 893 1093 933 ha-

213 957 386 1010 berent,
413 971 438 1000 a
456 960 607 1014 quibus
623 959 827 1000 libertate
847 957 995 998 donati
1027 970 1093 998 es·

215 1028 329 1063 sent.
373 1023 540 1064 Gellius
560 1023 634 1064 lib.
655 1033 740 1063 xu.
755 1034 852 1074 cap.
871 1024 909 1062 3.
938 1022 950 1043 ‘
973 1021 1092 1060 Licin

214 1087 492 1136 transverso,’
501 1087 655 1141 inquit,
668 1086 759 1139 ‘qui
773 1085 1092 1138 magistratibus

211 1150 622 1202 praeniinistrabant,
649 1149 780 1190 cincti
803 1148 954 1188 erant.'
979 1148 1092 1188 Vide

211 1222 258 1256 et
273 1215 348 1257 lib,
368 1227 432 1258 vr.
461 1213 505 1257 ff.
527 1216 580 1255 de
597 1215 699 1255 Rer.
730 1213 872 1254 Divis.
906 1212 978 1253 lib.
996 1224 1028 1252 1.
1055 1214 1092 1265 ξ.

211 1279 369 1319 Servus
389 1277 432 1319 ff.
451 1279 507 1320 de
525 1280 691 1321 Quaest.
708 1277 897 1330 aliasque
912 1276 1032 1328 leges
1047 1276 1091 1316 in

210 1343 317 1385 Jure
335 1344 466 1385 civili.

267 1407 443 1461 Cimber]
488 1407 687 1448 Cimbros
724 1407 1026 1459 Teutonosque
1068 1419 1093 1448 e

211 1471 444 1512 Germania
458 1472 596 1512 veteri
608 1473 648 1512 in
669 1471 853 1513 Galliam
872 1471 1093 1511 transiisse

211 1534 401 1575 bonitate
422 1535 514 1588 agri
543 1536 712 1575 illectos
743 1535 964 1583 arbitron-3
993 1547 1091 1574 nam

209 1598 302 1637 illos
315 1598 526 1638 avitarum
535 1598 699 1638 sedium
715 1598 768 1638 ad
783 1598 1090 1638 Germanicum

207 1672 325 1702 mare
364 1674 498 1714 prope
534 1662 725 1702 Saxones
753 1662 845 1714 jam
882 1661 1090 1703 taedebat.

208 1726 400 1767 Proinde
415 1725 532 1767 facto
550 1739 629 1780 per
646 1727 842 1767 Chaucos
861 1731 907 1766 et
927 1726 1088 1767 Frisios

204 1791 362 1832 itinere
378 1798 496 1832 trans
516 1791 727 1843 Rhenum,
748 1791 790 1831 in
805 1791 965 1831 ultimis
982 1791 1087 1832 Gal-

203 1854 355 1895 liarum
374 1856 460 1895 oris
474 1848 526 1895 ad
543 1855 933 1907 Septentrioualem
949 1854 1089 1895 Ocea·

205 1931 304 1959 num
345 1920 597 1961 consedere.
666 1919 751 1960 Ubi
789 1932 886 1960 cum
923 1919 1086 1960 diutius

205 1995 379 2025 manere
405 1996 491 2024 non
511 1990 688 2037 possent
707 1983 762 2025 ob
773 1984 904 2026 maris
926 1983 1086 2025 Gallici

204 2048 542 2099 inundationem,
559 2048 674 2102 quod
693 2049 813 2088 velut
831 2048 998 2100 longius
1015 2061 1088 2088 ex·

204 2113 412 2153 tendebat
429 2125 560 2154 novos
579 2112 787 2164 hospites,
803 2123 884 2164 per
901 2111 1086 2152 Galliam

202 2175 431 2217 errabundi
448 2177 503 2217 ad
534 2177 729 2217 Rhenum
756 2188 891 2228 usque
911 2188 1086 2224 venere,

202 2239 346 2292 ibique
390 2239 515 2280 sedes
565 2239 700 2291 figere
754 2239 1086 2279 constituerant.

204 2304 320 2345 Dum
331 2309 472 2345 autem
487 2309 743 2357 vagarentur
756 2305 799 2344 in
815 2305 974 2355 Gallia,
987 2317 1087 2345 con·

198 2367 434 2419 junxerant
448 2380 493 2408 se
511 2368 593 2408 illis
612 2367 807 2421 Tigurini
827 2366 1086 2407 Ambrones-

203 2444 286 2484 que
315 2431 497 2472 Gallicae
515 2432 728 2479 nationes,
748 2437 794 2472 et
812 2432 918 2484 ipsae
944 2432 1088 2485 regnis

201 2496 287 2535 suis
322 2497 452 2547 pulsae
481 2507 609 2536 novas
644 2496 769 2535 sedes
789 2496 1084 2548 quaeritantes.

201 2559 357 2614 Itaque
385 2559 618 2613 ferociores
643 2559 747 2600 facti
776 2560 927 2600 virium
947 2561 1086 2602 incre-

199 2624 373 2672 mentm,
401 2636 497 2663 cum
519 2629 674 2663 terram
705 2636 730 2663 a
759 2624 962 2664 Romanis
991 2629 1082 2664 tan-

200 2699 326 2740 quam
347 2687 609 2740 stipendium
634 2688 725 2727 dari
756 2687 837 2727 sibi
871 2690 1084 2740 postulas-

199 2757 311 2804 sent,
337 2758 383 2792 et
403 2753 730 2804 repellerentur,
748 2758 898 2793 contra
918 2753 1084 2806 legatos

200 2817 331 2855 armis
364 2815 706 2867 insurrexerunt,
744 2815 1005 2870 Syllanoque
1039 2824 1085 2859 et

196 2878 378 2918 Servilio
399 2878 604 2931 Caepione
625 2891 675 2919 ac
697 2880 758 2921 M.
777 2881 943 2921 Manlio
962 2881 1083 2933 fuga—

199 2942 273 2997 tis,
302 2943 511 2983 castrensi
545 2944 709 2995 praeda,
739 2950 786 2985 et
814 2945 986 2998 quidem
1020 2947 1083 2986 in-

199 3006 316 3057 genti
338 3006 467 3058 potiti
494 3012 607 3047 sunt.
666 3007 760 3047 Hos
788 3016 942 3060 postea
975 3009 1085 3050 vicit

199 3069 248 3109 C.
276 3070 456 3116 Marius,
485 3071 640 3122 partim
665 3070 708 3110 in
737 3077 883 3111 tractu
916 3072 1084 3113 Cottia-

198 3146 293 3174 rum
309 3133 484 3186 Alpium
499 3134 553 3174 ad
566 3133 711 3187 Aquas
729 3135 916 3186 Sextias,
928 3137 1082 3188 partim

197 3196 241 3238 in
260 3198 405 3249 Italia,
435 3199 478 3238 in
506 3199 904 3251 campoxRaudino,
936 3200 1001 3240 uti
1029 3213 1081 3240 ex

195 3261 385 3301 historiis
430 3268 577 3302 notum
625 3268 705 3302 est.
773 3264 947 3304 Tacitus
977 3277 1080 3317 quo-

199 3335 282 3376 que
302 3332 491 3365 veterem
520 3326 798 3366 Germaniam
819 3327 1082 3380 describens,

200 3387 213 3408 ‘
230 3386 454 3437 Eundem:
472 3389 626 3441 inquit,
649 3393 662 3412 ‘
677 3389 922 3430 Germaniae
942 3392 1079 3432 sinum

200 3449 380 3499 proximi
396 3451 571 3491 Oceano
586 3451 750 3492 Cimbri
767 3460 931 3506 tenent,
948 3468 1082 3508 parva

201 3521 314 3552 nunc
334 3513 500 3566 civitas,
516 3516 590 3556 sed
620 3516 757 3568 gloria
775 3517 940 3571 ingens,
962 3526 1080 3560 vete-

1907 250 2047 303 1061

1163 383 1306 435 risque
1341 381 1464 423 famae
1500 382 1589 423 late
1627 381 1810 434 vestigia
1856 388 2049 432 manent,

1160 450 1340 497 utraque
1358 446 1449 498 ripa
1465 451 1609 487 castra
1629 457 1678 485 ac
1693 445 1850 497 spacia,
1867 457 2048 497 quornm

1159 506 1323 547 ambitu
1345 521 1457 548 nunc
1476 521 1648 562 quoque
1673 508 1863 548 metiaris
1891 509 2048 548 molem

1158 582 1392 623 manusque
1414 572 1570 622 gentis,
1599 577 1645 611 et
1666 578 1753 612 tam
1785 571 1929 623 magni
1959 572 2048 611 exi·

1159 638 1229 673 tus
1258 632 1403 673 fidem.
1459 635 1828 675 Sexcentesimum
1864 639 1910 674 et
1942 646 2047 687 qua-

1157 695 1439 748 dragesimum
1458 710 1613 738 annum
1635 698 1736 738 urbs
1768 704 1914 739 nostra
1946 710 2046 750 age·

1158 760 1248 814 bat,
1266 774 1395 815 quum
1415 763 1597 814 primum
1615 764 1884 804 Cimbrorum
1899 764 2048 804 audita

1157 831 1257 866 sunt
1282 826 1483 867 nomina.'
1540 827 1681 867 Etiam
1704 827 1969 868 Ptolemaeus
2002 833 2050 868 et

1156 890 1427 943 Pomponius
1450 890 1722 931 Cimbrorum
1751 904 1800 931 ac
1828 892 2047 933 Teutono·

1156 966 1249 994 rum
1287 955 1601 995 maritimarum
1638 954 1858 995 nationum
1895 955 1938 994 in
1971 955 2046 995 de-

1157 1020 1398 1074 scriptione
1443 1020 1689 1062 Germaniae
1746 1021 2046 1062 meminerunt.

1155 1086 1297 1127 Etiam
1333 1087 1583 1138 eorundem,
1616 1098 1670 1126 ne
1698 1092 1880 1127 caeteros
1912 1087 2045 1126 nomi-

1155 1162 1268 1200 nem,
1314 1152 1372 1191 D.
1408 1151 1590 1191 Hieron.
1631 1150 1786 1190 eodem
1824 1149 1952 1190 modo
2000 1149 2044 1189 in

1154 1213 1294 1265 Epist.
1306 1213 1356 1254 ad
1375 1213 1630 1254 Gerontiam
1645 1212 1852 1254 meminit.
1871 1213 1925 1252 Β.
1936 1213 2044 1253 Rhe-

1152 1290 1246 1318 nan.

1209 1342 1338 1387 Quam
1359 1346 1483 1382 totam
1500 1341 1714 1393 deleverat]
1749 1342 1927 1392 Saltem,
1943 1354 2040 1395 quae

1152 1403 1199 1444 in
1215 1404 1388 1445 Italiam
1410 1406 1754 1445 transcenderat.

1210 1471 1294 1509 Nec
1314 1469 1405 1518 fuit
1421 1470 1484 1509 his
1515 1470 1649 1510 timori
1681 1471 1900 1522 asperrima
1919 1470 2042 1523 Sylla

1151 1534 1332 1585 victoria,
1346 1538 1413 1587 ᾃσ.
1429 1548 1515 1574 cum
1530 1535 1752 1586 proesertim
1775 1536 1857 1587 ipse
1882 1536 2044 1575 Marius

1151 1614 1228 1652 eos,
1243 1601 1332 1653 ξω]
1363 1601 1458 1641 Hoc
1478 1601 1574 1641 loco
1601 1602 1728 1652 vulgo
1748 1600 1948 1652 quaedam
1967 1601 2042 1640 de·

1151 1677 1246 1704 esse
1265 1665 1373 1704 Mss.
1395 1664 1495 1704 libri
1516 1665 1831 1715 demonstrant,
1845 1664 2041 1716 quamvis

1151 1733 1197 1768 et
1214 1728 1256 1767 hi
1274 1729 1390 1767 varie
1410 1728 1598 1768 mutilati
1619 1733 1733 1769 sunt.
1789 1728 1840 1768 In
1859 1727 2039 1768 Susiano

1150 1797 1196 1832 et
1216 1791 1530 1832 Pulmanniano
1551 1792 1733 1844 legitur:
1773 1805 1843 1832 nec
1863 1792 1954 1840 fuit
1977 1792 2040 1831 his

1148 1857 1285 1895 timori
1302 1856 1519 1908 asperrima
1547 1856 1673 1896 Suum
1703 1856 1888 1907 victoria,
1919 1869 1965 1896 ne
1996 1857 2040 1895 in

1148 1933 1212 1961 eos
1246 1922 1577 1961 conservationem
1617 1921 1748 1961 Marii
1773 1921 2039 1961 ulcisceretur.

1146 1984 1234 2025 Sed
1257 1985 1425 2038 reliqua
1451 1985 1624 2025 minime
1653 1985 1894 2026 omittenda
1924 1984 2037 2024 desi·-

1149 2049 1374 2089 derantur.
1432 2049 1484 2089 In
1506 2050 1736 2102 Campensi
1761 2063 1812 2090 ac
1837 2049 2039 2089 Wiuche-

1147 2113 1264 2154 liano
1284 2112 1485 2166 frequens
1519 2114 1593 2154 illa
1626 2114 1831 2166 repetitio
1852 2113 2035 2154 nominis

1149 2178 1294 2229 Marii,
1328 2178 1547 2218 librarium
1581 2178 1798 2218 immerito
1826 2176 2036 2227 offendit3

1147 2242 1193 2281 in
1212 2242 1368 2294 quibus
1394 2243 1482 2282 ita:
1523 2256 1592 2282 nec
1615 2244 1705 2293 suit
1732 2243 1794 2282 his
1821 2242 1956 2282 timori
1973 2254 2038 2280 as·

1146 2308 1319 2357 perrima
1336 2307 1457 2347 Sullae
1474 2307 1656 2359 victoria,
1676 2320 1724 2347 ne
1743 2307 1784 2347 in
1803 2320 1868 2347 eos
1883 2318 2035 2346 conser-

1148 2370 1340 2409 vationem
1375 2371 1642 2420 ulcisceretur,
1683 2383 1769 2410 cum
1810 2368 2036 2422 praesertim

1146 2433 1230 2485 ipse
1250 2433 1409 2473 Marius
1426 2445 1502 2482 eos,
1521 2436 1589 2484 13⁴⁶.
1622 2434 1818 2485 PighiuS.

1200 2497 1435 2549 Asper-rima
1465 2498 1588 2551 Sylla>
1617 2497 1803 2548 victoria]
1847 2496 1961 2539 Quia
1979 2507 2033 2536 ex

1147 2560 1254 2602 Asia
1272 2562 1410 2602 victor
1430 2563 1633 2603 redierat.

1193 2627 1426 2667 Proesertim
1439 2627 1522 2678 ipse
1539 2627 1709 2676 Marius,
1723 2625 1809 2678 ἐξα]
1826 2626 1940 2666 Nam
1957 2638 2033 2677 po-

1147 2695 1290 2732 terant
1309 2691 1635 2731 Minturnenses
1665 2691 1870 2742 cogitare,
1901 2702 2034 2742 quan-

1147 2761 1236 2796 tum
1256 2755 1379 2796 exitii
1410 2755 1512 2806 ipsis
1546 2755 1902 2795 conservantibus
1937 2754 2034 2793 Ma-

1145 2819 1256 2860 rium
1272 2819 1532 2872 immineret,
1564 2831 1659 2859 cum
1684 2819 1873 2860 Marium
1891 2819 2031 2870 ipsum

1146 2884 1254 2924 adeo
1310 2882 1517 2924 afflictum
1572 2896 1668 2924 esse
1715 2884 2032 2936 conspicerent.

1152 2948 1300 2988 Oliver.
1663 2963 1667 2966 ·

1198 3014 1220 3065 §
1252 3016 1277 3052 7
1308 3013 1492 3052 Marcum
1536 3024 1685 3064 quoque
1730 3011 1917 3051 Porcium
1952 3009 2030 3048 Ca-

1143 3077 1290 3128 tonem]
1321 3077 1422 3117 Non
1442 3077 1580 3117 minus
1595 3077 1798 3117 Porcium
1820 3076 2029 3115 Catonem

1145 3154 1170 3181 a
1190 3141 1375 3181 Caesaris
1398 3141 1559 3192 injuria
1592 3140 1796 3180 liberavit
1830 3139 2027 3189 majesta-

1143 3205 1198 3245 tis
1217 3205 1505 3255 excellentia3
1547 3216 1645 3244 nam
1681 3215 1776 3243 cum
1811 3200 2027 3252 publicani

1143 3273 1344 3321 peterent
1389 3268 1663 3319 vectigalium
1716 3265 2024 3313 remissionem,

1143 3344 1215 3371 eos
1236 3332 1367 3372 tertia
1386 3337 1511 3383 parte
1531 3329 1776 3370 mercedum
1810 3327 1859 3366 C.
1880 3327 2026 3366 Caesar

1142 3395 1363 3446 liberavit,
1383 3401 1428 3435 et
1447 3405 1501 3434 ne
1522 3394 1564 3433 in
1585 3391 1797 3432 locatione
1818 3401 2023 3429 novorum

1142 3459 1418 3510 vectigalium
1451 3454 1772 3496 immoderatius
1803 3454 1920 3506 leges
1940 3452 2024 3493 fer-

1142 3529 1308 3575 rentur,
1341 3522 1562 3575 propalam
1606 3518 1841 3560 admonuit.
1914 3519 2023 3559 Cato
