2288 3990
546 317 807 360 vamum
852 317 1093 357 ΜΑΧιΜι
1139 320 1256 358 [ΑΒ.
1301 317 1392 358 ιιι.
1431 306 1643 358 οΑΡ.2.

185 452 241 484 no
261 442 486 495 expulsum
514 439 582 480 iri.
635 438 813 479 Veritus
833 449 952 490 ergo,
972 449 1024 476 ne
1046 448 1071 476 a

185 505 321 547 fratre
341 516 473 556 regno
491 504 740 556 pelleretur,
762 505 1001 553 Cometem,
1023 505 1071 541 ut

184 569 279 611 vult
309 569 524 617 Justinus,
543 567 611 606 vel
646 568 910 618 Prexaspem
940 576 1070 616 quen-

184 633 300 684 dam,
326 636 376 672 ut
412 631 678 682 Herodotus,
710 631 839 678 misit,
874 632 945 684 qui
986 629 1070 672 fra-

183 688 306 737 trem'
343 694 626 736 interficeret.
696 694 801 748 Ipse
840 708 940 736 vero
986 696 1071 737 telo

180 756 286 799 casu
300 757 483 811 quodam
499 757 664 800 femore
678 759 806 811 ictus,
818 759 930 800 diem
948 772 1072 800 suum

181 823 305 863 obiit.
361 822 541 864 Interea
574 825 731 877 Magus
769 825 956 878 quidam,
996 837 1072 865 no-

182 886 298 927 mine
324 887 509 938 Mergis,
529 899 705 938 regnum
733 887 979 939 occupavit,
997 900 1071 928 an-

183 953 356 1002 tequam
379 951 470 990 Rex
490 951 667 1002 periret.
723 951 808 990 Ubi
839 950 1072 1003 Cambyses

183 1013 372 1065 Mergim
408 1022 590 1066 regnare
627 1013 857 1064 intellexit,
889 1014 1074 1053 Prexas-

184 1089 285 1129 pem
311 1077 569 1128 interrogat,
588 1089 667 1117 cur
683 1076 931 1116 mandatum
951 1089 1074 1117 suum

186 1151 271 1180 non
315 1139 373 1180 sit
417 1146 640 1181 executus.
695 1139 916 1179 Credebat
961 1140 1075 1179 enim

183 1203 428 1256 Mergidem
461 1204 574 1244 hunc
605 1202 785 1243 fratrem
815 1216 938 1243 sunm
964 1215 1075 1243 esse.

182 1267 266 1308 Ille
285 1266 529 1308 affirmabat
547 1279 595 1308 se
627 1269 805 1307 tratrem
834 1267 947 1307 illius
965 1269 1076 1309 occi-

179 1329 316 1383 disse,
334 1336 382 1371 ut
410 1342 457 1370 re
479 1342 581 1370 vera
601 1329 794 1371 fecerat:
825 1330 919 1370 Rex
941 1330 1076 1370 Prex·

185 1404 332 1446 aspem
373 1393 417 1432 in
464 1405 683 1434 carcerem
727 1392 884 1444 conjici
915 1392 1074 1445 jubet:

185 1467 272 1509 quo
303 1454 567 1507 facto,l1aud
600 1455 663 1495 ita
695 1456 831 1495 multo
864 1462 962 1506 post
982 1456 1076 1495 Rex

185 1518 383 1569 moritur,
401 1520 644 1571 Prexaspes
659 1530 832 1559 carcere
848 1518 1074 1559 liberatur.

186 1584 273 1627 Qui
295 1590 444 1636 postea
464 1584 509 1624 in
527 1585 664 1624 locum
683 1584 848 1624 editum
865 1584 1076 1635 ascendit,

187 1647 325 1701 quasi,
368 1647 566 1688 simulata
613 1648 803 1687 stultitia
848 1646 1074 1687 ridiculum

184 1710 288 1763 quid
321 1709 517 1750 dicturus
560 1715 694 1761 esset,
730 1718 776 1751 et
812 1719 1074 1765 congregato

183 1773 361 1825 populo,
370 1772 683 1827 (convenerant
697 1775 810 1815 enim
825 1778 1075 1828 omnes‚mi-

185 1843 331 1876 rantes
351 1836 555 1890 quidnam
576 1836 771 1878 facturus
793 1837 946 1891 esset,)
976 1852 1075 1880 con·

183 1898 322 1941 fessus
351 1906 422 1941 est
452 1911 499 1941 se
521 1901 707 1954 Mergim
740 1903 872 1955 Regis
892 1903 1074 1944 fratrem

183 1963 302 2004 illius
322 1964 448 2016 jussu
472 1964 756 2008 interfecisse.
813 1968 912 2010 Quo
940 1967 1075 2022 facto,

184 2039 231 2068 se
258 2028 530 2080 praecipitem
565 2028 702 2069 dedit.
759 2029 989 2083 Principes
1014 2032 1072 2071 ci-

183 2092 351 2143 vitatis,
365 2092 448 2133 etsi
463 2099 591 2133 antea
608 2093 931 2145 dubitaverant,
948 2096 1074 2147 hunc,

182 2156 258 2209 qui
271 2155 490 2208 regnaret,
502 2156 721 2210 Cambysae
732 2156 930 2209 fratrem,
944 2171 1074 2212 quan-

185 2232 313 2273 quam
333 2226 379 2261 et
394 2221 489 2273 ipse
503 2221 669 2273 Mergis
687 2222 994 2274 appellaretur,
1009 2229 1072 2264 at-

183 2295 268 2336 que
295 2284 357 2324 illi
389 2283 643 2336 persimilis;
671 2291 815 2323 tamen
844 2284 945 2337 quia
965 2298 1072 2325 nun-

181 2359 311 2400 qnam
332 2347 533 2399 prodibat
561 2347 605 2387 in
637 2348 793 2399 lucem,
814 2354 859 2388 et
887 2349 1072 2389 maxime

182 2408 457 2450 confessione
485 2410 717 2462 Prexaspis
739 2411 831 2463 jam
853 2424 928 2463 pro
949 2418 1071 2452 certo

183 2471 346 2512 habere
372 2479 616 2525 coeperunt,
638 2474 751 2513 hunc
783 2473 960 2514 fratrem
993 2476 1072 2514 Re-

185 2535 252 2588 gis
279 2547 364 2576 non
392 2547 500 2578 esse.
556 2536 654 2577 Huc
687 2537 943 2588 accedebat,
959 2539 1070 2591 quod

184 2610 283 2640 eum
317 2599 417 2639 Rex
445 2600 601 2640 multas
635 2600 911 2652 concubinas,
938 2601 1070 2643 filiam

183 2675 353 2716 quoque
385 2663 560 2704 Gobriae
592 2665 814 2717 cujusdam
844 2666 1074 2717 Principis,

160 2726 376 2779 ‚haber-et,
411 2734 552 2780 pater,
589 2734 638 2768 ut
675 2741 766 2768 rem
799 2731 1069 2782 exploratam

179 2788 374 2844 haberet,
390 2789 490 2831 filiae
520 2792 748 2844 praecepit,
769 2798 817 2833 ut
841 2794 1072 2847 diligenter

183 2856 561 2909 animadverteret,
593 2872 687 2900 cum
722 2862 818 2901 Rex
847 2861 1071 2914 profundi·

183 2918 251 2958 ori
268 2931 415 2959 somno
434 2926 589 2972 captus
620 2929 749 2974 esset,
765 2925 968 2978 numquid
997 2938 1070 2965 au·

183 2995 254 3024 res
286 2984 482 3027 haberet.
539 2989 652 3028 Nam
686 2989 783 3030 huic
821 2991 1072 3043 Cambyses,

183 3045 285 3087 dum
317 3054 433 3088 esset
465 3049 508 3089 in
546 3062 698 3102 regno,
729 3065 854 3094 aures
878 3055 1071 3106 jusserat

184 3111 329 3163 avelli,
350 3117 397 3152 nt
427 3112 757 3165 dignosceretur
785 3129 810 3156 a
828 3116 979 3168 fratre,
1001 3118 1070 3157 cui

180 3179 231 3215 et
248 3176 367 3215 vultu
387 3181 432 3216 et
450 3178 618 3217 nomine
637 3179 787 3219 similis
807 3186 918 3220 erat.
962 3181 1071 3221 Filia

183 3247 282 3277 mox
311 3238 465 3279 detulit
484 3239 538 3279 ad
566 3247 750 3293 patrem,
770 3243 861 3284 sine
893 3243 1068 3285 auribus

189 3298 348 3351 Regem
369 3313 477 3342 esse.
533 3303 644 3344 Haec
671 3316 769 3345 cum
797 3318 885 3346 rem
907 3312 1070 3348 certam

183 3357 399 3415 fecissent,
416 3364 544 3418 bunc,
560 3367 632 3419 qui
653 3376 873 3421 regnaret,
886 3371 1068 3423 Camby-

183 3433 246 3463 ιω
267 3424 398 3478 Regis
425 3427 602 3469 fratrem
634 3442 717 3471 non
748 3445 858 3485 esse,
873 3435 997 3475 multi
1015 3447 1069 3474 ex

186 3484 452 3539 principibus
495 3491 684 3533 civitatis
719 3496 946 3547 conjurant
993 3510 1067 3549 pa-

184 3547 314 3589 triam
360 3554 586 3603 tyrannide
643 3557 841 3600 liberare.
910 3560 1068 3614 Itaque

1878 306 2020 359 1085

1133 449 1229 477 cum
1250 438 1436 479 Gobrias
1455 448 1501 478 et
1522 436 1676 490 reliqui
1696 446 1843 476 secum
1864 437 2022 489 primo-

1133 513 1202 540 res
1221 503 1412 542 civitatis
1435 502 1489 542 ad
1512 501 1672 553 regiam
1693 499 1847 539 armati
1868 512 2022 540 conve·

1131 566 1311 618 nissent,
1330 579 1355 606 a
1374 567 1558 617 caeteris,
1578 578 1684 619 quos
1705 564 1759 604 ad
1788 564 1853 604 sui
1872 576 2024 617 corpo-

1132 629 1192 668 ris
1212 630 1447 670 custodiam
1479 631 1576 671 Rex
1605 629 1765 669 babere
1791 639 2024 668 consueve-

1133 699 1217 744 rat,
1251 694 1590 745 prohibebantur
1623 693 1814 733 ultimam
1853 697 2025 744 portam

1132 757 1314 809 intrare,
1334 757 1477 810 ibique
1503 770 1598 798 cum
1633 757 1819 797 Gobrias
1838 756 2026 809 Mergim

1133 821 1300 873 Regem
1316 821 1540 872 amplexus
1560 821 1675 859 humi
1703 831 1748 859 se
1769 819 2026 871 prostravis-

1132 891 1214 931 set,
1231 896 1422 936 unusque
1439 896 1493 923 ex
1513 884 1639 924 sociis
1657 883 1789 923 telum
1810 882 1854 922 in
1869 894 2026 935 corpus

1135 948 1264 1000 Regis
1292 947 1526 988 demittere
1557 948 1791 998 dubitaret,
1823 959 1894 998 ne,
1925 947 2026 987 dum

1136 1013 1325 1065 Mergim
1371 1011 1599 1051 vulnerare
1646 1012 1776 1063 petit,
1817 1009 2026 1050 Gobriam

1135 1091 1306 1130 quoque
1345 1077 1637 1129 transfigeret,
1682 1077 1848 1126 Telum,
1886 1075 2029 1128 inquit

1137 1142 1336 1192 Gobrias‚
1364 1154 1441 1193 per
1469 1147 1702 1193 utrumque
1733 1151 1889 1190 corpus
1911 1149 2029 1190 agas,

1136 1205 1238 1245 dum
1267 1205 1336 1246 hic
1356 1212 1509 1257 pereat
1531 1215 1658 1257 quam
1677 1202 1918 1243 celerrime.
1976 1199 2030 1240 In

1136 1268 1214 1308 hac
1233 1269 1411 1308 historia
1431 1268 1593 1308 Valerii
1623 1267 1868 1319 opinionem
1889 1265 2030 1305 secuti

1137 1345 1298 1382 sumus²
1311 1332 1383 1385 qui
1405 1333 1582 1371 multum
1598 1331 1802 1371 dissentit
1817 1343 1840 1369 a
1854 1329 2028 1371 Justiuo

1138 1400 1191 1438 de
1223 1400 1354 1447 Mago
1389 1399 1476 1450 illo,
1498 1398 1638 1450 quise
1665 1410 1743 1450 per
1772 1397 1918 1437 dolum
1940 1396 2027 1436 Re-

1137 1474 1234 1514 gem
1260 1461 1440 1503 fecerat.
1499 1463 1650 1502 Oliver.

1193 1527 1407 1577 Magorum
1469 1524 1701 1579 tyrannide]
1773 1524 2028 1564 Praesertim

1137 1590 1364 1642 Mergidis,
1395 1591 1467 1642 qui
1502 1602 1548 1629 se
1582 1590 1764 1629 fratrem
1801 1588 2029 1639 Cambysae

1138 1653 1443 1695 mentiebatur.
1500 1653 1672 1693 Badius.

1192 1719 1215 1770 ξ
1235 1722 1259 1758 3
1290 1718 1504 1770 Leonidas]
1537 1719 1643 1758 Cum
1661 1718 1848 1768 Xerxes,
1872 1717 2030 1757 Persa-

1138 1791 1230 1820 rum
1261 1788 1307 1822 et
1336 1783 1468 1823 totius
1490 1781 1609 1822 Asiae
1645 1782 1753 1830 Rex,
1787 1781 2030 1821 exercitum

1137 1843 1315 1885 infinitae
1353 1845 1654 1897 multitudinis,
1690 1850 1846 1897 utpote
1884 1844 2031 1885 decies

1137 1914 1322 1948 centena
1359 1909 1477 1949 milia
1516 1909 1710 1960 militum,
1747 1909 1789 1948 in
1812 1909 2030 1950 Graeciam

1138 1973 1404 2024 traduceret,
1423 1979 1470 2013 ut
1490 1986 1585 2013 eam
1607 1985 1685 2012 suo
1711 1973 1891 2024 imperio
1913 1972 2032 2012 subi·

1137 2042 1277 2089 geret,
1298 2036 1619 2077 Lacedaemonii
1651 2035 1887 2076 Leonidam
1916 2035 2031 2087 prin·

1137 2101 1276 2153 cipem
1297 2101 1487 2141 civitatis
1508 2113 1604 2141 cum
1624 2100 1834 2140 trecentis
1863 2099 2029 2140 civibus

1136 2166 1358 2216 miseruut,
1378 2165 1450 2218 qui
1471 2166 1512 2204 in
1535 2165 1745 2216 angustiis
1765 2165 2031 2218 Thermopy-

1137 2228 1275 2268 larum
1313 2241 1358 2267 se
1393 2228 1541 2267 Persis
1577 2226 1770 2277 offerret,
1798 2228 2029 2267 transitum

1136 2302 1284 2330 eorum
1303 2291 1347 2330 in
1363 2291 1576 2332 Graeciam
1601 2291 1906 2343 prohibiturus.
1951 2292 2031 2330 Est

1137 2360 1280 2394 autem
1301 2367 1420 2394 mons
1440 2355 1726 2406 longissimus,
1741 2354 1814 2406 qui
1834 2354 1890 2393 ita
1906 2353 2031 2394 Grae-

1137 2418 1246 2458 ciam
1262 2417 1435 2469 dividit,
1448 2418 1557 2458 sicut
1573 2417 1828 2470 Apenninus
1842 2417 2030 2468 Italiam,
2085 2410 2087 2412 ’

1137 2487 1252 2522 teste
1272 2482 1393 2522 Livio
1412 2482 1466 2521 de
1498 2482 1622 2521 Bello
1643 2481 1929 2521 Macedonico
1950 2480 2029 2520 lib.

1137 2557 1180 2586 v.
1216 2546 1375 2586 Strabo
1407 2559 1509 2587 vero
1546 2547 1637 2586 vult
1676 2558 1771 2586 esse
1810 2546 2030 2597 angustias

1136 2610 1292 2649 montis
1314 2609 1446 2661 OEtae‚
1476 2618 1523 2650 ut
1552 2622 1683 2661 supra
1702 2609 1900 2648 diximus.
1959 2608 2030 2648 Ibi

1136 2673 1350 2713 Leonidas
1370 2686 1466 2714 eum
1487 2675 1693 2715 trecentis
1721 2674 1899 2724 civibus,
1921 2686 2028 2726 quos

1137 2748 1280 2776 secum
1297 2736 1497 2784 duxerat,
1519 2743 1643 2778 tauta
1673 2738 1830 2777 virtute
1852 2737 2026 2777 dimica-

1136 2801 1214 2851 vit,
1245 2805 1294 2840 ut
1326 2813 1411 2841 non
1441 2803 1577 2841 solum
1617 2802 1773 2842 multos
1810 2814 1860 2841 ac
1892 2813 2029 2854 prope

1134 2863 1466 2905 innumerabiles
1495 2878 1551 2905 ex
1581 2865 1773 2905 hostibus
1802 2865 1855 2904 de
1883 2871 2029 2905 monte

1136 2929 1361 2979 repulerit,
1379 2929 1456 2969 sed
1477 2929 1608 2969 etiam
1637 2928 1735 2973 Rex
1766 2929 1859 2980 ipse
1882 2934 1950 2968 ter
1971 2928 2026 2967 de

1136 2992 1239 3031 sede
1263 3005 1338 3032 sua
1357 2998 1660 3033 consternatus
1687 2990 1817 3031 fuisse
1838 2991 2027 3030 dicatur.

1135 3056 1301 3096 Multos
1320 3069 1374 3096 ex
1390 3056 1667 3106 satellitibus,
1684 3068 1790 3108 quos
1810 3055 1862 3094 ad
1880 3062 2025 3094 custo-

1135 3119 1250 3158 diam
1281 3120 1346 3159 sui
1373 3119 1567 3169 corporis
1600 3118 1815 3168 servabat,
1835 3127 2025 3169 quosque

1133 3181 1361 3233 ἀθανάτους,
1390 3176 1470 3222 boc
1501 3189 1582 3233 est,
1614 3181 1850 3221 immortales
1875 3180 2026 3230 appel-

1135 3245 1271 3298 labat,
1289 3245 1503 3286 Leonidas
1535 3245 1773 3296 superavit,
1802 3247 1847 3281 et
1877 3241 2024 3281 docuit

1135 3320 1230 3348 esse
1289 3309 1512 3350 mortales.
1568 3308 1723 3358 Itaque
1785 3304 2023 3356 apparebat

1134 3371 1326 3411 Xerxem
1359 3372 1439 3412 sibi
1471 3372 1696 3411 transitum
1727 3368 1769 3406 in
1803 3368 2022 3407 Graeciam

1133 3434 1296 3474 viribus
1330 3435 1505 3487 quidem
1543 3432 1712 3484 aperire
1747 3442 1833 3469 non
1872 3442 2021 3480 posse,

1133 3497 1214 3536 nisi
1238 3498 1422 3550 agrestis
1452 3497 1590 3537 incola
1620 3494 1726 3545 Regi
1760 3495 1899 3534 locum
1920 3506 2021 3545 ape-

1133 3562 1300 3615 ruisset,
1317 3573 1396 3614 per
1415 3573 1541 3613 quem
1562 3560 1605 3599 in
1633 3570 1836 3600 cacumen
1865 3557 2022 3599 montis
