2346 3996
389 298 411 352 l
423 298 528 352 298

965 313 1146 353 NO'rAE
1185 313 1515 356 VARIORUM
1560 319 1625 358 IN

385 430 474 469 risu
505 430 855 501 comprehensum
875 428 1104 483 interiisse,
1131 432 1192 472 ita
1210 438 1259 473 ut
1309 434 1383 485 jus
1402 436 1588 487 spatium
1611 437 1800 487 daretur,
1822 442 1940 481 tanto
1970 441 2122 493 maiori
2141 441 2192 481 il-

349 519 354 533 .
384 504 482 532 cum
503 492 642 532 asinus
663 492 961 533 manducasset
978 493 1098 546 ficus,
1114 495 1257 535 auicu-

383 554 438 594 1ae
472 554 665 603 dixisset,
701 559 750 596 ut
785 555 929 595 vinum
961 557 1078 597 asino
1115 556 1256 608 daret,

381 616 596 670 nimioque
616 616 769 657 dehinc
785 618 870 657 risu
888 618 1124 670 expirasse.
1147 620 1254 661 Oliv.

438 681 683 731 Octogesimo
696 694 796 722 anno
808 681 990 734 coeptum]
1013 682 1143 735 Atqui
1161 696 1254 736 sep·

379 746 576 797 tuaginta
596 750 683 785 tres
704 745 861 786 vixisse
875 750 1039 788 tantum
1060 747 1253 788 scribunt

377 802 574 848 Laertius
593 813 639 848 et
656 808 823 850 Suidas.
861 810 1071 851 Corradus.

434 871 614 922 Coeptum
647 875 738 912 ante
773 874 1107 925 quadragesimum
1140 882 1249 925 λογι-

375 935 471 987 κῶν]
500 937 572 977 Ita
590 937 729 990 vulgo.
748 937 908 978 Melius
925 939 967 978 in
988 944 1091 980 vett.
1103 940 1245 981 libris:

378 1001 556 1051 Goeptum
566 1002 1012 1052 undequadragesimum.
1030 1003 1100 1042 De
1115 1004 1246 1056 Chry·

373 1062 489 1116 sippi
507 1063 642 1112 libris,
668 1064 766 1105 vide
797 1077 893 1118 quae
923 1065 1142 1118 Diogenes
1168 1068 1248 1107 La-

373 1124 523 1167 ertius,
551 1127 677 1177 Pigh.

425 1191 449 1241 ς
479 1194 527 1230 ll
561 1190 765 1242 Cleanthe]
797 1191 925 1232 Hunc
956 1192 1153 1232 Valerius
1182 1192 1245 1232 di-

371 1251 431 1292 cit
450 1252 683 1306 Chrysippi
702 1253 955 1305 auditorem,
977 1267 1073 1294 eum
1094 1266 1119 1295 e
1149 1266 1246 1296 con-

367 1315 499 1355 trario
529 1315 728 1357 Laertius
748 1316 866 1357 dicat
886 1316 1050 1357 Zenoni
1067 1329 1253 1370 operam

368 1377 554 1418 dedisse.
586 1379 735 1420 Oliver.

421 1440 598 1492 Numen]
626 1441 785 1483 Divina
801 1443 936 1484 virtus
950 1443 1082 1496 ipsius
1100 1442 1242 1484 indus-

366 1503 481 1544 triae.

419 1570 443 1621 ᾧ
473 1572 525 1609 12
552 1569 777 1623 Sophocles]
821 1569 907 1612 Hic
938 1570 1241 1623 tragoediarum

363 1632 552 1685 scriptor
579 1633 840 1674 clarissimus
871 1627 1159 1686 Atheniensis,
1185 1635 1240 1676 de

363 1708 448 1749 quo
466 1695 649 1737 diximus
680 1697 723 1737 in
754 1710 846 1750 cap.
878 1697 933 1738 de
963 1698 1242 1739 Continentia

359 1759 437 1801 lib.
458 1772 523 1800 ιν.
543 1760 666 1813 cujus
689 1765 811 1801 tanta
839 1760 924 1801 fuit
953 1760 1174 1814 industria,
1192 1766 1241 1803 ut

362 1835 457 1864 cum
485 1823 582 1877 ipsa
609 1836 751 1865 rerum
778 1829 932 1865 natura
961 1829 1151 1864 certasse
1178 1825 1239 1864 vi-

361 1885 531 1928 deatur.
600 1887 711 1927 Nam
749 1898 844 1927 cum
882 1892 998 1927 esset
1032 1899 1237 1927 annorum

357 1945 496 1988 ferme
510 1948 966 2002 centum,OEdipodem
981 1950 1237 2002 tragoediam

359 2012 616 2064 composuit,
640 2012 695 2052 de
725 2025 809 2065 qua
836 2012 990 2053 Cicero
1008 2013 1052 2052 in
1071 2013 1236 2054 Catone

357 2073 557 2126 MaJore:
606 2076 619 2098 ‘
641 2075 904 2127 Sophocles‚’
946 2076 1104 2130 inquit,
1146 2078 1158 2100 ‘
1181 2077 1235 2117 ad

356 2147 563 2179 summam
583 2143 847 2180 senectutem
868 2140 1095 2193 tragoedias
1115 2139 1237 2193 fecit,

358 2199 432 2252 qui
463 2204 645 2253 propter
673 2200 863 2242 studium
890 2207 936 2242 et
963 2202 1234 2255 industriam,

357 2274 456 2303 cum
474 2274 565 2303 rem
597 2264 815 2317 negligere
843 2263 1095 2307 familiarem
1123 2267 1236 2307 vide-

357 2331 496 2378 retur,
516 2340 542 2367 a
560 2326 657 2367 filiis
677 2327 719 2367 in
731 2328 943 2379 judicium
965 2336 1158 2382 vocatus,
1174 2335 1235 2382 ut,

356 2389 711 2443 quemadmodum
732 2397 879 2432 nostro
894 2404 1010 2433 more
1023 2404 1112 2433 rem
1126 2394 1234 2434 male

358 2454 608 2505 gerentibus
653 2455 849 2507 patribus
893 2455 1007 2496 bona
1036 2456 1235 2498 interdici

356 2517 513 2568 solent,
539 2517 599 2558 sic
621 2518 738 2558 illum
762 2518 883 2572 quasi
908 2518 1189 2571 desipientem
1209 2534 1235 2561 a

355 2592 403 2620 re
422 2578 626 2622 familiari
642 2587 912 2623 removerent
917 2583 1112 2636 judices3
1132 2588 1234 2625 tunc

357 2654 490 2690 senex
508 2644 667 2687 dicitur
687 2658 781 2686 eam
798 2644 1004 2697 fabulam,
1019 2658 1144 2699 quam
1163 2647 1235 2687 ha-

355 2705 492 2747 bebat
520 2708 564 2747 in
595 2708 804 2761 manibus,
825 2714 870 2749 et
889 2709 1080 2761 proxime
1100 2710 1233 2762 scrip-

356 2775 490 2823 serat,
534 2771 794 2824 OEdipodem
833 2772 1085 2824 Coloneum,
1127 2773 1234 2812 reci-

355 2838 471 2874 tasse
509 2834 746 2887 judicibus,
790 2835 1094 2888 quaesisseque,
1133 2847 1232 2875 num

355 2896 460 2937 illud
498 2909 672 2939 carmen
710 2898 957 2950 desipientis
997 2898 1231 2939 videretur.

356 2960 453 3002 Quo
471 2959 671 3012 recitato,
703 2960 930 3001 sententiis
956 2960 1148 3013 judicum
1168 2966 1233 3001 est

354 3023 607 3065 liberatus!r
629 3025 778 3065 Oliver.

412 3087 648 3139 Gloriosum,
681 3087 768 3139 δῖα]
816 3087 915 3127 Hoc
951 3086 1100 3127 habuit
1136 3099 1231 3128 cum

353 3153 510 3190 natura
531 3155 765 3202 certamen,
792 3154 841 3190 ut
868 3149 942 3190 diu
969 3150 1152 3190 vivendo
1171 3150 1230 3190 la-

353 3210 553 3253 boriosus
582 3223 750 3264 semper
774 3217 900 3254 esset.
957 3213 1126 3254 Natura
1144 3215 1231 3254 lon-

355 3286 455 3327 gum
474 3274 537 3315 illi
555 3274 657 3316 vitae
678 3274 861 3329 spatium
884 3276 1115 3325 concessit,
1145 3289 1230 3329 quo

354 3342 503 3390 posset
519 3337 747 3378 scribendo
768 3337 945 3390 gloriam
967 3349 1230 3390 comparare.

353 3400 588 3452 Sophocles
608 3399 710 3440 illud
739 3411 824 3440 non
852 3400 1005 3440 minori
1026 3400 1165 3441 studio
1184 3405 1231 3441 et

354 3463 566 3504 industria
600 3464 784 3516 spatium
826 3462 1029 3506 confecit.
1086 3463 1228 3504 Glori-

357 3538 477 3568 osum
495 3526 628 3580 igitur
647 3532 878 3582 certamen,
900 3533 947 3569 ut
967 3531 1125 3581 quanto
1145 3539 1230 3569 ma-

1317 498 1360 538 le
1379 500 1520 539 studio
1540 500 1772 543 conficeret
1791 504 1868 544 sub
1897 504 2037 556 ipsum
2053 511 2190 545 trans-

1316 559 1420 601 itum
1441 562 1496 602 ad
1511 568 1707 612 mortem,
1727 566 1782 606 de
1799 579 1883 619 qua
1909 573 2047 608 morte
2071 568 2191 609 dice-

1315 634 1406 664 mus
1422 625 1494 665 lib.
1514 626 1662 666 ultimo
1681 639 1777 680 cap.
1797 632 1864 671 12.
1899 631 2047 672 Oliver.
2175 671 2178 673 ,

1368 687 1593 739 Proeripere
1626 691 1812 742 gloriam]
1846 692 2105 745 Antigonam
2141 701 2188 734 et

1313 746 1529 789 Electram
1551 763 1638 801 prae
1659 754 1828 793 caeteris
1842 755 1990 796 laudat
2007 756 2187 796 Diosco-

1312 812 1425 853 rides
1457 813 1598 854 Poeta
1630 816 2049 867 Epigrammatarius.
2104 821 2187 861 La·

1311 875 1473 917 ertias:
1507 878 1808 931 Συνεπλήρωσεν
1850 881 1923 929 τὴν
1956 883 2184 935 τραγῳδίαν.

1314 939 1492 981 Colerus.

1363 1003 1487 1055 quue
1503 1005 1681 1055 ignotum
1700 1019 1778 1047 esse
1794 1009 1960 1060 posteris
1972 1009 2091 1061 filius
2110 1010 2182 1050 So·

1306 1066 1454 1117 phoclz's
1470 1069 1595 1109 noluit
1614 1070 1788 1122 Sophon]
1832 1072 1905 1113 Ita
1923 1073 2066 1124 vulgo.
2103 1074 2183 1115 Le-

1308 1129 1491 1180 gendum
1512 1133 1641 1172 Filius
1659 1134 1859 1185 Sophoclis
1879 1135 2026 1186 Iophon
2043 1137 2182 1177 noluit.

1307 1191 1377 1232 Ita
1394 1205 1488 1234 eum
1510 1197 1702 1246 appellat
1720 1197 1899 1237 Suidas:
1919 1197 2056 1249 Ἰοφῶν
2068 1198 2180 1246 Ἀθη-

1305 1257 1409 1296 veios
1421 1258 1619 1309 τραγικὸς,
1639 1259 1716 1299 υἱὸς
1742 1260 1986 1311 Σοφοκλέους
2002 1262 2074 1300 τοῦ
2088 1276 2180 1313 τρα-

1303 1317 1530 1371 γῳδοποιοῦ,
1576 1320 1748 1374 γνήσιος,
1789 1323 1860 1362 ὑπὸ
1898 1323 2178 1377 Νικοστράτης.

1303 1382 1575 1433 Astipulatur
1594 1385 1738 1425 Suidae
1759 1385 1970 1426 Laertius.
1992 1387 2177 1437 Pighius.

1357 1446 1380 1497 ς
1410 1449 1459 1485 13
1487 1445 1727 1499 Simonides]
1766 1448 1854 1488 Hic
1874 1449 2053 1502 Lyricus
2070 1449 2181 1491 Poe'·

1303 1512 1349 1548 ta
1385 1507 1482 1560 fuit,
1521 1515 1570 1563 pt
1606 1510 1790 1551 diximus
1823 1510 1900 1552 lib.
1934 1523 1966 1552 1.
1994 1523 2097 1564 cap.-
2122 1513 2178 1553 de

1300 1571 1499 1623 Somnus,
1517 1573 1622 1613 item
1641 1585 1738 1626 cap.
1751 1574 1804 1614 de
1819 1574 2020 1616 Miracul.
2050 1576 2178 1617 Unde

1302 1639 1347 1674 et
1366 1635 1552 1675 carmina
1571 1637 1766 1690 quaedam
1797 1637 2038 1679 Simonides
2062 1639 2179 1680 dieta

1303 1704 1415 1738 sunt.
1469 1699 1639 1740 Primus
1655 1701 1783 1740 etiam
1807 1706 1943 1742 artem
1963 1703 2176 1745 memoriae

1301 1761 1516 1803 invenisse
1561 1763 1735 1818 dicitur,
1783 1769 1905 1806 ‘teste
1953 1765 2175 1807 Cicerone.

1305 1825 1411 1877 Olip.

1352 1889 1405 1929 In
1422 1902 1569 1940 eorum,
1585 1889 1674 1943 mu]
1701 1891 1753 1931 In
1769 1891 1982 1932 theatrum
1997 1892 2173 1934 descen-

1300 1950 1379 2003 dit,
1414 1958 1461 1994 ut
1497 1954 1688 1994 carmina
1719 1966 1795 1994 sua
1825 1967 1922 2008 qnoe
1953 1955 2176 2006 recitaret,

1300 2019 1554 2056 caeterorum
1578 2017 1808 2057 Poetarum
1828 2017 2018 2058 versibus
2041 2019 2178 2070 potio·

1299 2088 1347 2117 ra
1377 2090 1473 2118 esse
1501 2078 1718 2131 probaret,
1745 2085 1792 2120 et
1821 2080 1884 2121 ita
1911 2081 2174 2173 propositum

1298 2141 1520 2192 praemium
1539 2147 1728 2194 caperet.
1774 2142 1877 2184 oliv.

1351 2205 1374 2255 ξ
1404 2207 1455 2244 14
1492 2206 1590 2244 Jam
1625 2202 1761 2257 Solon]
1803 2207 1875 2246 De
1908 2206 1990 2247 hoc
2019 2168 2183 2249 Solone-

1297 2265 1478 2306 diximus
1526 2267 1601 2308 lib.
1641 2279 1686 2308 v.
1734 2280 1830 2320 cap.
1875 2268 1931 2309 de
1970 2269 2177 2322 Ingratis.

1296 2329 1398 2370 Fuit
1418 2334 1558 2370 autem
1593 2342 1701 2370 unus
1729 2344 1753 2371 e
1777 2336 1942 2384 septem
1964 2332 2175 2384 Sapienti-

1296 2392 1390 2444 bus,
1421 2391 1713 2443 Atheniensis,
1739 2398 1789 2434 ut
1817 2394 1988 2447 quidam
2008 2394 2186 2448 dicunt,

1297 2459 1346 2495 ut
1379 2455 1469 2508 alii,
1509 2456 1781 2508 Salaminius,
1818 2456 1872 2497 de
1912 2469 1997 2511 qua
2032 2457 2175 2499 insula

1297 2517 1482 2559 diximus
1512 2531 1651 2571 supra·
1669 2520 1744 2561 lib.
1763 2526 1807 2562 et
1826 2532 1920 2572 cap.
1949 2521 2175 2574 praescrip-

1297 2581 1368 2622 tis.
1423 2583 1655 2635 Utcunque
1673 2583 1746 2635 sit,
1767 2583 1948 2624 Athenis
1973 2583 2096 2635 vixit,
2127 2590 2175 2626 et

1298 2643 1444 2684 urbem
1462 2645 1595 2696 illam,
1613 2645 1734 2698 quasi
1759 2657 1911 2686 novam
1941 2646 2184 2700 civitatem,-

1295 2707 1481 2747 moribus
1507 2712 1552 2747 et
1570 2707 1734 2760 legibus
1754 2708 1958 2750 condidit.
2014 2711 2110 2751 Qua
2129 2709 2174 2750 in

1296 2784 1342 2812 re
1363 2777 1482 2812 tanto
1510 2775 1846 2824 temperamento
1874 2784 1921 2813 se
1952 2772 2064 2813 inter
2081 2773 2173 2825 ple-

1294 2835 1391 2875 bem
1411 2840 1456 2875 et
1474 2836 1679 2875 Senatum
1700 2835 1807 2887 egit,
1835 2840 1883 2875 ut
1902 2835 1958 2876 ab
1976 2835 2170 2889 utrisque

1295 2911 1441 2951 parem
1456 2898 1637 2951 gratiam
1651 2899 1934 2940 contraxerit.
1989 2899 2174 2952 Legitur

1295 2962 1408 3014 apud
1427 2962 1656 3002 Platonem
1675 2962 1876 3003 Solonem
1888 2963 2058 3014 judicio
2078 2964 2180 3004 Cri·¹

1295 3025 1367 3065 tiae
1397 3023 1621 3077 cujusdam
1654 3023 1730 3064 viri
1764 3024 2003 3066 doctissimi
2034 3025 2171 3066 videri

1294 3101 1378 3128 non
1416 3089 1553 3128 solum
1598 3088 1828 3140 prudentia
1868 3100 1956 3141 prae
2002 3090 2172 3130 caeteris

1292 3150 1420 3191 laude
1440 3150 1631 3203 dignum,
1659 3151 1737 3191 sed
1767 3151 1896 3191 etiam
1915 3151 2170 3193 carminibus

1293 3215 1547 3267 praestitisse
1561 3228 1574 3264 ;
1590 3218 1636 3254 et
1653 3215 1687 3254 si
1702 3225 1954 3266 sermonem,
1968 3225 2096 3267 quem
2113 3215 2169 3255 ab

1293 3279 1478 3331 AEgypto
1498 3288 1691 3317 reversus
1710 3276 1970 3328 instituerat,
1998 3276 2170 3328 imples-

1295 3347 1378 3392 set,
1408 3352 1493 3381 non
1525 3340 1731 3380 minorem
1760 3338 1950 3378 Hesiodo
1979 3340 2046 3379 vel
2075 3337 2167 3380 Ho-

1293 3415 1409 3443 mero
1445 3401 1652 3442 futuruns.
1717 3401 2060 3442 Continebantur
2092 3415 2167 3442 au-

1295 3471 1381 3506 tem
1401 3466 1444 3504 in
1463 3477 1514 3505 eo
1535 3463 1857 3505 Atheniensium
1877 3469 2014 3516 gesta.
2061 3464 2168 3515 Hic,

1295 3541 1533 3583 quanquam
1561 3527 1742 3569 omnium
1769 3527 1981 3570 hominum
1999 3525 2165 3582 judicio
