2346 3996
415 260 554 315 1218

414 393 589 435 licorum
616 407 744 448 porro
771 407 988 437 numerum
1009 398 1289 450 expleverunt

416 458 470 497 ad
507 471 626 499 mare
657 460 927 512 Tyrrhenum
959 467 1074 501 trans
1101 462 1288 503 Tiberim

414 522 599 568 Etrusci,
641 529 737 573 post
782 523 957 562 Latinos
1006 525 1120 564 ultra
1156 526 1286 565 Cirim

415 585 637 636 Campani,
657 586 833 633 Lucani,
849 586 890 624 in
909 587 1054 627 Siculo
1076 589 1286 640 Brutii,in

412 649 534 689 Ionio
581 649 802 700 Messapii,
855 655 899 688 et
945 650 1186 702 Sallentini,
1233 653 1287 691 ad

412 711 678 752 Adriaticum
709 711 857 763 Apuli,
885 713 1103 760 Frentani,
1133 715 1286 755 Picen-

413 781 492 827 tes,
511 781 554 815 et
568 776 758 816 Senones
777 790 789 817 ι
823 778 1160 830 Mediterranei3
1187 782 1286 820 Um-

410 839 494 890 bri,
513 841 674 892 Sabini,
698 842 849 893 Marsi,
863 844 1048 894 Vestini,
1074 846 1286 885 Marruci-

411 906 469 956 ni,
489 906 673 958 Peligni,
693 913 737 947 et
755 908 979 948 Samnites.
1011 910 1211 960 Sigonius.

468 970 549 1016 Qui
577 983 662 1010 cum
693 983 733 1010 se
761 973 897 1021 dignos
928 973 1106 1012 libertate
1130 974 1287 1023 judica·

410 1039 515 1086 rent,
533 1047 646 1074 arma
663 1041 925 1086 sumpserant3
954 1042 1202 1088 exasperatos
1217 1051 1286 1090 pa-

407 1103 513 1139 trum
530 1098 731 1149 conscript.
747 1098 895 1138 animos
923 1099 1048 1139 verbis
1072 1101 1287 1152 inflamma-

406 1161 536 1213 verat]
565 1161 637 1200 Ita
656 1161 795 1213 vulgo.
849 1160 950 1201 Alia
967 1168 1034 1202 est
1063 1164 1191 1202 lectio
1212 1175 1286 1203 sex

411 1232 605 1266 veterum
625 1224 833 1274 codicum,
849 1236 941 1276 quae
962 1225 1095 1276 magis
1118 1226 1284 1275 placet:

410 1290 535 1334 Quam
559 1294 766 1333 merentur,
786 1287 910 1338 quise
940 1287 1079 1336 dignos
1106 1288 1286 1327 libertate

397 1350 594 1400 judicant.
657 1348 791 1389 Verbis
809 1361 917 1388 arma
940 1355 1198 1401 sumpserant,
1215 1363 1284 1390 ea·-

406 1417 674 1465 asperatosque
703 1416 859 1462 patrum
878 1413 1180 1464 conscriptorum
1197 1414 1284 1452 ani-

407 1488 486 1518 mos
513 1479 823 1527 exasperaverat.
879 1475 960 1515 Sed
985 1476 1167 1515 Plautius
1198 1489 1284 1515 con-

406 1539 479 1589 sul,
496 1540 563 1588 85⁰·
593 1538 634 1576 N
639 1550 687 1577 ec
707 1539 830 1590 plura
849 1538 980 1590 legati
1001 1539 1131 1578 verba
1151 1538 1286 1580 refert

408 1604 568 1654 Livius,
586 1616 639 1643 ex
661 1615 742 1655 quo
761 1603 1032 1655 desumptam
1065 1604 1285 1644 historiam

408 1667 715 1717 cognoscimus.
785 1666 1099 1719 Interrogatus,
1135 1668 1287 1721 inquit,

409 1744 432 1771 a
446 1731 628 1784 quodam
644 1731 841 1771 tristioris
858 1733 1083 1772 sententiae
1095 1739 1287 1782 auctore,

410 1808 536 1848 quam
581 1806 746 1846 poenam
791 1795 965 1835 meritos
1014 1796 1288 1836 Privernates

408 1863 628 1899 censeret:
661 1859 782 1907 Eam,
800 1858 951 1911 inquit,
970 1871 1094 1910 quam
1122 1871 1288 1898 meren·

411 1929 499 1972 tur,
523 1921 595 1975 qui
627 1933 673 1962 se
694 1921 896 1961 libertate
915 1921 1065 1972 dignos
1095 1928 1287 1962 censent.

413 1986 533 2037 Pigh-

464 2051 486 2102 ξ
506 2052 531 2089 2
556 2049 699 2089 Lucius
715 2061 803 2089 cero
824 2048 1051 2102 Philippus]
1078 2050 1289 2091 Drusiana

407 2113 564 2153 seditio
586 2112 727 2163 gravis
756 2119 800 2151 et
821 2113 1062 2163 perniciosa
1082 2125 1215 2164 prope
1234 2113 1287 2153 ad

409 2175 626 2216 interitum
660 2175 824 2226 imperii
859 2175 1092 2226 processit3
1124 2176 1288 2216 Drusus

408 2240 520 2279 enim
559 2251 641 2279 non
679 2239 920 2278 tribunatus
953 2238 1080 2278 modo
1110 2239 1287 2285 viribus,

406 2303 481 2344 sed
503 2304 634 2355 ipsius
655 2303 784 2343 etiam
809 2304 991 2342 Senatus
1009 2301 1288 2354 auctoritate,

408 2369 623 2421 totiusque
638 2367 777 2408 Italiae
794 2379 999 2407 consensu
1015 2367 1288 2407 Gracchanas

406 2434 526 2484 leges
575 2444 765 2472 asserere
798 2438 992 2483 conatus,
1026 2431 1126 2470 dum
1173 2430 1288 2470 aliud

407 2501 559 2548 captat
593 2508 646 2535 ex
680 2495 779 2546 alio,
799 2501 965 2535 tantum
995 2492 1198 2534 conflavit
1227 2493 1289 2533 in·

409 2560 621 2612 cendium,
643 2565 691 2600 ut
720 2571 773 2599 ne
804 2559 940 2612 prima
970 2558 1139 2610 quidem
1174 2557 1287 2597 illius

408 2622 578 2663 flamma
620 2628 764 2674 posset
804 2621 1020 2661 sustineri.
1085 2621 1289 2661 Servilius

412 2686 547 2737 Cepio
596 2691 837 2737 equestrem
885 2684 1094 2735 ordinem,
1140 2684 1290 2724 Livius

408 2750 577 2789 Drusus
608 2748 876 2788 Senatorium
917 2746 1122 2787 tuendum
1149 2758 1290 2786 susce-

411 2817 587 2864 perant3
636 2823 731 2851 uam
781 2815 870 2851 tum
908 2810 1077 2862 equites
1123 2815 1290 2850 tantum

410 2874 564 2926 opibus
586 2873 800 2925 valebant,
826 2879 874 2913 ut
905 2873 1163 2924 interceptis
1197 2885 1290 2913 vec·

412 2938 612 2990 tigalibus
647 2937 1005 2990 depecularentur
1050 2948 1125 2976 suo
1171 2947 1290 2975 more

411 3003 730 3055 rempublicam.
785 3001 967 3042 Senatus
989 3001 1117 3041 exilio
1135 3001 1289 3041 Metel·

411 3068 458 3118 li,
508 3066 780 3106 damnatione
826 3064 978 3104 Rutilii
1022 3063 1290 3115 debilitatus,

411 3142 534 3170 omne
547 3130 679 3170 decus
693 3128 925 3180 maJestatis
939 3127 1153 3167 amiserat.
1178 3127 1289 3167 Nam

405 3193 569 3246 judicia
590 3206 614 3233 a
632 3194 795 3234 Senatu
823 3191 877 3231 ad
903 3191 1067 3242 equites
1087 3190 1292 3230 translata

411 3255 596 3296 fuerant.
652 3255 783 3307 Signa
819 3253 948 3304 igitur
983 3257 1028 3292 et
1055 3253 1207 3305 aquilae
1245 3258 1291 3294 et

411 3320 571 3359 vexilla
603 3318 644 3358 in
676 3318 785 3367 foro,
814 3323 1015 3369 tanquam
1045 3316 1088 3355 in
1120 3317 1289 3367 castris,

415 3384 570 3435 posita,
588 3389 632 3423 et
653 3383 696 3422 in
717 3393 802 3421 una
834 3379 939 3420 urbe
965 3379 1083 3432 quasi
1104 3380 1147 3418 in
1180 3379 1289 3420 binis

413 3447 562 3486 castris
584 3445 882 3486 dissidebatur.
936 3443 1061 3483 Prior
1090 3443 1224 3495 Cepio
1245 3443 1288 3483 in

409 3510 614 3551 Senatum
636 3510 799 3562 impetu
827 3506 961 3557 facto,
990 3519 1082 3548 reos
1104 3506 1287 3547 ambitus

1002 281 1179 320 No'rAE
1222 274 1549 325 unionum
1592 287 1657 326 m
2070 312 2077 339 ,

1350 404 1550 445 Scaurum
1571 410 1615 448 et
1646 406 1890 459 Philippum
1915 408 2135 461 principes
2154 423 2226 456 no·

1350 466 1529 508 bilitatis
1554 470 1701 520 elegit.
1758 472 1836 510 His
1871 479 1918 511 ut
1947 474 2130 513 motibus
2164 487 2227 513 re·

1350 530 1520 569 sisteret
1542 532 1722 582 Drusus,
1750 534 1916 583 plebem
1939 535 1991 574 ad
2020 547 2064 574 se
2092 536 2229 577 Grac·

1350 592 1491 630 chanis
1514 594 1695 644 legibus,
1716 596 1864 636 itidem
1900 599 2035 637 socios
2058 598 2110 638 ad
2139 599 2228 650 ple-

1350 654 1444 694 bem
1470 667 1546 707 spe
1566 655 1754 698 civitatis
1779 659 1933 700 erexit.
1990 661 2124 700 Extat
2145 673 2226 700 vox

1349 718 1495 768 ipsius,
1514 717 1619 758 nihil
1637 731 1682 758 se
1703 720 1755 759 ad
1775 721 2045 773 largitionem
2066 724 2139 762 ulli
2162 735 2226 763 re-

1347 782 1537 833 liquisse,
1557 784 1635 822 nisi
1655 785 1690 823 si
1710 785 1803 836 quis
1833 791 1907 826 ant
1935 799 2099 827 coenum
2119 788 2225 827 divi·

1350 844 1452 884 dere
1474 846 1619 896 vellet,
1637 852 1710 885 aut
1731 847 1898 887 coelum.
1955 849 2061 888 Cum
2093 850 2225 901 igitur

1350 906 1575 960 Philippus
1605 909 1796 960 graviter
1825 909 2020 950 invectus
2039 917 2154 951 esset
2183 913 2226 951 in

1347 971 1568 1022 Senatum,
1588 972 1700 1024 quod
1723 974 1866 1012 Druso
1886 974 2141 1024 perniciosas
2168 975 2227 1014 le-

1349 1047 1422 1085 ges
1457 1035 1748 1087 promulganti
1785 1048 1866 1076 non
1905 1037 2142 1087 resisteret,
2173 1050 2225 1077 eo

1349 1110 1482 1150 usque
1528 1111 1792 1150 progressus,
1837 1105 1886 1140 ut
1931 1101 2098 1140 diceret
2144 1101 2226 1141 sibi

1348 1175 1455 1213 opus
1490 1164 1572 1203 alio
1603 1164 1869 1217 Senatu,qui
1901 1165 2122 1218 reipublic.
2141 1177 2226 1204 me-

1346 1225 1426 1264 lius
1446 1227 1704 1267 consuleret.
1762 1227 1887 1270 Quod
1917 1227 2077 1269 dictum
2098 1239 2226 1279 quum

1346 1287 1394 1328 L.
1415 1289 1593 1328 Crassus
1614 1302 1787 1329 summae
1819 1289 2042 1341 dignitatis
2076 1297 2122 1330 et
2141 1291 2225 1331 elo-

1347 1351 1536 1403 quentiae
1585 1351 1784 1403 princeps
1840 1353 2030 1403 graviter
2075 1351 2228 1404 ferret,

1346 1415 1466 1467 quasi
1493 1416 1675 1456 insolens
1712 1421 1841 1467 atque
1875 1415 2104 1466 superbum
2137 1427 2230 1455 ora.

1347 1479 1479 1530 tione,
1492 1479 1688 1519 invectus
1700 1479 1824 1518 estin
1842 1477 2100 1530 Philippum,
2114 1478 2227 1531 quod

1348 1547 1513 1582 tantum
1560 1547 1754 1582 senatum
1809 1542 2090 1593 vituperaret,
2137 1547 2227 1582 tum

1347 1605 1575 1657 Philippus
1622 1606 1814 1646 lictorem
1861 1604 1975 1645 misit
2027 1605 2068 1644 in
2116 1617 2231 1656 eum,

1348 1681 1474 1721 quem
1495 1669 1674 1709 Crassus
1701 1682 1725 1709 a
1745 1681 1790 1708 se
1809 1667 1981 1709 fortiter
2014 1667 2227 1719 rejiciens,

1348 1733 1485 1774 dixit:
1524 1733 1634 1773 Mihi
1664 1734 1810 1774 consul
1842 1744 1925 1772 non
1958 1738 2028 1772 est
2064 1731 2227 1783 Philip·

1349 1809 1443 1851 pus,
1459 1809 1587 1849 quum
1599 1797 1660 1836 illi
1675 1809 1756 1837 non
1771 1809 1862 1837 sum
1879 1797 2073 1836 Senator.
2116 1795 2226 1836 Nam

1350 1861 1520 1901 dixerat
1539 1860 1780 1913 Philippus,
1800 1860 1900 1900 mibi
1921 1872 2027 1912 opus
2057 1865 2123 1899 est
2144 1859 2227 1899 alio

1350 1924 1540 1965 Senatu:
1574 1930 1620 1964 et
1651 1936 1745 1964 cum
1764 1924 1916 1975 ingens
1933 1928 2085 1962 exorta
2113 1927 2228 1962 esset

1351 1987 1575 2029 altercatio
1605 1988 1718 2027 inter
1754 1987 1953 2027 Crassum
1985 1992 2031 2026 et
2065 1985 2228 2037 Philip-

1351 2064 1469 2104 pum,
1481 2051 1610 2103 jussit
1642 2050 1868 2102 Philippus
1887 2062 1909 2089 e
1929 2048 2229 2090 domo.crassi

1349 2117 1530 2168 pignora
1564 2115 1723 2156 efferri.
1776 2116 1952 2156 Crassus
1985 2114 2044 2154 ait
2061 2126 2108 2154 se
2137 2114 2226 2166 pig-

1349 2181 1520 2220 noribus
1546 2191 1630 2219 non
1649 2178 1878 2228 deterreri,
1895 2190 1978 2230 quo
2007 2178 2143 2217 minus
2164 2177 2227 2217 di·

1349 2249 1468 2284 ceret
1506 2243 1620 2296 quod
1655 2254 1679 2282 e
1713 2241 1936 2293 republica
1982 2239 2110 2291 foret,
2146 2253 2227 2281 nec

1351 2307 1469 2360 prius
1501 2306 1744 2356 taciturum,
1764 2316 1889 2359 quam
1923 2304 2098 2357 spiritus
2127 2303 2229 2343 defi-

1349 2376 1483 2411 ceret.
1539 2369 1667 2416 Nam,
1713 2375 1764 2409 ut
1807 2367 1945 2421 inquit
1990 2367 2143 2407 Cicero
2183 2367 2226 2407 in

1350 2433 1536 2473 Oratore
1554 2446 1567 2472 ε
1595 2437 1607 2456 ‘
1629 2433 1806 2473 Crassus
1824 2443 1878 2472 eo
1898 2430 1968 2471 die
1992 2429 2226 2471 orationem

1349 2509 1484 2549 prope
1503 2496 1689 2537 divinam
1706 2495 1855 2535 habuit
1873 2494 1916 2534 in
1934 2495 2096 2535 Senatu
2126 2505 2228 2543 con·

1350 2565 1418 2600 tra
1451 2558 1714 2610 Philippum,
1733 2562 1936 2609 tantaque
1964 2555 2117 2596 mentis
2143 2555 2228 2606 agi-

1351 2622 1515 2662 tatione
1532 2631 1763 2660 concussus
1791 2624 1872 2669 est,
1890 2623 1938 2659 ut
1971 2630 2068 2659 cum
2088 2629 2132 2657 se
2151 2617 2226 2656 do-

1350 2697 1464 2726 mum
1496 2683 1749 2736 recepisset,
1780 2681 1970 2722 febribus
2003 2686 2048 2721 et
2082 2680 2226 2721 dolore

1350 2748 1530 2788 laterum
1544 2746 1739 2790 laborare
1754 2743 1934 2796 coeperit
1951 2749 1996 2783 et
2007 2742 2076 2782 die
2093 2743 2227 2794 septi-

1351 2822 1420 2850 mo
1441 2808 1648 2862 perierit.’
1697 2808 1844 2848 Oliver.
1889 2805 2082 2857 contigit
2099 2806 2154 2846 A.
2171 2806 2226 2845 U.

1351 2883 1532 2914 ncxxu.

1405 2936 1486 2975 Pro
1515 2934 1673 2986 rostris]
1700 2933 1817 2974 Ante
1853 2938 2008 2986 rostra,
2036 2932 2117 2974 boe
2145 2937 2230 2984 est,

1351 2998 1393 3038 in
1414 2998 1584 3050 publica
1602 2998 1820 3037 concione.

1406 3064 1428 3115 ς
1450 3066 1472 3102 3
1497 3062 1602 3108 Quid
1632 3061 1861 3113 Philippum
1892 3062 1940 3102 de
1966 3061 2126 3101 incursu
2158 3071 2226 3099 suo

1353 3133 1495 3179 tutum,
1523 3127 1612 3180 &cd
1641 3128 1713 3167 Ita
1745 3127 1887 3178 vulgo.
1941 3127 2073 3177 Lege,
2107 3129 2155 3164 ut
2184 3126 2227 3164 in

1353 3192 1410 3232 V.
1431 3193 1485 3231 (2.
1513 3189 1654 3236 Quid?
1682 3190 1890 3241 Populum,
1917 3190 1984 3240 ἃς.
2039 3186 2228 3227 AEmilia-

1353 3267 1430 3294 nus
1460 3253 1571 3294 enim
1597 3252 1813 3292 liberrime
1843 3250 2072 3302 castigavit
2098 3262 2229 3302 popu·

1353 3318 1454 3363 lum,
1474 3328 1558 3357 non
1591 3315 1852 3367 Philippum.
1910 3314 2033 3365 Piga.
2089 3314 2230 3354 Conti-

1353 3381 1416 3432 git
1436 3379 1489 3420 A.
1511 3381 1564 3419 U.
1583 3389 1766 3418 ncxxn.

1408 3443 1455 3484 C.
1489 3439 1634 3491 Carbo]
1666 3440 1748 3481 Hic
1777 3439 2052 3481 amicissimus
2084 3438 2228 3480 suerat

1351 3505 1400 3547 C.
1417 3504 1619 3555 Gracchi,
1638 3504 1726 3558 qui,
1746 3516 1842 3545 cum
1860 3504 2000 3557 legem
2024 3503 2229 3557 agrariam
