2288 3990
554 293 816 335 vAnERu
858 290 1103 332 MAX1M1
1147 290 1267 332 Lm.
1296 291 1388 331 111.
1427 291 1564 330 cAP.
1590 278 1641 330 2.

194 414 456 469 gravissimo.
510 413 614 454 Pari
646 413 816 453 ratione
853 425 878 453 a
911 411 1074 462 Solino,

193 481 266 533 qui
284 479 337 519 de
352 479 430 519 hoc
449 478 510 519 sic
523 478 715 519 breviter
733 477 892 520 tradit:
926 477 939 499 ‘
954 477 1074 517 Prae-

192 543 378 584 valuisse
411 539 664 582 fortitudine
694 541 809 593 apud
828 541 1002 580 Roman.
1029 541 1075 580 L.

188 605 393 647 Sicinium
413 605 667 652 Dentatum,
692 605 914 645 titulorum
931 616 1075 644 nume·

189 681 263 710 rus
295 667 516 709 ostendit!
580 668 794 708 Tribunus
829 668 897 708 liic
937 667 1072 719 plebis

189 731 273 773 fuit
299 744 384 772 non
403 732 539 772 multo
570 739 669 784 post
705 738 882 772 exactos
915 733 1074 783 Reges,

186 794 264 848 Sp.
279 796 475 847 Tarpeio,
496 795 551 836 A.
571 795 752 836 Haterio
771 797 890 837 Coss.
948 796 1072 836 Idem

181 869 236 899 ex
257 859 562 911 provocatione
579 859 722 900 victor
737 860 888 909 octies,
903 872 954 900 ac
973 873 1074 913 qua-

186 922 407 974 dragesies
425 922 654 975 quinquies
687 922 892 962 adversas
924 923 1074 964 habuit

185 986 432 1038 cicatrices,
470 986 514 1026 in
544 991 668 1039 tergo
704 986 861 1025 nullam
895 991 1069 1028 notam:

183 1051 323 1103 spolia
355 1061 409 1089 ex
441 1049 562 1090 hoste
583 1049 729 1090 tricies
754 1053 907 1102 quater
925 1049 1072 1101 cepit;

184 1112 231 1152 in
251 1112 456 1165 phaleris,
471 1112 623 1161 hastis,
652 1111 766 1164 pilis,
785 1112 978 1164 armillis,
999 1126 1071 1154 co-

185 1176 304 1215 ronis
334 1179 530 1215 trecenta
565 1174 792 1215 duodecim
831 1175 945 1216 dona
981 1188 1070 1217 me-

183 1238 297 1279 ruit:
326 1250 480 1279 novem
505 1238 813 1290 Imperatores,
839 1240 913 1292 qui
938 1253 1072 1292 opera

180 1301 272 1354 ejus
291 1302 501 1353 vicerant,
528 1302 842 1353 triumphantes
869 1315 1071 1354 prosecu-

182 1371 251 1406 tus
267 1370 350 1406 est.
392 1365 522 1405 Hunc
540 1365 596 1404 ob
614 1363 914 1405 fortitudinem
927 1365 1070 1406 Achil-

179 1430 266 1470 lem
286 1429 465 1470 tradunt
485 1428 616 1469 fuisse
635 1430 915 1469 nominatum.
962 1431 1070 1472 Dio-

182 1493 325 1544 nysius
353 1504 524 1545 quoque
544 1492 916 1533 Halicarnassaeus
935 1495 1072 1535 multa

182 1556 236 1596 de
254 1556 334 1596 hoc
347 1556 439 1596 viro
461 1555 608 1606 tradit,
635 1567 730 1608 quae
757 1556 926 1608 longum
956 1563 1072 1598 esset

178 1630 418 1660 recensere.
473 1618 597 1658 Idem
618 1621 746 1659 etiam
774 1618 880 1660 facit
898 1621 1068 1662 Plinius

179 1682 233 1722 de
252 1682 409 1723 Natur.
430 1682 545 1722 Hist.
567 1682 643 1723 lib.
663 1693 783 1723 xxu.
804 1696 901 1736 cap.
920 1690 960 1726 5.

235 1747 397 1788 Centies
436 1751 474 1786 et
509 1746 694 1798 vigesies]
732 1748 804 1788 Ita
840 1749 1067 1803 Appianus

176 1821 362 1863 quoque.
429 1811 648 1864 Majorem
687 1823 910 1853 numerum
949 1814 1068 1867 apud

178 1874 393 1915 Caesarem
419 1881 463 1916 et
490 1875 778 1917 Plutarchum
809 1878 968 1931 legisse
997 1893 1066 1921 me

174 1937 395 1980 recordor.
445 1939 598 1979 Florus
617 1953 788 1993 quoque
809 1941 920 1984 libro
940 1956 1064 1997 quar-

174 2006 222 2042 to
267 2013 489 2043 numerum
548 2004 827 2045 Valerianum
883 2006 1063 2050 adserit.

179 2065 355 2107 colei-ue.

231 2127 428 2181 Vigest‘es]
457 2128 551 2171 Lib.
573 2129 783 2182 Danielis,
812 2131 947 2173 vicie&
1005 2131 1064 2174 Et

171 2190 235 2232 ita
252 2192 419 2232 Plinius
439 2191 510 2233 lib.
529 2204 592 2233 ιν.
621 2205 720 2245 cap.
742 2197 781 2234 1.
803 2201 850 2235 et
870 2195 942 2237 lib.
959 2206 1062 2245 vm,

172 2267 214 2294 c.
229 2257 300 2295 28.
355 2254 523 2295 Iterum
543 2255 615 2296 lib.
638 2268 759 2297 xxu.
785 2270 824 2298 c.
844 2263 886 2300 5.
915 2259 1059 2313 Agell.

170 2318 245 2359 lib.
258 2329 311 2359 11.
329 2331 424 2371 cap.
440 2323 481 2360 2.
521 2319 752 2372 Dionysius
772 2321 849 2363 lib.
864 2334 910 2364 X.
945 2325 1059 2376 apud

171 2394 300 2435 quem
319 2384 430 2422 male
449 2384 654 2435 scriptum
677 2383 833 2426 Σίκκιος
852 2399 930 2438 pro
957 2388 1061 2428 Σικί-

169 2460 262 2487 νιος.
292 2446 423 2487 Coler.
467 2448 545 2486 Est
564 2452 707 2487 tamen
730 2453 774 2488 et
792 2449 935 2491 Siccia
956 2463 1060 2503 gens

170 2510 284 2563 apud
299 2511 481 2550 Roman.

227 2573 523 2625 Ti·axisse,85c.]
545 2574 677 2616 Quasi
694 2575 831 2627 major
851 2588 949 2628 pars
971 2577 1058 2618 vic-

167 2635 291 2678 toriae
311 2637 407 2688 ejus
435 2643 567 2676 esset.

225 2699 369 2751 Terga]
398 2699 525 2740 Unde
557 2712 774 2754 nunquam
810 2707 935 2755 terga
965 2715 1057 2744 ver-

165 2764 270 2806 tisse
288 2765 400 2806 hosti
429 2766 704 2818 probabatur.

223 2829 362 2870 Totius
394 2830 591 2884 civitatis]
648 2833 710 2873 Ut
756 2834 891 2886 magis
928 2835 972 2875 in
1011 2837 1058 2876 L.

164 2891 423 2943 Dentatum,
436 2906 563 2946 quam
577 2895 622 2935 in
636 2896 940 2949 imperatorem
958 2911 1058 2940 ocu-

164 2953 228 2993 los
247 2954 531 3006 conjicerent.

221 3017 392 3069 Pompa]
420 3017 587 3058 Ordine
603 3022 889 3073 sequentium,
911 3024 952 3076 in
970 3038 1057 3078 quo

163 3080 294 3121 etiam
327 3081 602 3122 victoriarum
639 3083 820 3137 insignia
853 3087 1055 3138 praefere-

162 3142 334 3184 bantur.

236 3206 422 3258 Coronoe]
481 3208 689 3249 solebant
753 3211 1054 3264 Imperatores

162 3274 286 3320 parta
306 3269 488 3309 victoria
521 3277 788 3323 suggestum,
807 3280 881 3314 aut
918 3276 1053 3316 tribu-

161 3331 234 3370 nal
263 3332 575 3384 conscendere,
603 3339 649 3374 et
667 3343 906 3378 convocato
927 3351 1053 3379 exer-

162 3395 269 3444 citu,
289 3408 368 3447 pro
387 3398 595 3438 concione
616 3399 775 3440 milites
795 3402 971 3443 laudare
1000 3417 1051 3445 ac

164 3461 322 3512 gratias
367 3475 508 3516 agere.
571 3466 800 3508 Sallustius
846 3469 1050 3522 Jugurth.

161 3522 339 3564 Tacitus
384 3528 574 3569 secundo
624 3528 868 3583 Annalium,
905 3534 1050 3576 Livius

1883 278 2026 332 1083

1140 410 1217 451 lib.
1243 422 1330 452 vn.
1391 410 1534 452 Etiam
1563 409 1831 462 nominatim,
1857 409 1892 449 si
1923 423 2027 463 quo-

1138 487 1232 515 rum
1265 476 1526 528 singularem
1560 475 1605 515 in
1640 475 1791 528 praelio
1819 474 2024 514 virtutem

1138 539 1549 590 animadverterant,
1582 537 1837 591 praedicare‚
1870 543 2027 579 testem

1137 602 1274 643 habeo
1305 603 1586 644 Plutarchum
1612 603 1654 643 in
1689 602 1930 653 Coriolano,
1957 602 2027 642 Li-

1137 667 1251 707 vium
1290 666 1366 708 lib.
1407 679 1454 707 x.
1503 672 1717 718 extremo,
1754 665 2026 706 Ammianum

1137 730 1210 771 lib.
1239 740 1373 770 xxlv.
1432 730 1655 770 Laudibus
1685 729 1796 769 enim
1831 741 1916 768 non
1948 728 2027 768 rni-

1136 805 1232 843 nus,
1269 805 1395 846 quam
1438 794 1624 844 praemiis
1664 793 1793 832 animi
1843 791 2025 832 militum

1137 856 1345 910 gaudent,
1360 863 1409 897 ut
1429 857 1580 896 scribit
1602 857 1745 896 Livius
1764 856 1836 902 lib.
1856 867 1910 896 11.
1938 856 2026 896 Sae-

1136 933 1192 972 pe
1211 925 1354 961 tamen
1368 921 1470 960 satis
1490 932 1576 960 non
1590 919 1673 960 fuit
1688 920 1902 971 laudasse,
1916 931 2027 972 prae-

1135 983 1344 1024 dicationi
1363 983 1474 1023 enim
1497 984 1794 1035 adjungebant
1813 984 1932 1024 varia
1951 984 2026 1023 do·

1134 1059 1205 1088 na.
1261 1047 1595 1088 Distribuebant
1633 1053 1776 1087 autem
1818 1047 2027 1099 imprimis

1133 1121 1329 1160 coronas,
1349 1122 1454 1163 quas
1476 1109 1616 1150 varias
1634 1109 1769 1150 fuisse
1797 1110 1953 1151 scimus
1971 1123 2026 1150 ex

1134 1173 1356 1215 Ciceronis
1392 1174 1607 1221 Verrinis,
1654 1175 1921 1215 Tertulliano
1971 1174 2026 1214 de

1132 1250 1295 1278 corona
1327 1237 1496 1294 militis,
1531 1237 1645 1278 Livii
1679 1238 1789 1278 libro
1823 1238 2028 1290 septimo,

1133 1302 1308 1355 Polybii
1340 1303 1450 1343 libro
1485 1309 1627 1352 sexto,
1660 1302 1844 1342 Zonarae
1879 1302 1952 1342 lib.
1973 1313 2026 1342 11.

1131 1366 1327 1407 Suetonii
1357 1379 1451 1418 cap.
1484 1370 1551 1407 45.
1610 1365 1836 1406 Plutarchi
1869 1365 2027 1415 Mario,

1136 1430 1266 1470 Plinii
1294 1430 1366 1470 lib.
1393 1441 1473 1470 vn.
1504 1442 1600 1481 cap.
1619 1432 1688 1470 28.
1710 1434 1755 1469 et
1776 1429 1851 1470 lib.
1879 1440 2025 1469 xxm.

1133 1506 1225 1546 cap.
1248 1498 1287 1534 3.
1315 1506 1411 1534 cum
1430 1493 1595 1546 aliquot
1615 1493 1908 1546 sequentibus,
1957 1492 2026 1532 De

1131 1557 1185 1596 iis
1224 1557 1435 1609 Agellius,
1472 1556 1554 1610 (ita
1591 1556 1704 1596 enim
1739 1555 1794 1597 A.
1834 1555 2024 1596 Gellium

1129 1633 1245 1661 nunc
1266 1619 1460 1673 vocant,)
1489 1621 1619 1662 Noct.
1647 1619 1742 1660 Att.
1764 1620 1840 1660 lib.
1863 1632 1907 1659 v.
1929 1632 2026 1671 cap.

1130 1688 1170 1724 6.
1185 1685 1197 1707 ‘
1215 1685 1465 1736 Militares,'
1485 1685 1641 1738 inquit,
1661 1685 1674 1707 ‘
1696 1696 1866 1725 coronae
1879 1684 2027 1723 multi·

1129 1747 1249 1789 fariae
1270 1754 1382 1800 sunt,
1404 1761 1584 1802 quarum
1616 1761 1713 1802 quae
1749 1747 2023 1788 nobilissimae

1130 1817 1246 1862 sunt,
1265 1811 1342 1853 has
1375 1811 1514 1852 ferme
1543 1824 1636 1852 esse
1668 1812 1932 1865 accepimus,
1952 1812 2026 1852 tri·

1130 1877 1391 1929 umphalem,
1443 1877 1775 1928 obsidionalem,
1822 1877 2022 1925 civicam,

1128 1942 1353 1994 muralem,
1373 1946 1657 1993 castrensem,
1675 1939 1906 1981 navalem?
1937 1940 2025 1981 Ubi

1128 2006 1260 2046 etiam
1295 2018 1437 2047 causae
1468 2017 1617 2045 eorum
1650 2004 1865 2044 nominum
1896 2015 2022 2043 accu-

1128 2075 1222 2110 rate
1249 2070 1542 2122 explicantur,
1567 2074 1617 2109 ut
1636 2075 1682 2108 et
1713 2067 1827 2120 apud
1849 2067 1955 2107 alios
1977 2068 2021 2107 in

1128 2132 1349 2185 symbolis.
1404 2134 1578 2174 Novum
1608 2143 1742 2184 genus
1764 2143 2022 2172 coronarum

1129 2208 1155 2235 a
1175 2196 1367 2247 Caligula
1395 2196 1618 2236 inventum
1650 2195 1894 2247 observavi,
1917 2208 2024 2248 quas

1127 2259 1222 2310 ipse
1249 2259 1374 2309 Solis,
1396 2258 1547 2309 Lunae,
1572 2258 1847 2311 siderumque
1875 2260 2022 2310 specie

1128 2322 1260 2362 distin
1273 2323 1342 2373 dt,
1359 2327 1404 2362 et
1423 2322 1736 2374 exploratorias
1767 2322 2022 2374 appellavit,

1127 2385 1304 2425 Sueton.
1331 2385 1375 2424 in
1402 2385 1494 2437 ejus
1514 2385 1618 2424 Vita
1637 2397 1734 2437 cap.
1752 2388 1820 2425 24.
1877 2386 2019 2426 Etiam

1126 2454 1303 2502 torques
1341 2449 1672 2490 distribuerunt.
1728 2450 1895 2490 Probat
1932 2452 2020 2491 Ve-

1125 2515 1282 2565 getius,
1303 2521 1348 2553 et
1366 2513 1544 2553 Tacitus
1565 2513 1756 2554 secundo
1772 2513 2019 2556 Annalium.

1123 2575 1252 2617 Adde
1290 2577 1521 2616 auxiliares
1553 2577 1709 2617 milites
1748 2590 1772 2617 a
1812 2577 2019 2618 Romanis

1122 2639 1262 2678 aureis
1307 2638 1532 2691 torquibus
1569 2638 1766 2688 donatos,
1804 2653 1855 2681 ac
1899 2640 2018 2681 cives

1122 2716 1206 2743 non
1245 2705 1327 2744 nisi
1374 2705 1618 2757 argenteis:
1651 2719 1832 2747 coronas
1873 2712 2017 2747 tamen

1123 2781 1292 2820 aureas,
1325 2769 1440 2822 quod
1472 2771 1607 2823 magis
1644 2772 1861 2822 miramur,
1898 2772 2016 2812 cives

1123 2839 1413 2885 acceperunt:
1436 2846 1529 2874 eam
1550 2835 1645 2888 quis
1678 2837 1863 2888 primum
1894 2847 2016 2876 acce-

1123 2898 1255 2950 perit,
1274 2910 1357 2937 non
1392 2904 1593 2948 constat3
1623 2905 1670 2939 at
1696 2899 1753 2942 A.
1772 2900 2015 2940 Posthumi-

1123 2973 1195 3000 um
1227 2961 1501 3001 Dictatorem
1531 2963 1717 3014 primum
1737 2976 1830 3003 eam
1867 2970 2016 3004 contu-

1119 3024 1221 3064 lisse
1257 3030 1420 3064 certum
1450 3030 1532 3065 est.
1590 3026 1817 3066 Videndus
1846 3027 2013 3067 Plinius

1118 3088 1193 3127 lib.
1226 3099 1403 3129 xxxnr.
1439 3101 1534 3141 cap.
1567 3091 1607 3128 2.
1665 3090 1778 3129 Item
1809 3090 2012 3132 armillas.

1118 3153 1261 3192 Testis
1296 3152 1444 3192 Livius
1474 3152 1582 3192 libro
1601 3152 1771 3193 decimo
1799 3159 2011 3204 extremo,

1116 3214 1342 3256 Juvenalis
1382 3216 1538 3268 Satyra
1572 3216 1741 3266 ultima,
1775 3218 1927 3256 Festus
1964 3217 2009 3256 in

1117 3277 1336 3319 Armillas.
1366 3278 1479 3320 Item
1493 3279 1704 3330 phaleras.
1746 3279 1889 3318 Testis
1905 3280 2008 3319 Sue-

1118 3341 1260 3380 tonius
1295 3343 1336 3381 in
1366 3340 1580 3394 Augusto,
1599 3342 1823 3383 Juvenalis
1855 3343 2007 3383 eadem

1117 3405 1289 3457 Satyra,
1307 3405 1476 3445 Solinus
1498 3416 1592 3455 cap.
1611 3407 1650 3443 6.
1708 3404 1847 3443 Etiam
1865 3405 1906 3444 in
1922 3418 2008 3445 mo-

1113 3469 1330 3509 numentis
1365 3469 1454 3509 suis
1486 3467 1668 3507 Romani
1701 3467 1859 3506 milites
1892 3469 2006 3509 hanc

1113 3533 1291 3584 gloriam
1309 3545 1392 3573 non
1415 3536 1687 3584 spreverunt,
1708 3530 1779 3570 ubi
1801 3531 1912 3572 dona
1932 3534 2007 3573 mi-
