2288 3990
577 281 839 323 VALERII
882 279 1124 319 MAX1M1
1163 258 1286 318 ¹LIB-
1319 279 1411 319 ΙΙΙ.
1451 279 1583 318 ΟΑΡ.
1608 267 1664 318 4.

211 403 289 445 nit.
348 402 491 455 Atque
507 402 590 442 huc
611 398 932 441 transferendus
948 397 1092 450 quarti

213 467 368 520 capitis
385 466 558 514 titulus;
587 476 685 504 nam
704 474 822 503 more
841 473 917 501 suo
938 459 1092 512 praefa-

214 530 404 570 tiuncula
449 528 631 581 quadam
679 523 999 577 transgrediens
1046 523 1090 562 in

213 593 328 635 aliud
385 599 699 645 argumentum,
745 591 814 630 hic
857 588 1091 629 exorditur.

211 656 337 707 Piget.

263 719 489 770 Imaginum
505 719 651 771 foetus]
680 719 732 760 Id
753 723 833 771 est,
863 718 939 758 filii
960 729 1089 769 gene·

210 782 521 822 rosissimarum
542 783 788 834 imaginum,
811 782 853 821 id
890 787 971 832 est,
1007 782 1092 820 cla-

211 846 471 886 rissimorum
487 853 673 897 patrum,
691 858 868 899 quorum
884 845 1091 897 imagines

207 916 326 950 sunt.
355 910 524 950 Badius.

263 974 286 1026 ξ
307 977 327 1014 1
352 973 601 1022 Incunabula,
620 974 709 1025 ‹ise-,J
727 972 910 1012 Constat
923 971 1090 1010 Tullum

208 1036 460 1085 Hostilium,
498 1036 675 1076 tertium
708 1036 994 1075 Romanorum
1023 1046 1089 1073 re-

206 1111 320 1155 gem,
339 1099 486 1140 humili
515 1101 610 1139 loco
629 1103 792 1147 natum,
811 1099 853 1137 in
873 1109 973 1137 casa
992 1109 1091 1149 pas·

206 1162 312 1203 toris
327 1161 463 1203 fuisse
481 1162 727 1203 educatum.
785 1161 914 1201 Hunc
943 1161 1089 1200 Livius

198 1226 312 1267 'dicit
346 1234 548 1278 nepotem
577 1225 710 1266 fuisse
741 1225 854 1264 illius
889 1223 1088 1273 Hostilii,

205 1291 279 1343 qui
310 1289 484 1330 fortiter
503 1302 698 1342 pugnans
730 1289 933 1328 adversus
965 1287 1087 1328 Sabi-

204 1365 299 1405 nos,
314 1354 357 1393 in
379 1354 518 1393 lacum
539 1354 734 1394 Curtium
754 1353 898 1404 lapsus
914 1356 996 1403 est,
1016 1352 1087 1404 qui

205 1417 365 1458 deinde
402 1419 521 1458 lacus
558 1417 772 1458 Hostilius
815 1416 958 1456 dictus
1004 1421 1084 1457 est.

204 1481 457 1532 Dionysius,
477 1481 549 1533 qui
577 1480 807 1532 plurimum
827 1479 1027 1519 dissentit
1061 1492 1086 1518 a

203 1543 392 1595 Valerio,
408 1545 621 1596 principio
638 1545 711 1585 lib.
725 1555 796 1583 111.
813 1543 927 1583 hunc
949 1557 1001 1583 ex
1014 1557 1086 1597 ge·

201 1617 306 1645 nere
345 1607 525 1646 honesto
571 1611 616 1646 et
662 1607 816 1658 opibus
861 1613 1086 1657 potentem

191 1666 335 1709 fuisse
353 1670 559 1710 ostendit.
605 1670 728 1710 Dicit
746 1669 886 1709 enim:
908 1672 920 1692 ‘
941 1670 1087 1710 Numa

201 1732 415 1786 Pompilio
428 1740 612 1784 mortuo,
626 1733 767 1773 factus
782 1733 936 1773 iterum
955 1733 1085 1774 Sena-

201 1804 271 1836 tus
283 1798 483 1850 Reipubl.
497 1798 744 1838 dominusin
758 1797 910 1838 eodem
926 1810 1085 1850 genere

192 1859 432 1912 regiminis,
459 1857 540 1901 nec
572 1861 708 1901 invito
726 1861 902 1914 populo,
923 1874 1086 1912 perma-

191 1925 382 1964 nendum
396 1924 585 1976 censuit,
599 1926 911 1978 constituitque
925 1926 1081 1966 iterum

196 1998 253 2028 ex
281 1988 515 2028 senioribus
533 1989 574 2028 in
595 1988 857 2040 praefinitum
871 1990 1084 2042 quendam

196 2051 362 2092 dierum
381 2064 603 2093 numerum
619 2052 878 2105 praefuturos
898 2055 993 2095 urbi
1012 2056 1084 2095 In-

195 2115 409 2167 terreges,
441 2128 480 2155 a·
503 2116 658 2168 quibus
695 2117 852 2157 deiude
888 2118 924 2158 is
957 2131 1082 2171 quem

195 2179 382 2233 populus
402 2180 538 2222 omnis
559 2181 768 2232 praetulit,
794 2181 947 2222 Tullus
969 2182 1083 2222 Hos·

197 2240 311 2280 tilius
326 2253 402 2280 rex
418 2242 560 2283 dictus
581 2249 662 2283 est.
717 2245 822 2295 EJus
843 2251 986 2284 autem
1009 2258 1082 2294 ge-

196 2315 278 2343 nus
322 2305 402 2345 hoe
446 2305 548 2346 fuit.
601 2307 669 2345 Ex
710 2306 818 2346 urbe
855 2308 1080 2361 Medullia,

197 2363 325 2418 quarn
345 2367 399 2407 ab
418 2367 598 2408 Albanis
623 2370 841 2410 conditam
876 2373 1081 2413 Romulus

117 2471 124 2479 ἦ
195 2427 254 2481 fq
287 2441 360 2472 ere
396 2432 651 2485 suscipiens,
694 2434 928 2475 Romanam
965 2438 1080 2477 colo-

194 2489 240 2531 ni
328 2492 512 2544 fecerat,
542 2496 610 2535 vir
643 2496 814 2549 quidam
846 2510 1079 2549 generosus

188 2561 241 2596 vet
273 2556 426 2608 opibus
453 2558 633 2610 pollens,
661 2559 875 2600 Hostilius
894 2563 1080 2615 nomine,

194 2620 372 2660 Romam
410 2622 709 2675 commigrans,
739 2637 915 2665 uxorem
955 2627 1080 2669 duxit

191 2694 247 2723 ex
262 2695 426 2735 genere
441 2685 713 2736 Sabinorum,
736 2688 912 2728 Hersiiii
932 2689 1079 2739 filiam,

190 2755 284 2785 eam
303 2746 457 2798 ipsam,
475 2760 570 2800 quae
587 2748 771 2788 foeminis
793 2750 902 2790 bello
918 2751 1076 2793 Sabino

188 2811 463 2851 consuluerat
478 2812 739 2864 legationem
758 2815 1074 2866 suscipiendam

186 2883 270 2923 pro
299 2873 400 2913 viris
434 2875 487 2914 ad
521 2882 697 2926 patres;
737 2889 916 2929 quaeque
945 2880 1076 2920 etiam

187 2935 281 2975 visa
295 2938 760 2979 eratconciliandorum
773 2940 928 2981 ducum
945 2955 1074 2983 causa

186 2997 322 3040 fuisse
341 3001 574 3052 praecipua.
631 3003 717 3042 Hic
736 3004 868 3055 igitur
886 3006 951 3045 vir
967 3008 1073 3046 mul-

186 3062 248 3103 'tis
261 3062 302 3102 in
323 3062 446 3103 bellis
465 3065 543 3104 sub
561 3066 741 3106 Romulo
760 3068 966 3120 militans,
987 3071 1071 3110 cla·

186 3125 247 3165 ris
283 3126 414 3167 editis
452 3127 731 3180 facinoribus,
763 3131 876 3171 bello
911 3133 1071 3173 Sabino

186 3187 370 3242 interiit,
407 3189 541 3231 filium
590 3193 835 3245 relinquens
883 3196 1070 3248 unicum,

187 3253 478 3306 sepelitusque
498 3267 522 3294 a
542 3256 725 3308 regibus,
749 3259 792 3297 in
810 3259 971 3309 optimo
988 3259 1069 3300 fori

184 3313 282 3354 loeo
299 3326 314 3365 ς
338 3316 539 3357 virtutem
560 3319 654 3371 ejus
666 3324 851 3360 testante
871 3323 1069 3362 columna

188 3382 286 3417 cnm
325 3379 620 3434 inscriptione.
691 3385 759 3423 Ex
797 3385 877 3425 hoc
924 3395 1067 3427 autem

188 3436 294 3489 filio,
326 3441 417 3481 viro
435 3442 568 3497 facto,
587 3451 631 3487 et
650 3447 862 3488 illustrem
880 3448 1067 3490 ducente

186 3499 572 3558 foeminam,Tullus
581 3510 794 3551 Hostilius
804 3517 871 3552 est
883 3513 1066 3564 genitus,

1897 266 2043 320 1095

1162 397 1226 436 vir
1238 401 1460 448 promptus
1476 401 1520 436 et
1536 395 1693 445 alacer,
1707 393 1780 447 qui
1793 406 1869 435 rex
1884 395 2042 438 deinde

1158 466 1331 499 creatus
1368 465 1436 500 est
1467 471 1564 500 cum
1596 456 1812 509 suffragiis
1851 458 2042 499 civitatis

1155 523 1388 574 legitimis:
1419 528 1508 563 tum
1526 534 1627 563 vero
1642 521 1828 562 Numine
1841 523 2042 563 secundis

1155 587 1340 638 auguriis
1376 587 1592 638 firmante,
1623 598 1720 640 quae
1759 587 1921 639 populo
1949 586 2041 626 visa

1155 650 1309 693 erant.'
1339 652 1551 693 Oliverius.

1209 715 1461 766 Duplicavit]
1490 717 1603 757 Quia
1634 727 1802 756 ornnem
1837 714 2041 767 populum

1154 778 1370 818 Albanum
1411 780 1590 818 Romam
1627 779 1839 830 traduxit,
1878 779 2040 819 eversis

1154 843 1366 882 moenibus
1396 848 1441 882 et
1474 844 1564 882 solo
1601 843 1844 894 prostratis.
1903 843 2043 884 Causa

1154 904 1238 946 fuit
1252 906 1363 958 quod
1386 906 1500 946 bello
1520 907 1716 947 Fidenati
1732 900 1852 946 infidi
1865 905 2043 948 fuerunt

1154 971 1317 1023 populo
1339 971 1463 1010 Rom.
1496 971 1648 1012 Oliver.

1209 1036 1277 1086 §2
1305 1035 1510 1087 Alienum]
1539 1036 1682 1086 Vulgo
1700 1034 1897 1075 additur:
1927 1046 2043 1076 exac-

1153 1102 1251 1149 tum,
1293 1099 1335 1138 id
1370 1106 1452 1150 est,
1483 1099 1664 1139 civitate
1698 1099 1911 1151 ejectum:
1941 1111 2040 1138 nam

1155 1162 1389 1214 ‘exigere'
1433 1163 1549 1203 inter
1596 1163 1680 1202 alia
1717 1161 1958 1214 significata
1995 1168 2042 1204 et

1156 1225 1432 1278 ‘expellere'
1461 1226 1691 1278 significat.
1736 1225 1863 1266 Unde
1882 1226 2042 1266 Teren-

1152 1293 1265 1332 tius:
1297 1292 1586 1343 ‘Spectandae
1610 1304 1662 1331 an
1699 1290 1925 1343 exigendae
1955 1291 2043 1331 sint

1150 1355 1337 1397 fabulae.’
1406 1356 1550 1407 Hujus
1586 1362 1730 1394 autem
1777 1354 2039 1406 expulsionis

1151 1432 1280 1459 causa
1319 1419 1417 1469 fuit,
1453 1419 1566 1471 quod
1604 1424 1732 1470 pater
1765 1418 2038 1470 tyrannidem

1152 1483 1296 1534 Eupili
1333 1481 1542 1535 fugiebat.
1606 1483 1843 1535 Dionysius
1893 1487 2038 1522 tamen

1151 1546 1260 1586 libro
1294 1557 1366 1586 ιη.
1402 1558 1484 1585 non
1516 1553 1736 1596 exactum,
1774 1545 1851 1585 sed
1885 1551 2039 1598 sponte

1149 1608 1399 1648 discessisse
1437 1608 1561 1659 dicit,
1600 1622 1697 1648 cum
1726 1609 1956 1648 multarum
1984 1621 2038 1648 ex

1149 1677 1395 1711 mercatura
1417 1671 1690 1722 pecuniarum
1722 1671 1917 1711 dominus
1950 1670 2038 1712 fac-

1150 1739 1217 1774 tus
1253 1741 1399 1783 esset;
1447 1746 1543 1773 nam
1584 1738 1839 1785 occupante,
1883 1734 2043 1786 inquit,

1151 1798 1406 1838 Corinthum
1421 1797 1647 1848 seditione,
1660 1804 1706 1836 et
1718 1797 1911 1837 instante
1930 1798 2037 1837 Bra-

1150 1862 1315 1902 chiadis
1335 1863 1526 1915 Cypselli
1546 1862 1790 1914 tyrannide,
1807 1875 1902 1902 cum
1924 1862 2038 1902 haud

1150 1931 1292 1967 tutum
1306 1926 1530 1967 videretur
1543 1926 1621 1966 sub
1638 1926 1865 1976 tyrannide
1877 1927 2036 1978 vivere,

1148 1990 1362 2029 hominem
1383 1990 1627 2042 praesertim
1654 1990 1786 2029 multa
1810 1989 2039 2041 possiden-

1151 2058 1254 2104 tem,
1289 2065 1471 2106 eumque
1493 2066 1547 2093 ex
1566 2052 1725 2092 familia
1745 2051 1943 2092 factionis
1963 2064 2038 2104 op·

1150 2117 1363 2162 timatum‚
1378 2116 1627 2168 compositis
1643 2115 1768 2155 rebus
1787 2115 1887 2163 suis,
1909 2127 2035 2167 quas-

1148 2191 1317 2231 cunque
1350 2185 1447 2218 erat
1479 2178 1572 2218 fieri
1594 2177 1814 2229 possibile,
1830 2177 2035 2217 Corintho

1145 2244 1332 2294 solvens,
1384 2241 1605 2294 profectus
1651 2246 1733 2290 est,
1789 2240 2035 2292 habensque

1147 2307 1306 2346 amicos
1321 2307 1475 2346 multos
1492 2318 1545 2345 ex
1562 2305 1806 2355 Hetruscis,
1823 2310 1868 2344 et
1882 2304 2032 2356 bonos,

1146 2376 1330 2422 propter
1363 2370 1566 2410 continua
1604 2368 1880 2419 commercia,
1912 2379 2032 2407 max-

1145 2434 1314 2486 imeque
1333 2433 1591 2485 Tarquiniis,
1624 2431 1732 2471 urbe
1770 2443 1926 2482 magna
1956 2431 2032 2471 ali-

1146 2495 1318 2548 quando
1337 2502 1382 2536 et
1401 2495 1538 2548 felici,
1564 2495 1735 2535 domum
1751 2494 1832 2534 sibi
1852 2494 1913 2534 ibi
1929 2506 2032 2535 con·

1146 2559 1322 2610 struxit,
1350 2563 1394 2598 et
1415 2570 1590 2598 uxorem
1626 2570 1787 2610 genere
1818 2557 2029 2598 illustrem

1145 2622 1281 2674 ducit,
1323 2626 1404 2663 διο.
1455 2623 1605 2663 Oliver.
1676 2622 1878 2674 Alienum,
1928 2624 2030 2673 quod

1142 2691 1341 2738 exactum,
1366 2687 1607 2737 alieniorem,
1623 2687 1723 2738 quod
1741 2689 1868 2725 ortum
1889 2686 2030 2726 Corin-

1141 2751 1208 2791 tho
1220 2765 1233 2791 .·
1249 2751 1553 2800 fastidiendum,
1583 2752 1683 2801 quod
1694 2754 1907 2790 mercatore
1916 2751 2029 2800 geni·

1140 2820 1253 2855 tum:
1282 2814 1591 2865 erubescendum,
1635 2815 1733 2866 quod
1764 2815 1883 2854 etiam
1915 2816 2028 2855 exule

1139 2878 1359 2918 Demarato
1387 2882 1523 2918 natum
1546 2878 1681 2930 patre]
1712 2879 1779 2918 De
1797 2879 2027 2932 Tarquinio

1138 2940 1294 2981 Prisco
1314 2942 1434 2993 Rege
1461 2942 1666 2994 loquitur,
1697 2954 1845 2982 verum
1880 2942 2025 2994 prodi-

1137 3004 1259 3053 giose
1274 3004 1430 3055 ineptis
1442 3005 1791 3044 annotationibus
1803 3004 2027 3044 intermix-

1136 3066 1193 3105 tis
1214 3073 1282 3106 est
1302 3066 1564 3118 depravatus
1585 3068 1654 3108 hic
1687 3069 1824 3119 locus,
1858 3068 1930 3120 qui
1958 3067 2023 3107 id-

1136 3129 1254 3169 circo
1274 3131 1469 3179 variatur
1489 3131 1532 3170 in
1554 3131 1660 3171 Mss.
1682 3144 1705 3170 e
1725 3132 1879 3184 quibus
1906 3131 2021 3170 Susii

1136 3198 1180 3232 et
1197 3194 1425 3234 Pulmanni
1440 3196 1704 3247 exemplaria
1725 3208 1807 3234 uno
1827 3206 1899 3234 ore
1921 3194 2022 3245 reji-

1133 3256 1253 3297 ciunt
1267 3258 1359 3298 haec
1374 3258 1507 3298 verba
1522 3272 1532 3298 z
1554 3261 1654 3310 quod
1667 3262 1846 3298 exactum
1861 3256 2020 3296 alienio-

1131 3331 1227 3360 rem.
1281 3322 1376 3361 Nec
1396 3322 1625 3362 immerito.
1669 3323 1885 3361 Videntur
1904 3321 2017 3360 enim

1133 3383 1405 3432 alienissima,
1436 3398 1486 3425 ac
1526 3385 1659 3425 veluti
1697 3396 1776 3436 per
1808 3383 2015 3423 somnium

1130 3448 1377 3500 interjecta.
1419 3449 1491 3488 Ita
1506 3449 1744 3500 Campense
1759 3460 1842 3488 non
1862 3460 2017 3500 agnos-

1130 3511 1191 3553 cit
1209 3512 1331 3553 haec:
1362 3513 1581 3553 Demarato
1596 3516 1732 3552 natum
1758 3515 1887 3562 patre.
1944 3511 2013 3552 Ex
