2320 4004
431 300 459 350 ”l
470 300 570 353 lew

429 429 544 478 plum
565 438 692 479 supra
729 431 1006 467 memoratum
1039 434 1104 468 est
1135 429 1207 469 lib.
1227 440 1296 469 ιιι.

426 502 520 541 cap.
541 494 580 530 5.
613 501 707 529 nam
728 489 943 530 Cicereius
963 502 1058 530 cum
1086 492 1295 543 praetoriis

429 554 610 593 comitiis
628 554 886 605 competitor
915 560 1032 594 esset
1063 555 1142 595 Cn.
1162 555 1297 607 Scipi-

428 618 518 656 onis
538 616 614 655 filii
634 616 1090 669 superiorisAfricani,
1105 618 1298 658 omnibus

428 679 637 732 suffragiis
683 681 745 719 illi
789 682 1138 732 praeponebatur.
1213 682 1299 721 Hic

427 755 527 793 ergo
547 742 802 782 verecundia
826 749 979 795 motus,
1011 757 1056 785 se
1091 745 1200 784 tanti
1219 745 1299 784 viri

426 805 513 844 filio
534 805 827 857 praepositum,
847 819 900 847 ex
911 809 1194 860 competitore
1213 807 1300 847 suf-

423 866 685 919 fragatorem
706 879 751 921 se
772 867 892 909 fecit.
923 870 1073 911 Oliver.

484 931 691 970 Proetoriis
705 931 893 983 comitiis]
913 932 1300 973 convocationibus

427 993 570 1044 populi
587 994 640 1032 ad
661 993 890 1034 creandum
910 1001 1156 1047 praetorem.

479 1055 655 1095 Scribam
696 1057 929 1108 Cicereium]
974 1059 1123 1099 Scriba
1158 1057 1300 1098 fuerat

427 1119 572 1169 patris
598 1118 806 1171 Africani,
843 1126 891 1159 ut
934 1132 1064 1173 supra
1099 1121 1299 1160 Valerius

427 1182 589 1223 lib.nr.
610 1195 708 1234 cap.
723 1187 763 1223 6.
797 1184 927 1223 Celer.

438 1246 442 1251 ’
484 1246 690 1297 Campum]
710 1247 930 1298 Martium,
950 1246 1024 1286 ubi
1039 1247 1211 1287 comitia
1229 1247 1299 1286 ha-

427 1308 655 1348 bebantur.

480 1371 697 1422 Impotens]
725 1373 938 1412 Insolens.

485 1435 638 1484 Templo
673 1434 887 1484 descendit]
935 1435 1001 1473 Ex
1035 1435 1129 1473 loco
1167 1434 1300 1474 Marti

428 1502 696 1547 consecrato,
733 1497 776 1536 id
815 1502 899 1549 est,
945 1507 1096 1548 campo
1124 1497 1299 1546 Martio,

428 1560 540 1611 quod
561 1562 765 1612 templum
794 1567 917 1610 erat;
956 1573 1161 1612 nusquam
1189 1561 1301 1600 enim

429 1637 522 1663 cum
543 1626 698 1676 populo
729 1625 797 1676 agi
833 1625 990 1664 licebat
1022 1624 1104 1663 nisi
1135 1625 1174 1663 in
1205 1625 1300 1664 loco

428 1699 564 1736 sacro,
583 1693 626 1727 et
651 1689 787 1728 omnis
817 1689 935 1728 locus
956 1699 1076 1728 sacer
1096 1688 1301 1739 templum

429 1749 601 1789 dicitur.
637 1750 785 1790 ozie-er.

485 1812 663 1852 Candida
682 1813 793 1864 toga]
822 1813 933 1854 Quia
952 1812 1116 1853 scilicet
1131 1824 1297 1864 compe-

431 1877 581 1915 titores
604 1888 774 1927 semper
791 1877 1116 1916 amiciebantur.

487 1938 658 1978 Cicereio
679 1944 806 1978 tamen
823 1939 950 1989 magis
980 1938 1175 1989 gratulati
1194 1939 1303 1989 sunt]

433 2001 516 2040 Alii
536 2004 700 2054 legunt,
718 2007 845 2042 tamen
864 2003 1035 2042 Cicereio
1049 2002 1303 2051 magistratus

430 2064 504 2103 lati
520 2071 626 2105 suut.

485 2129 551 2178 §4
579 2130 638 2167 Ac
669 2141 716 2168 ne
751 2128 949 2179 protinus]
997 2129 1094 2168 Hoc
1132 2140 1300 2181 quoque

375 2192 379 2195 ’
430 2191 673 2243 exemplum
708 2191 858 2232 Cicero
887 2194 930 2231 in
964 2192 1074 2232 libro
1105 2192 1158 2231 de
1178 2191 1304 2231 Orat.

427 2258 603 2292 narrat:
634 2254 646 2276 ‘
670 2253 776 2292 Cum
804 2265 894 2293 mos
923 2259 1037 2292 esset
1055 2253 1307 2293 candidato:

428 2326 536 2365 rum,
553 2315 713 2355 ambire
730 2317 951 2368 populum,
966 2317 1046 2356 hoc
1063 2322 1146 2365 est,
1158 2327 1305 2354 unum·

429 2392 639 2433 quemque
685 2392 845 2432 eorum,
880 2381 952 2433 qui
993 2379 1195 2431 suffragia
1231 2379 1302 2418 da-

430 2446 550 2494 bant,
604 2445 797 2484 manibus
843 2444 1118 2494 prehensam,
1175 2447 1305 2494 atque

430 2518 569 2554 orare,
594 2512 643 2546 ut
677 2518 796 2546 suum
826 2506 905 2545 sibi
925 2503 1172 2556 suffragium
1194 2516 1313 2555 prae-·

430 2574 612 2619 starent,
631 2569 743 2621 quod
763 2568 958 2619 profecto
978 2568 1169 2619 ineptum
1185 2567 1304 2615 etffin-

431 2631 601 2681 dignum
638 2630 879 2680 videbatur,
915 2635 959 2669 et
993 2634 1104 2679 erat,
1140 2634 1189 2668 ut
1226 2629 1305 2667 viri

431 2693 601 2743 patricii
622 2698 882 2744 cogerentur
908 2703 954 2731 se
983 2691 1195 2742 subjicere
1215 2690 1304 2741 ple-

431 2754 571 2793 beiis!
603 2754 751 2794 Oliver.

489 2816 539 2860 Q.
553 2815 746 2865 Scoevola]
775 2815 860 2855 Hic
891 2815 1086 2855 Scaevola
1111 2814 1225 2854 filius
1251 2813 1305 2853 P.

430 2879 635 2918 Scaevolae
668 2878 934 2929 Jurisperiti,
967 2884 1012 2917 et
1031 2877 1083 2916 ab
1109 2878 1188 2916 hoc
1206 2877 1309 2917 dici-

432 2948 504 2980 tur
524 2941 675 2981 Cicero
695 2953 819 2993 quam
845 2940 1150 2991 habebatjuris
1170 2941 1306 2981 civilis

432 3003 665 3054 scientiam,
683 3011 1010 3055 quantacunque
1036 3002 1163 3055 foret,
1184 3015 1306 3044 acce-

433 3066 564 3116 pisse.
594 3066 715 3105 Idem.

486 3133 510 3182 §
529 3135 553 3170 5
582 3130 812 3170 Pharsalica
830 3130 933 3182 acie]
961 3130 1011 3169 In
1032 3132 1190 3183 campis
1206 3131 1306 3170 Phi-

432 3193 619 3244 lippicis,
670 3194 800 3244 juxta
844 3193 1110 3233 Pharsaliam
1157 3194 1307 3234 urbem

433 3257 677 3298 Thessaliae.

488 3319 709 3370 Larissam]
746 3318 974 3359 Thessaliae
1007 3318 1228 3358 civitatem
1262 3331 1307 3359 se

435 3382 635 3432 contulit,
648 3392 729 3434 quo
744 3381 985 3421 Corneliam
1001 3393 1177 3421 uxorem
1192 3392 1308 3420 suam

436 3444 645 3496 tantisper
664 3444 852 3494 miserat,
870 3444 967 3484 dum
985 3444 1202 3483 videretur
1222 3444 1309 3483 exi-

438 3512 507 3546 tus
526 3507 642 3547 belli.
681 3507 877 3548 Lucanus
896 3520 906 3546 :
946 3509 958 3529 ‘
977 3507 1061 3547 Sed
1081 3507 1181 3559 quid
1201 3519 1308 3558 opus

439 3570 554 3610 victo
598 3569 764 3621 populis
812 3575 886 3610 aut
925 3569 1117 3623 urbibus,
1158 3570 1310 3622 inquit,

1332 2375 1338 2379 ’
1366 2386 1448 2415 vn.
1494 2374 1506 2396 ‘
1527 2373 1853 2426 Gracchorum‚’

1001 313 1176 354 NOTAE
1218 311 1546 356 VARIORUM
1593 314 1657 356 IN

1360 431 1612 485 Victorique
1629 438 1832 484 praestare
1852 433 2009 474 fidem.5
2041 434 2189 476 otieer.

1413 494 1614 534 Larissam
1642 495 1829 548 intraret]
1873 497 1986 537 Dion
2023 498 2098 537 lib.
2114 507 2232 537 xmt.
2263 501 2266 504 ’

1361 567 1445 594 non
1472 557 1687 610 intrasset,
1713 564 1759 598 et
1789 555 2049 600 Plutarchus
2077 559 2121 598 in
2147 559 2236 599 vita

1360 619 1438 658 hoc
1459 620 1668 672 Mitylene
1688 622 1846 662 dixisse
1859 622 2008 663 refert.
2039 624 2207 662 Cor-rad.
2242 665 2245 667 a

1415 684 1437 733 ᾗ
1453 685 1480 721 9
1510 684 1596 727 Quo
1614 684 1770 724 divinus
1785 684 1949 736 spiritus
1965 685 2125 724 mortali
2151 685 2235 724 dis-

1360 745 1585 784 cernebatur
1616 759 1642 785 a
1668 747 1848 797 corpore]
1875 747 2034 799 Vulgo,
2063 759 2236 788 secerne-

1361 806 1490 848 batur.
1512 808 1606 847 Lib.
1626 814 1735 848 vett.
1750 820 1912 859 omnes,
1927 809 2233 861 discernebatur,

1360 869 1532 910 habent.
1580 871 1637 909 Et
1656 875 1792 910 recte.
1835 871 1946 910 Nam
1966 872 2237 923 propi-iadis-

1361 943 1513 971 cernere
1531 931 1743 984 significat
1759 944 1958 984 separare
1972 939 2017 973 et
2028 933 2237 974 dividere.

1362 995 1488 1034 Unde
1506 994 1852 1045 discerniculum,
1871 1007 1973 1035 acus
1993 995 2237 1048 quazcapilli

1361 1058 1582 1097 mulierum
1603 1065 1706 1097 ante
1719 1057 1905 1098 frontem
1916 1058 2237 1110 discernuntur,

1360 1121 1552 1160 Varrone
1570 1133 1620 1161 ac
1652 1121 1794 1162 Nonio
1826 1122 2034 1161 Marcello
2054 1121 2237 1162 auctori-

1361 1183 1452 1224 bus.
1479 1184 1603 1234 Pigh.

1420 1246 1475 1285 Ut
1489 1245 1672 1294 inferiori
1685 1247 1815 1298 parte]
1832 1247 2084 1287 Suetonius:
2114 1246 2128 1269 ‘
2141 1246 2236 1287 (3ae-

1362 1307 1460 1358 sar,’
1480 1308 1634 1359 inquit,
1653 1314 1664 1330 ⁴
1682 1308 1754 1348 ubi
1772 1308 2073 1349 animadvertit
2092 1321 2139 1349 se
2160 1321 2238 1349 un-

1361 1370 1489 1422 dique
1509 1370 1692 1411 strictim
1727 1371 1982 1422 pugionibus
2001 1371 2109 1423 peti,
2128 1375 2237 1423 toga
2297 1423 2311 1426 ³

1361 1438 1492 1485 caput
1521 1434 1728 1484 obvolvit,
1751 1434 1873 1473 simul
1907 1433 2079 1475 sinistra
2109 1444 2238 1474 manu

1362 1497 1498 1536 sinum
1518 1497 1571 1536 ad
1590 1497 1674 1536 ima
1693 1508 1817 1535 crura
1834 1495 2034 1545 deduxit,
2065 1486 2150 1547 q'uo
2165 1496 2240 1535 ho-

1363 1551 1523 1598 nestius
1540 1559 1733 1608 caderet,
1767 1558 1895 1597 etiam
1909 1586 1911 1588 -
1924 1556 2131 1597 inferiore.
2144 1569 2242 1598 cor-

1363 1621 1478 1672 poris
1499 1626 1624 1672 parte
1639 1619 1810 1661 velata.’
1843 1620 1993 1665 Oliver.

1417 1686 1529 1724 Ex‘r.
1558 1686 1621 1736 §1
1655 1683 1828 1734 Civitas]
1858 1682 2099 1735 Antequam
2119 1683 2237 1738 cives

1364 1747 1541 1786 Romani
1576 1746 1730 1786 fierent
1758 1744 1987 1795 Hetrusci;
2017 1757 2114 1785 nam
2138 1758 2240 1786 con-

1364 1815 1452 1849 stat
1472 1809 1688 1850 Hetnnriae
1708 1808 1850 1849 datam
1871 1809 2097 1861 aliquando
2111 1808 2238 1865 fuisse

1364 1873 1598 1912 civitatem.
2157 1893 2160 1896 “

1419 1937 1484 1987 §2
1519 1935 1707 1986 Athenis]
1753 1934 1866 1975 Vide
1912 1935 2165 1985 Ciceronem
2195 1937 2236 1977 iu

1366 1997 1532 2038 Catone
1554 1998 1735 2050 Majore.

1419 2061 1530 2101 CAP.
1551 2072 1614 2101 V1.
1632 2061 1736 2105 Quia
1752 2062 2091 2114 excellentissima]
2108 2020 2242 2113 Vere,

1366 2123 1555 2176 inquam,
1607 2124 1757 2174 ardua,
1801 2124 1900 2176 quia
1945 2125 2018 2177 qui
2058 2125 2102 2164 in
2146 2126 2239 2165 aliis

1366 2199 1520 2236 magna
1539 2193 1582 2226 et
1602 2187 1812 2227 solemnia
1835 2187 2119 2238 recognoscit,
2139 2199 2240 2228 -eru-

1367 2249 1518 2299 nescit,
1535 2249 1569 2288 si
1587 2249 1679 2300 ipse
1695 2249 1927 2290 mediocria
1945 2261 2028 2290 non
2049 2256 2242 2301 praestet.

1421 2314 1443 2364 ξ
1465 2316 1486 2352 1
1521 2311 1702 2352 Tiberius
1733 2313 1950 2364 Gracchus]
1977 2313 2143 2353 Plinius
2163 2314 2241 2355 lib.

1898 2376 2052 2427 inquit,
2089 2376 2242 2428 ‘pater

1367 2437 1572 2488 anguibus
1592 2438 1911 2489 comprehensis
1929 2438 1971 2477 in
1985 2437 2124 2491 domo,
2137 2451 2240 2480 vcuru

1368 2503 1697 2552 responderetur
1721 2502 1860 2553 ipsu-m
1886 2501 2099 2542 victurum
2134 2505 2242 2544 alte-

1367 2566 1454 2605 rius
1471 2577 1575 2604 sexu
1594 2566 1868 2616 interempto,
1889 2566 2016 2606 immo
2034 2577 2152 2616 vero,
2179 2567 2242 2606 in-

1368 2627 1477 2679 quit,
1507 2638 1648 2666 meum
1680 2631 1860 2667 necate:
1891 2627 2091 2668 Cornelia
2127 2629 2239 2669 enim

1362 2688 1533 2739 Juvenis
1554 2693 1636 2738 est,
1667 2693 1713 2727 et
1743 2699 1894 2739 parere
1926 2689 2063 2729 adhuc
2082 2695 2241 2741 potest.

1369 2753 1466 2793 Hoc
1482 2758 1578 2792 erat
1597 2753 1735 2802 uxori,
1767 2752 1934 2802 patriae‚
1963 2759 2010 2791 et
2037 2753 2241 2804 reipubli-

1371 2827 1434 2855 cae
1464 2815 1711 2855 consulere:
1751 2814 1880 2866 idque
1911 2826 2008 2854 mox
2039 2819 2242 2855 consecu-

1371 2886 1462 2919 tum
1481 2878 1578 2920 est!
1614 2879 1762 2919 Oliver.

1427 2941 1583 2993 Occidi]
1608 2942 1708 2981 Non
1728 2940 1840 2993 quod
1865 2953 1962 2981 cum
1990 2910 2065 2981 illo
2095 2942 2242 2982 statim

1371 3004 1612 3044 exstinctus
1647 3005 1719 3055 sit,
1749 3002 1825 3044 sed
1858 3003 1968 3056 quod
1998 3003 2138 3055 paulo
2145 3007 2244 3056 post

1370 3079 1414 3107 se
1432 3067 1681 3107 moriturum
1701 3080 1754 3106 ex
1777 3079 1936 3119 augure
1950 3067 2177 3107 didicerat.

1426 3130 1663 3182 Corneliam]
1691 3129 1829 3180 Hanc,
1849 3134 1898 3169 ut
1914 3140 2044 3180 supra
2058 3127 2243 3168 diximus

1369 3194 1414 3232 in
1446 3205 1543 3244 cap.
1576 3193 1631 3232 de
1663 3191 1983 3241 Reconciliatis,
2021 3190 2242 3230 Gracchus

1372 3261 1467 3307 post
1485 3255 1642 3295 factam
1663 3253 1716 3294 ad
1737 3265 1876 3293 sacras
1907 3264 2074 3292 mensas
2093 3264 2242 3294 recon-

1371 3318 1629 3358 ciliationem
1649 3316 1818 3367 accepit
1835 3327 2023 3357 uxorem.
2141 3339 2144 3342 <

1428 3381 1466 3418 0
1485 3385 1523 3419 te
1544 3379 1752 3418 Thessaliae
1776 3391 1849 3418 rex
1866 3378 2054 3430 Admeto]
2082 3378 2240 3420 Adme-

1372 3448 1440 3482 tus
1469 3452 1544 3480 rex
1570 3440 1798 3479 Thessaliae
1835 3440 1953 3491 gravi
1982 3440 2141 3482 morbo·
2164 3442 2240 3482 im-

1373 3503 1546 3555 plicitus
1585 3514 1662 3554 per
1707 3503 1871 3554 legatos
1907 3502 2154 3554 Apollinem
2183 3503 2239 3543 de

1374 3567 1511 3607 salute
1534 3565 1760 3607 consuluit.
1828 3565 1985 3618 Apollo
2017 3564 2240 3619 respondit
