2320 4004
554 310 816 352 *VALEnn
861 307 1102 347 MAX1Ml
1146 308 1263 347 ΗΒ.
1302 308 1388 350 lv.
1423 309 1562 348 cAP.
1586 296 1637 349 3.

186 434 354 477 bidines
371 431 631 484 objecerunt,
653 440 838 480 amores,
857 426 1069 467 adulteria

185 498 405 547 inusitata,
439 493 650 544 convivia,
681 491 1068 542 commessationes,

185 562 352 613 cantus,
381 557 674 611 symphonias,
704 555 886 607 navigia.
944 554 1067 594 Idem

182 623 390 667 familiam
423 620 596 673 Hipsei,
627 626 672 660 et
698 619 824 671 hujus
853 619 908 661 Q.
939 618 1066 658 Pom-

184 687 271 739 peii
288 684 542 738 postulavit,
570 683 647 723 sed
677 687 780 724 tunc
801 681 983 734 probata
1001 686 1067 722 est

184 749 278 802 ejus
289 747 601 798 adolescentia,
614 758 710 786 cum
724 746 780 788 Q.
796 745 1067 797 Pompeium,

183 810 310 866 quem
342 811 515 865 publica
550 809 789 864 quaestione
825 814 1066 862 prostrave-

183 882 269 929 rat,
302 875 516 927 defendit,
551 887 647 916 cum
679 874 997 928 opprimeretur
1042 885 1067 912 a

184 939 387 983 Cornelia
405 939 697 983 Gracchorum
727 943 882 979 matre.
915 937 1069 978 Oliver.

239 1004 294 1050 Q.
315 1001 520 1054 Pompeio]
548 1001 632 1044 Qui
663 1000 867 1041 videlicet
893 1000 1065 1041 restite-

182 1071 253 1108 rat
270 1066 528 1118 P.Sulpitio
547 1065 644 1107 trib.
663 1065 723 1118 pl.
745 1065 861 1117 leges
881 1065 1065 1117 promul·-

181 1130 302 1184 ganti
322 1131 376 1172 de
397 1129 592 1173 exulibus
620 1128 891 1180 revocandiS,
914 1128 971 1168 de
991 1141 1066 1169 no-

180 1194 246 1237 vis
271 1193 437 1237 civibus
471 1193 767 1246 libertinisque
804 1192 1065 1234 distribuen-

181 1256 263 1308 dis,
281 1256 336 1298 de
364 1257 506 1299 Mario
535 1256 740 1297 adversus
765 1255 1066 1297 Mithridatem

181 1321 370 1365 creando
407 1321 549 1372 duce;
594 1327 638 1360 et
669 1320 769 1360 ideo
802 1319 892 1360 vita
927 1318 1064 1372 ipsius

182 1383 305 1427 Coelii
328 1385 549 1438 inquinata
577 1383 858 1436 dignoscitur,
877 1382 911 1422 si
931 1382 1065 1435 perti·

181 1448 350 1489 nauiter
367 1449 442 1491 has
475 1448 735 1501 perniciosas
766 1448 885 1499 leges
914 1445 1065 1487 defen-

183 1512 287 1555 dere
303 1514 505 1555 voluerit.
536 1511 751 1553 oliverius.

235 1577 403 1619 Publica
438 1576 669 1631 quaestione]
700 1576 812 1616 Nam
846 1573 1066 1616 accusavit

183 1654 294 1691 eum,
343 1642 457 1694 quod
497 1640 749 1683 seditiosum
798 1638 1063 1679 tribunatum

174 1705 404 1759 gessisset,
417 1709 467 1746 ⁴et
481 1705 693 1756 populum
725 1702 958 1744 excitando
989 1701 1062 1741 ad-

181 1780 328 1810 versus
359 1768 583 1818 Milonem,
619 1767 742 1819 quus
780 1765 1063 1807 amicissimus

180 1839 277 1879 erat
296 1833 485 1875 Coelius.-
512 1833 597 1874 Vel
614 1831 788 1885 publica
805 1830 1061 1884 quaestione,

173 1910 267 1951 qua
283 1903 430 1950 partes
458 1896 589 1938 Marii
620 1894 822 1938 defendit
855 1893 1064 1934 adversus

181 1961 236 2003 Q.
265 1960 521 2014 Pompeium
551 1966 598 2002 et
639 1960 802 2012 Syllam
838 1958 1062 1999 Consules.

179 2025 294 2067 oliv.

234 2089 465 2142 Proser-ato]
494 2089 620 2133 Quod
648 2088 692 2131 in
708 2099 759 2128 ea
781 2086 1062 2128 contentione

179 2151 238 2194 Q.
258 2152 457 2205 Pompeii
475 2152 585 2193 filius
617 2151 784 2193 occisus
813 2155 896 2202 est,
916 2155 961 2191 et
978 2150 1063 2202 ipsi

180 2215 379 2256 consules
396 2215 468 2256 vix
481 2214 665 2256 evadere
679 2219 930 2266 potuerunt.
959 2214 1062 2253 Pro-

177 2277 326 2331 strato]
353 2278 567 2330 Superato
605 2290 631 2316 a
662 2288 709 2317 se
740 2276 916 2329 publica
943 2288 1061 2329 quae-

183 2341 339 2385 stione.

241 2404 403 2446 Ultimae
427 2401 690 2454 necessitatis]
734 2403 796 2443 Ut
838 2402 967 2444 etiam
1009 2402 1062 2442 ab

179 2468 354 2511 inimico
370 2468 748 2518 auxiliumpetere
770 2470 1015 2517 cogeretur.

235 2533 348 2574 CAP.
367 2542 439 2572 ιιι.
469 2534 529 2584 §l
579 2532 774 2577 Quartum
787 2532 827 2570 et
840 2529 1063 2570 vicesimum

179 2597 343 2649 annum]
356 2596 519 2647 Scipio,
533 2600 579 2635 ut
592 2606 726 2646 supra
740 2593 922 2645 dictum,
937 2605 1061 2645 quar·

177 2666 272 2701 tum
306 2665 353 2701 et
381 2660 626 2706 vicesimum
661 2664 786 2698 uatus
818 2668 988 2708 annum,
1016 2656 1061 2697 in

179 2723 392 2776 Hispania
420 2723 506 2766 dux
550 2723 811 2773 declaratus,
845 2734 942 2762 cum
975 2721 1061 2774 pri-

174 2799 294 2830 mum
338 2787 604 2840 provinciam
641 2788 797 2838 tenuit,
834 2785 1060 2837 Carthagi·

110 2888 116 2890 .
177 2863 275 2893 nem
295 2863 449 2893 novam
479 2851 806 2893 munitissimam
835 2850 998 2903 urbem,
1015 2854 1062 2890 et

178 2913 358 2955 Punicis
402 2914 555 2967 opibus
601 2913 806 2955 refertam
841 2914 883 2954 vi
924 2914 1061 2965 cepit,

173 2981 226 3016 vet
263 2977 468 3018 militibus
505 2977 790 3030 diripiendam
828 2978 1061 3019 concessit.

174 3039 290 3080 otio.

233 3103 389 3157 Scipio]
422 3103 558 3144 Aulus
586 3104 754 3146 Gellius
782 3118 912 3159 super
941 3111 1062 3149 tanta

178 3166 305 3219 hujus
335 3168 397 3208 rei
433 3168 593 3209 virtute
625 3170 770 3210 nescio
796 3171 898 3223 quid
927 3171 1062 3224 suspi-

179 3228 312 3271 cionis
327 3231 505 3271 Valerio
519 3229 687 3272 Antiati
709 3232 879 3274 videtur
893 3233 1063 3288 afferre,

171 3293 419 3346 Scipionem
439 3295 580 3348 istum,
600 3307 757 3337 verone
785 3309 837 3336 an
868 3296 976 3338 falso
1001 3299 1062 3338 in·

183 3361 348 3397 certum
382 3357 595 3410 est,fama
622 3363 783 3410 tamen,
817 3371 914 3400 cum
945 3367 1062 3402 esset

184 3416 447 3476 adolescens,
475 3421 585 3462 haud
619 3434 801 3476 syncera
835 3422 983 3475 fuisse,
1015 3429 1061 3465 et

183 3483 488 3533 propemodum
501 3486 745 3527 constitisse
764 3487 891 3528 hosce
911 3499 1059 3530 versus

184 3555 209 3582 a
230 3543 309 3586 Cn.
329 3546 483 3588 Naevio
515 3549 645 3600 poeta
673 3551 720 3593 in
749 3564 846 3594 eum
876 3554 1060 3606 scriptos

1870 298 2012 352 1139

1131 438 1246 467 esse:
1276 427 1288 448 ‘
1306 428 1448 468 Etiam
1478 428 1549 481 qui
1581 439 1649 467 res
1681 439 1857 479 magnas
1883 441 2012 470 mauu

1131 489 1266 540 gessit
1285 492 1484 542 gloriose,
1504 492 1637 544 Cujus
1655 490 1771 535 facta
1786 492 1881 533 viva
1898 505 2011 534 nnnc

1131 554 1293 605 vigent,
1320 555 1393 606 qui
1427 556 1539 606 apud
1572 562 1724 608 gentes
1757 555 1868 595 solus
1888 557 2011 596 Prae-

1130 624 1235 669 stat,
1250 629 1346 658 eum
1366 631 1465 658 suus
1485 625 1624 671 pater,
1646 631 1743 660 cum
1762 619 1893 672 pallio
1913 633 2014 671 nno,

1126 682 1186 723 ab
1206 682 1344 722 amica
1362 681 1578 724 abduxit.’
1609 684 1759 725 Oliver.

1183 746 1355 796 Maioris
1373 747 1649 799 Carthaginis]
1681 750 1788 791 Quae
1807 748 2010 789 nimirum

1128 810 1173 851 in
1212 808 1366 853 Africa
1397 816 1493 851 erat
1531 813 1684 852 aemula
1723 812 1892 866 imperii
1927 813 2014 853 Ro-

1129 873 1258 916 ma-ni.
1728 867 1731 869 ’

1181 937 1390 989 Auspicia]
1419 938 1545 978 More
1568 939 1749 991 solenni,
1780 940 1878 993 quia
1911 939 2012 980 nihil

1129 1000 1401 1053 inauspicato
1420 999 1515 1042 fieri
1531 1002 1709 1043 solebat.

1188 1064 1344 1123 Victor]
1396 1066 1494 1106 Non
1548 1066 1640 1106 sine
1690 1067 1856 1108 ratione
1902 1066 2019 1108 dixit

1128 1130 1276 1172 victor:
1319 1142 1416 1172 nam
1456 1131 1638 1172 victoria
1678 1133 1789 1171 solet
1830 1132 2013 1172 insolen-

1130 1194 1260 1235 tiores
1276 1195 1498 1248 minusque
1525 1195 1799 1236 continentes
1827 1195 2014 1236 reddere

1128 1259 1262 1300 viros.

1184 1323 1420 1375 Celtiberos]
1449 1323 1607 1376 Populi
1644 1329 1742 1364 sunt
1778 1323 2014 1375 Hispaniae,

1131 1399 1154 1426 a
1175 1387 1300 1427 Celte
1322 1393 1367 1426 et
1386 1387 1519 1427 Ibero
1541 1387 1658 1427 dicti.
1697 1387 1835 1427 Celtae
1855 1393 2013 1438 autem,

1129 1454 1178 1490 ut
1198 1450 1343 1490 Livius
1363 1454 1550 1492 testatur
1569 1451 1642 1490 lib.
1672 1462 1715 1490 v.
1749 1451 1880 1491 tertia
1911 1463 2012 1503 pars

1131 1513 1301 1563 Galliae,
1322 1513 1395 1566 qui
1417 1513 1638 1554 venientes
1667 1513 1722 1554 ad
1741 1514 1916 1557 Iberum
1936 1512 2011 1554 flu-

1129 1576 1245 1616 vium
1266 1577 1586 1628 Hispaniarum,
1618 1576 1766 1629 ibique
1789 1576 2011 1617 considen-

1128 1647 1212 1690 tes,
1233 1645 1405 1680 retenta
1439 1640 1566 1692 primi
1595 1641 1776 1680 nominis
1810 1645 1948 1691 parte,
1966 1646 2014 1680 et

1130 1707 1347 1754 assumpta
1364 1710 1491 1755 parte
1511 1702 1713 1756 fluminis,
1734 1704 1868 1756 juxta
1898 1703 2011 1756 quod

1129 1769 1432 1821 consederant,
1495 1769 1682 1808 Celtiberi
1735 1769 1842 1808 dicti
1899 1773 2013 1810 suut.

1130 1831 1257 1873 Quod
1278 1831 1473 1872 Lucanus
1504 1831 1615 1871 libro
1643 1842 1708 1873 xv.
1728 1831 1890 1883 tetigit,
1914 1843 2011 1871 cnm

1129 1894 1217 1935 ait:
1265 1892 1563 1948 ‘Profugique
1610 1908 1635 1935 a
1675 1900 1805 1946 gente
1844 1900 2013 1935 vetusta

1128 1957 1348 1998 Gallorum
1397 1957 1535 1998 Celtae
1572 1958 1807 2000 miscentes
1853 1970 2009 1999 nomen

1126 2020 1297 2062 Iberis?
1330 2021 1436 2065 Oliv.

1180 2084 1347 2125 ludibili
1373 2085 1619 2137 desponsam]
1659 2087 1872 2127 Lucceius
1891 2086 2010 2128 dice-

1127 2149 1270 2190 batur.
1327 2150 1526 2190 Indibilis
1548 2151 1662 2191 enim
1691 2152 1803 2191 alter
1836 2152 2010 2202 regulus

1126 2212 1227 2264 fuit,
1260 2215 1314 2254 de
1348 2226 1434 2266 quo
1466 2214 1613 2255 Livius
1646 2214 1759 2255 libro
1784 2226 1936 2257 xxvii.
1966 2219 2012 2255 et

1126 2287 1300 2317 xxv111.
1334 2278 1550 2318 Corradus.

1180 2341 1202 2391 §
1222 2343 1248 2379 2
1285 2340 1427 2380 Verum
1446 2345 1492 2380 at
1509 2340 1622 2390 lugius
1639 2340 1722 2380 viri
1741 2341 2011 2393 abstinentioe]

1125 2404 1196 2443 De
1217 2403 1494 2443 Continentia
1520 2403 1710 2456 loquitur
1738 2404 1802 2445 M.
1834 2404 2009 2445 Catonis

1127 2467 1364 2519 Uticensis,
1384 2467 1456 2520 qui
1477 2468 1588 2508 Cato
1607 2467 1743 2508 minor
1763 2467 1908 2508 dictus
1930 2473 2012 2516 est,

1126 2537 1169 2570 et
1205 2529 1427 2571 Ciceronis
1464 2531 1679 2571 sententia
1709 2531 1880 2571 Stoicus
1911 2542 2008 2582 per-

1124 2591 1278 2635 fectns.
1337 2594 1452 2634 Nam
1471 2595 1607 2647 major
1627 2605 1781 2634 censor
1801 2598 1845 2633 et
1866 2599 2011 2633 orator

1124 2656 1223 2708 fuit,
1239 2657 1352 2699 unde
1366 2658 1623 2698 Censorinus
1640 2656 1782 2698 dictus
1797 2663 1879 2699 est.
1912 2658 2009 2698 Hoc

1124 2722 1367 2773 exemplum
1380 2722 1423 2761 in
1435 2722 1625 2774 capitulo
1639 2722 1693 2761 de
1706 2722 2007 2762 Moderatione

1125 2791 1419 2842 tractavimus,
1452 2790 1526 2830 ubi
1564 2791 1791 2831 Ptolemaei
1833 2792 2009 2844 provin-

1124 2853 1233 2894 ciam
1254 2853 1409 2894 Catoni
1429 2855 1730 2897 demandatam
1748 2853 1880 2896 fuisse
1900 2855 2012 2896 dixi-1

1123 2930 1234 2967 mus,
1263 2922 1313 2957 ut
1343 2918 1445 2957 inde
1476 2918 1733 2970 Cypriacam
1764 2919 2010 2971 pecuniam,

1126 2995 1252 3035 quam
1289 2983 1550 3024 Ptolemaeus
1589 2983 1794 3034 grandem
1826 2994 2007 3035 conges-

1126 3054 1258 3094 serat,
1280 3048 1459 3088 Romam
1490 3048 1758 3100 deportaret,
1788 3060 1842 3089 ne
1874 3048 2007 3088 tantis

1125 3111 1277 3163 opibus
1305 3124 1380 3152 rex
1400 3111 1626 3163 incitatus,
1654 3125 1755 3165 pop.
1776 3113 1898 3153 Rom.
1919 3112 2005 3151 bel.-

1125 3176 1212 3216 lum
1245 3181 1492 3216 renovaret.
1540 3176 1754 3217 oliverius.
1812 3174 2008 3226 Contigit

1124 3237 1179 3279 A.
1197 3238 1251 3278 U.
1272 3249 1438 3279 nox-cv.

1180 3300 1342 3352 Epiros]
1374 3302 1453 3342 Est
1471 3301 1565 3341 haec
1585 3300 1704 3352 regio
1737 3300 1778 3339 in
1813 3299 2003 3349 Europa,

1125 3367 1172 3403 et
1191 3364 1423 3416 aliquando
1453 3364 1658 3404 Molossia
1689 3361 1805 3402 dicta
1829 3359 1927 3410 fuit,
1957 3365 2004 3399 ut

1123 3426 1319 3468 Justinus
1337 3426 1548 3467 affirmare
1565 3427 1748 3476 videtur,
1762 3435 2004 3476 quanquam

1125 3489 1296 3529 Servius
1316 3502 1445 3542 super
1465 3489 1634 3529 AEneid.
1666 3500 1737 3529 111.
1765 3500 1847 3528 non
1868 3492 2001 3528 totam

1124 3553 1318 3605 Epirum,
1338 3553 1410 3593 sed
1441 3557 1626 3605 partem,
1654 3563 1778 3607 quam
1811 3550 2004 3595 Helenus
