2288 3990
523 282 781 324 VALERu
824 281 1069 321 MAX1M1
1115 281 1235 322 mu.
1264 281 1307 323 1.
1349 270 1562 322 cAP.5.

131 419 271 449 vxon.
328 402 446 444 Atin
466 403 677 443 nonnullis
708 401 1009 453 manuscriptis

86 473 99 485 '
131 470 348 512 codicibus
368 471 446 511 hoc
462 468 723 520 adjungitur,
738 465 852 519 quod
872 473 1011 505 tamen

131 545 186 573 ex
212 531 557 574 interlinearibus
589 530 760 571 scholiis
788 529 1011 579 irrepsisse

130 598 175 638 in
208 601 456 637 contextum
493 594 690 642 videtur3
719 605 813 633 nam
848 593 920 632 ille
950 592 1010 631 lo-

127 660 281 713 quendi
298 659 447 698 modus
469 657 787 709 receptissimus
803 656 916 706 apud
936 666 1010 693 an-

129 722 269 775 tiquos
286 720 383 761 fuit.
438 720 612 760 Cuinam
631 719 812 774 Metello
834 716 1012 757 Caecilia

129 783 226 824 haec
241 783 373 823 fuerit
390 787 541 835 nupta,
560 777 645 821 non
660 780 824 820 indicat
845 779 936 819 Cic.
956 778 1011 818 de

132 846 282 887 Divin.
300 846 373 886 lib.
393 857 424 886 1.
476 846 542 884 Ex
561 855 643 897 quo
659 843 911 884 Valeriihoc
939 854 1011 882 ex-

131 909 316 960 emplum
346 908 619 959 desumptum
643 906 811 947 omnino
828 905 1011 945 videtur.

131 971 198 1011 Ex
217 971 428 1011 relatione
446 971 495 1010 L.
516 969 661 1009 Flacci
689 967 872 1008 flaminis
895 968 1010 1007 Mar·

131 1033 249 1074 tialis
267 1044 313 1073 se
339 1033 421 1073 hoc
448 1031 639 1073 scribere
668 1036 869 1081 testatur,
886 1042 1012 1082 quem

132 1097 360 1138 Consulem
390 1095 548 1135 scimus
577 1094 715 1135 fuisse
742 1105 853 1133 anno
879 1093 1013 1134 Urbis

131 1161 226 1200 622.
245 1164 293 1199 ut
309 1158 408 1198 hinc
426 1157 554 1198 facile
582 1157 726 1210 colligi
756 1157 904 1209 possit,
923 1156 1013 1207 ejus

133 1226 331 1274 tempore
354 1222 435 1262 hoc
462 1221 715 1272 contigisse,
732 1233 818 1273 quo
841 1219 1015 1259 Metelli

132 1289 314 1337 quatuor
333 1283 607 1324 Macedonici
635 1282 716 1323 filii
743 1282 902 1334 aliique
923 1282 1016 1333 plu·

132 1357 200 1386 res
231 1344 422 1385 fuerunt.
477 1345 622 1396 Ipsam
658 1355 760 1384 vero
795 1343 1015 1384 Caeciliam

135 1410 192 1451 Q.
214 1408 431 1449 Numidici
456 1419 646 1448 sororem
674 1406 823 1458 fuisse,
841 1419 897 1446 ex
917 1418 1017 1446 auc·

135 1477 230 1512 tore
257 1471 312 1511 de
331 1471 444 1511 Viris
463 1471 671 1511 Illustrib.
701 1475 769 1509 est
796 1468 1017 1520 colligere,

133 1534 206 1587 qui
225 1546 322 1585 cap.
337 1537 406 1575 62.
436 1534 587 1574 scribit
607 1532 880 1573 Numidicum
902 1544 1016 1572 soro-

132 1598 190 1637 ris
215 1608 303 1636 suae
325 1596 459 1635 virum
489 1596 715 1636 Metellum
743 1594 916 1634 laudare
943 1606 1016 1634 no-

131 1659 276 1710 l'uisse,
293 1659 404 1713 quod
424 1660 460 1699 is
487 1660 586 1700 olim
603 1671 725 1699 suum
737 1657 948 1710 judicium
971 1662 1016 1698 et

133 1723 250 1775 leges
270 1722 551 1762 detrectarat.
595 1720 779 1771 Pighius.

187 1785 383 1837 Contigit
401 1783 458 1825 A.
477 1785 534 1824 U.
554 1795 700 1824 nexu.

186 1850 315 1889 Nocte
331 1847 533 1899 concubia]
571 1847 840 1898 Intempesta
868 1849 1012 1887 nocte.

133 1914 275 1954 Varro
310 1913 366 1953 de
403 1914 569 1965 Lingua
602 1913 783 1953 Latina:
816 1913 829 1935 ‘
850 1913 1010 1953 Intem-

132 1982 300 2028 pestem
318 1975 330 1994 '
349 1975 509 2016 Caelius
524 1974 712 2026 dicebat,
727 1987 823 2015 cum
844 1980 1011 2027 tempus

132 2038 288 2090 agendi
311 2044 378 2078 est
397 2038 574 2088 nullum,
594 2038 706 2090 quod
735 2038 807 2077 alii
825 2039 837 2059 ‘
855 2050 1011 2078 concu-

131 2101 275 2142 bium’
302 2102 592 2154 appellarunt,
625 2101 740 2153 quod
776 2100 868 2141 fere
906 2107 1010 2141 tunc

130 2177 276 2218 omnes
294 2164 528 2205 cubarent:
558 2170 625 2204 est
637 2176 740 2215 ergo
758 2164 894 2216 prima
913 2177 1012 2216 pars

132 2227 294 2268 somni!
340 2227 504 2267 Oliner.

187 2290 383 2330 concubia
410 2290 539 2340 nocte]
583 2290 692 2330 Dies
725 2289 837 2341 apud
860 2291 1011 2329 Roma·

132 2364 208 2393 nos
228 2365 254 2394 a
271 2353 413 2392 media
439 2358 567 2392 nocte
597 2352 860 2402 incipiebat:
889 2353 1011 2402 cujus

133 2415 196 2454 rei
220 2426 390 2455 causam
419 2413 603 2454 reddere
635 2419 815 2453 conatur
841 2414 1012 2453 Plutar-

131 2476 234 2519 etms
265 2476 307 2516 in
341 2476 676 2518 Quaestionibus.
732 2476 838 2527 Ejus
864 2482 1011 2527 partes

130 2545 274 2579 erant:
305 2538 464 2579 Mediae
483 2540 621 2578 noctis
648 2538 887 2588 inclinatio,
908 2540 1010 2579 Gal-

130 2599 338 2651 licinium,
387 2599 694 2650 Conticinium,
743 2600 1010 2653 Dilucidum,

132 2663 280 2713 Mane,
300 2662 514 2714 Vespera,
536 2662 681 2701 Prima
693 2661 1011 2713 fax,Concubia

131 2729 178 2766 ct
213 2726 472 2778 intempesta
499 2736 610 2764 nox:
640 2724 699 2763 ita
734 2725 869 2778 dicta,
896 2726 1009 2777 quod

131 2796 218 2828 non
251 2787 409 2828 habeat
441 2787 640 2827 idoneum
675 2792 842 2839 tempus
880 2789 1009 2828 rebus

130 2850 344 2902 gerendis.
396 2849 511 2889 Vide
537 2850 655 2890 Gell.
674 2849 746 2890 lib.
765 2862 835 2890 111.
855 2863 951 2902 cap.
968 2856 1010 2892 2.

131 2918 178 2952 et
195 2912 462 2953 Mncrobium
478 2913 764 2953 Saturnalium
778 2913 844 2954 lib.
861 2926 892 2954 1.
910 2927 1006 2967 cap.

137 2979 178 3015 3.

185 3037 394 3088 Proposito
421 3039 652 3089 congruens]
681 3039 732 3079 Id
765 3044 847 3091 est,
879 3041 1009 3093 perti-

134 3109 239 3139 nens
259 3099 313 3138 ad
330 3099 502 3158 nuptias
524 3100 716 3151 virginis.

186 3162 238 3202 Ιιι
262 3162 551 3202 matrimonium
581 3162 717 3212 duxit]
746 3162 878 3215 Atqui
913 3166 1008 3205 talis

132 3224 380 3276 conjunctio
409 3223 562 3264 illicita
588 3231 687 3264 ante
715 3226 881 3266 Claudii
903 3233 1008 3267 tem-

132 3297 252 3337 pora,
288 3285 454 3338 quando
485 3297 538 3326 ea
574 3287 628 3326 de
665 3299 712 3327 re
749 3288 791 3327 in
827 3290 1007 3340 gratiam

131 3347 346 3399 Principis
391 3349 549 3389 sctum
597 3349 759 3390 factum
805 3359 890 3403 est,
935 3355 1008 3406 qui

133 3409 410 3463 Agrippinam
431 3413 474 3452 in
494 3426 671 3454 uxorem
689 3415 827 3457 duxit.
863 3418 1006 3458 Tacit.

135 3469 286 3512 Annal.
310 3486 362 3513 11.
413 3477 450 3515 N
457 3475 632 3517 efandos
660 3477 760 3518 istos
783 3479 939 3528 thoros,
959 3485 1004 3517 et

241 3538 383 3590 Daph.
398 3545 437 3581 et
462 3542 554 3583 Vur.
572 3544 676 3583 Clas.

915 3545 1000 3586 Vnt,
1022 3546 1135 3585 Max.

1851 271 1958 323 945

1070 400 1255 442 flebilem
1276 400 1414 443 facem
1445 402 1607 442 Seneca
1629 405 1765 443 vocat.
1795 403 1905 444 Vide
1928 406 1957 444 1.

1072 466 1152 504 ult.
1172 477 1270 517 cap.
1302 465 1357 504 de
1386 466 1546 506 Incest.
1576 465 1714 517 Nupt.
1745 471 1790 506 et
1815 467 1843 507 Ι.
1878 468 1958 507 ult.

1073 539 1171 578 cap.
1209 529 1244 567 si
1280 529 1417 580 Nupt.
1456 541 1510 568 ex
1545 530 1759 581 Rescript.
1792 536 1882 582 pet.
1914 537 1960 571 et

1074 591 1220 643 Cujac.
1242 591 1398 632 Obser.
1420 605 1523 633 viu.
1542 597 1609 634 28.

1126 655 1149 705 ξ,
1179 659 1202 693 5
1236 655 1332 694 Caio
1347 660 1475 695 autem
1490 655 1643 707 Mario]
1674 657 1781 696 Cum
1797 657 1962 698 P.Sul·

1075 715 1212 766 picius
1243 717 1436 758 tribunus
1470 719 1608 770 plebis
1642 720 1822 760 authore
1856 722 1961 761 Caio

1074 779 1216 820 Mario
1251 781 1515 832 perniciosas
1548 783 1665 835 leges
1697 784 1961 835 promulgas-

1074 847 1159 891 set,
1186 847 1234 881 ut
1265 843 1414 883 exules
1447 852 1765 894 revocarentur,
1787 851 1832 885 ut
1862 846 1961 885 novi

1074 904 1190 943 cives
1217 904 1497 957 libertinique
1527 906 1893 947 distribuerentur
1918 909 1961 947 in

1075 967 1228 1016 tribus,
1250 972 1296 1006 ut
1314 974 1357 1007 et
1377 967 1537 1008 Consul
1557 975 1602 1008 et
1624 970 1791 1009 Marius
1808 971 1964 1011 'adver-

1075 1040 1144 1068 sus
1180 1028 1476 1070 Mithridatem
1514 1031 1647 1071 Ponti
1691 1044 1838 1084 regem
1874 1035 1963 1073 dux

1075 1097 1312 1143 crearetur,
1346 1099 1391 1133 et
1419 1094 1747 1136 adversantibus
1778 1098 1964 1136 consuli·

1078 1156 1171 1203 bus,
1190 1156 1247 1197 Q.
1267 1156 1477 1208 Pompeio
1498 1164 1544 1197 et
1562 1158 1610 1197 L.
1630 1158 1774 1210 Syllae,
1799 1160 1883 1199 vim
1902 1161 1965 1198 in-

1077 1218 1260 1270 tulisset,
1278 1219 1508 1271 occisoque
1535 1220 1735 1272 Pompeii
1766 1222 1961 1262 Consulis
2039 1222 2044 1226 ’

1075 1279 1182 1332 filio,
1209 1293 1371 1333 genero
1401 1283 1549 1335 Syllae,
1576 1284 1626 1323 L.
1655 1283 1779 1335 Sylla
1804 1285 1963 1324 Consul

1078 1343 1124 1383 in
1137 1344 1288 1384 urbem
1317 1357 1413 1384 cum
1432 1347 1628 1386 exercitu
1650 1347 1796 1396 venit;
1827 1353 1873 1388 et
1893 1348 1966 1388 ad-

1078 1419 1227 1447 versus
1247 1406 1478 1448 factionem
1500 1408 1681 1460 Sulpicii
1703 1414 1747 1448 et
1770 1410 1899 1449 Marii
1922 1412 1965 1450 in

1079 1469 1175 1520 ipsa
1201 1470 1307 1509 urbe
1327 1470 1550 1521 pugnavit,
1569 1482 1751 1522 eamque
1779 1472 1963 1522 expulit.

1080 1531 1146 1570 Ex
1175 1542 1261 1582 quo
1294 1531 1522 1571 duodecim
1555 1544 1579 1571 a
1609 1533 1772 1572 Senatu
1805 1534 1963 1584 hostes,

1078 1593 1192 1632 inter
1211 1605 1318 1645 quos
1338 1594 1496 1634 Consul
1515 1595 1682 1634 Marius
1699 1600 1744 1635 et
1762 1595 1872 1635 filius
1893 1598 1966 1648 ju-

1078 1653 1212 1694 dicati
1231 1660 1346 1695 sunt.
1377 1656 1419 1696 S.
1437 1656 1646 1707 Sulpitius
1673 1658 1833 1697 cumin
1861 1671 1963 1710 qua-

1077 1716 1175 1756 dam
1192 1718 1293 1758 villa
1311 1720 1482 1770 lateret,
1502 1720 1662 1760 indicio
1683 1721 1796 1760 servi
1818 1723 1882 1761 sui
1900 1735 1965 1761 re-

1078 1786 1243 1822 tractus
1276 1788 1322 1822 et
1351 1783 1521 1822 occisus
1551 1788 1637 1834 est,
1654 1784 1704 1823 C.
1725 1784 1890 1824 Marius
1919 1784 1967 1824 fi-

1075 1844 1157 1884 lius
1186 1845 1230 1884 in
1262 1845 1457 1886 Africam
1492 1846 1686 1898 trajecit,
1719 1847 1770 1887 C.
1801 1848 1966 1888 Marius

1076 1913 1202 1959 pater
1218 1909 1464 1949 Minturnas
1486 1910 1653 1950 delatus
1674 1911 1715 1950 in
1736 1911 1964 1962 paludibus

1075 1973 1273 2024 delituit;
1303 1987 1354 2014 eo
1385 1975 1548 2027 Syllani
1579 1976 1737 2016 milites
1769 1989 1865 2016 cum
1893 1991 1965 2017 ve-

1075 2038 1254 2090 nissent,
1274 2052 1323 2078 ac
1339 2040 1571 2092 diligenter
1591 2046 1638 2081 et
1651 2046 1855 2081 accurate
1871 2042 1965 2094 ejus

1076 2102 1257 2153 vestigia
1275 2103 1546 2155 indagarent,
1565 2116 1647 2145 nec
1673 2117 1770 2144 eum
1800 2106 1963 2145 inveni-

1074 2171 1187 2214 rent,
1207 2170 1422 2216 pastorem
1437 2167 1550 2206 haud
1565 2169 1692 2218 longe
1705 2168 1962 2219 conspicati,

1072 2232 1227 2278 rogant
1255 2229 1390 2279 primo
1417 2229 1582 2269 indicet
1614 2229 1829 2279 Marium3
1858 2230 1962 2270 fluc-

1075 2294 1268 2329 tuantem
1288 2291 1443 2330 deinde
1464 2297 1510 2330 et
1527 2291 1865 2332 dissimulantem
1886 2294 1962 2331 mi-

1074 2351 1139 2389 nis
1174 2357 1220 2391 et
1251 2359 1413 2392 terrore
1447 2353 1743 2404 perfundunt3
1773 2355 1864 2406 qui,
1889 2357 1961 2395 ubi

1076 2426 1123 2453 se
1154 2427 1179 2454 a
1208 2416 1414 2456 militibus
1446 2415 1751 2468 circumfundi,
1782 2423 1828 2457 et
1863 2419 1961 2459 telis

1075 2476 1264 2528 undique
1294 2478 1384 2527 peti
1405 2478 1529 2528 vidit,
1557 2479 1740 2517 Marium
1763 2479 1927 2521 indicat
1945 2495 1958 2522 ι

1072 2539 1217 2591 itaque
1233 2541 1404 2591 capitur
1427 2541 1606 2591 Marius,
1628 2542 1960 2596 Minturnasque

1073 2600 1281 2653 defertur,
1298 2610 1344 2643 et
1360 2594 1405 2642 vin
1428 2603 1599 2643 domum
1619 2605 1793 2644 Fanniae
1814 2607 1963 2647 mulie-

1072 2663 1131 2702 ris
1152 2663 1326 2715 publice
1345 2663 1650 2706 custodiendus
1666 2668 1854 2707 traditur
1870 2685 1882 2719 3
1903 2670 1958 2709 ad

1072 2739 1196 2779 quem
1232 2729 1516 2770 occidendum
1559 2742 1708 2770 servus
1744 2732 1959 2785 publicus,

1073 2790 1248 2830 natione
1279 2791 1467 2843 Cimber,
1493 2794 1661 2843 missus,
1678 2793 1884 2834 inermem
1911 2802 1958 2835 et

1070 2854 1272 2905 squalore
1293 2855 1737 2907 obsitum,majestate
1753 2859 1861 2896 tanti
1877 2858 1957 2896 viri

1070 2923 1320 2970 commotus,
1338 2920 1490 2959 stricto
1513 2919 1603 2971 jam
1624 2918 1767 2970 gladio
1794 2919 1957 2958 interfi-

1071 2991 1171 3019 cere
1207 2993 1290 3020 non
1325 2982 1541 3033 sustinuit,
1572 2986 1617 3020 et
1649 2981 1956 3021 tremebundus

1071 3043 1243 3094 abjecto
1261 3043 1377 3084 ferro
1397 3043 1569 3095 refugit,
1587 3044 1810 3083 clamitans
1829 3045 1958 3094 gemi-

1070 3111 1170 3146 nata
1203 3119 1324 3158 voce,
1362 3108 1463 3147 Non
1497 3119 1668 3158 possum
1705 3105 1953 3146 interficere

1069 3168 1273 3209 Marium.
1314 3170 1424 3208 Tum
1447 3169 1780 3215 Minturnenses,
1799 3169 1954 3218 majes-

1071 3233 1160 3268 tate
1189 3229 1266 3268 viri
1297 3230 1702 3281 capti,‘incolumem
1736 3230 1953 3280 praestite-

1069 3297 1182 3332 runt.
1239 3293 1326 3333 Hic
1354 3304 1473 3344 ergo,
1490 3305 1587 3332 cum
1618 3292 1808 3331 abiturus
1837 3292 1950 3331 exis-

1069 3355 1330 3406 setedomo,
1344 3354 1644 3394 animadvertit
1672 3354 1847 3392 asellum
1874 3367 1948 3394 ne-

1069 3417 1214 3465 glecto
1248 3417 1420 3468 pabulo,
1435 3416 1546 3468 quod
1568 3415 1784 3465 objectum
1803 3416 1841 3454 ei
1857 3415 1948 3456 fue-

1067 3485 1149 3529 rat,
1170 3480 1222 3519 ad
1244 3491 1394 3533 aquam
1422 3478 1766 3530 contendentem,
1787 3491 1868 3530 quo
1891 3479 1949 3518 vi-

1743 3549 1766 3584 3
1797 3546 1835 3584 Ο
