2346 3996
660 320 1044 361 FRAGMENTU
1057 321 1097 357 M
1144 322 1220 359 DE
1262 321 1635 360 NOMlNlBUS·

228 446 442 488 studiosas
487 443 616 484 etiam
661 442 858 495 antiquas
902 439 1101 480 mulieres

226 510 376 559 fuisse,
395 513 523 560 atque
539 506 640 546 inde
658 505 842 546 traxisse
857 505 987 544 etiam
1009 515 1105 555 cog-

225 571 396 611 nomina
426 569 623 619 Rutulas,
655 567 784 620 idque
813 567 943 608 etiam
977 564 1105 606 Afra-

226 634 341 673 nium
359 631 611 684 frequenter
630 631 837 672 indicare.

278 695 426 736 Publia
458 695 629 745 Moerea]
659 695 711 735 In
745 695 948 735 Sambuci
979 693 1104 743 libro,

225 760 386 810 Publia,
431 760 636 800 Numeria-
693 761 750 800 Et
794 760 889 799 haec
935 758 1105 810 quidem

223 824 491 876 praenomina
508 836 531 862 a
547 824 648 863 viris
663 829 834 875 sumpta
854 828 968 862 sunt.
996 823 1105 862 Var-

222 898 269 927 ro
287 894 427 928 tamen
460 893 583 939 putat
614 888 808 928 Marcam
840 892 885 926 et
906 886 1106 926 Numeri-

222 963 289 992 am
302 950 502 991 mullebri
517 948 655 990 forma
669 962 752 988 non
770 950 854 989 dici
873 963 883 988 ;
914 949 1106 999 Luciam,

221 1016 442 1066 Maeniam,
479 1015 742 1061 postumam,
779 1020 827 1053 ut
870 1013 1099 1052 mulierum

222 1077 486 1132 praenomina
518 1077 713 1130 agnoscit
743 1076 814 1116 lib.
853 1088 935 1116 vu.
966 1076 1020 1116 de
1052 1076 1103 1116 L.

221 1143 273 1183 1..
327 1142 443 1194 Ergo
467 1139 671 1189 fortasse,
688 1140 847 1188 Mania,
867 1140 937 1180 hic
955 1140 1101 1192 legen-

226 1204 326 1245 dnm
346 1205 443 1256 erit,
462 1215 542 1255 pro
559 1203 725 1243 Maerea.

273 1269 411 1309 Caium
428 1279 511 1308 esse
536 1279 577 1308 se
603 1267 769 1318 diceret]
798 1267 850 1307 In
872 1268 1100 1319 Campensi

217 1332 297 1384 ita,
320 1333 461 1373 Gaiam
478 1344 558 1372 esse
576 1343 616 1371 se
633 1333 807 1371 dicerent
831 1332 879 1370 C.
901 1331 1013 1371 Titii.

273 1395 390 1437 Finit
404 1396 574 1448 epitoma
600 1396 648 1434 de
674 1394 893 1434 nominibus
915 1394 1100 1434 historia-

216 1473 306 1501 rum
323 1466 363 1501 et
380 1462 640 1512 exemplorum
669 1458 951 1510 Romanorum]
985 1459 1099 1501 Quid

218 1532 364 1566 autem
397 1537 452 1565 ex
481 1524 546 1564 his
577 1523 718 1574 colligi
752 1523 906 1574 possit,
926 1522 1101 1562 videant

219 1590 351 1629 docti.
405 1588 515 1628 Mihi
544 1586 716 1640 quidem
747 1587 935 1638 suspicio
957 1587 1096 1626 obori-

218 1659 290 1692 tur
325 1652 522 1692 librarios
556 1650 759 1703 quosdam
797 1657 960 1690 temere
1002 1650 1097 1690 haec

218 1717 344 1757 aliter
363 1715 608 1756 distinxisse
626 1715 706 1754 hoc
733 1714 858 1754 modo
878 1729 889 1754 ;
924 1715 970 1754 C.
996 1715 1098 1754 Titii

203 1779 305 1833 finit
334 1781 515 1830 epitoma,
532 1782 598 1830 syc.
653 1777 800 1831 Atque
818 1778 918 1817 inde
937 1779 1097 1830 opinio-

217 1855 314 1883 nem
335 1846 478 1882 natam
507 1843 556 1882 C.
575 1842 732 1882 Titium
759 1852 977 1881 auctorem
1003 1853 1098 1881 esse

214 1908 339 1960 hujus
377 1907 605 1959 epitomes,
643 1905 756 1945 sicut
788 1917 902 1944 nunc
939 1904 982 1944 in
1020 1904 1096 1944 im-

215 1971 373 2023 pressis
392 1968 709 2022 exemplaribus
730 1969 940 2020 proditur.
980 1969 1095 2008 Prae-

212 2034 452 2076 fatiuncnla
480 2040 644 2083 tamen,
664 2033 768 2072 licet
789 2046 813 2072 a
833 2032 1013 2072 diversis
1032 2033 1096 2072 di-

212 2097 456 2138 versimode
487 2095 714 2147 fabricata,
744 2095 895 2135 nullibi
927 2097 1004 2136 hoc
1036 2097 1097 2135 in-

213 2161 352 2210 dicat3
382 2161 456 2200 sed
489 2160 532 2199 in
567 2158 818 2211 quibusdam
857 2159 1094 2211 codicibus,

213 2231 263 2265 ut
282 2224 386 2275 dixi,
402 2222 545 2266 Julius
562 2223 686 2263 Paris
714 2222 991 2262 abbreviator
1021 2223 1094 2262 de-

212 2299 305 2329 cem
320 2288 528 2328 librorum
543 2285 705 2326 Valerii
722 2286 980 2336 nominatur,
994 2298 1094 2338 quo-

213 2364 307 2391 rum
327 2350 483 2391 decimi
504 2349 690 2402 epitome
717 2353 784 2388 est
802 2347 855 2387 de
876 2349 1092 2387 nominum

212 2415 393 2454 ratione.
447 2413 533 2454 Sed
564 2413 700 2464 cujus,
720 2424 880 2464 quaeso‚
899 2411 1091 2451 Valerii?

207 2490 303 2518 nam
347 2475 401 2517 ad
447 2475 627 2516 Maximi
687 2480 990 2526 argumentum
1035 2486 1090 2514 ne

210 2547 373 2592 puncto
392 2539 566 2594 quidem
586 2551 669 2578 uno
698 2538 881 2578 accedit.
937 2538 1090 2591 Itaque

210 2605 380 2645 videtur
406 2603 548 2656 potius
580 2614 674 2642 esse
707 2602 881 2641 alterins
908 2602 1089 2654 aliquus

208 2669 383 2719 veteris,
401 2668 473 2720 qui
494 2667 644 2707 decem
663 2666 805 2717 ‚libros
838 2678 921 2706 non
950 2679 1090 2706 exem-

207 2734 392 2785 plorum,
409 2732 483 2772 sed
517 2731 570 2771 de
591 2731 756 2782 Lingua
787 2731 1090 2783 Latina-scrip-

207 2796 278 2848 sit,
308 2809 415 2849 quos
443 2795 585 2838 Julius
619 2795 747 2835 Paris
784 2796 824 2834 in
860 2795 1088 2847 Epitomen

206 2861 402 2913 redegit:
446 2866 491 2901 et
526 2871 671 2899 eorum
703 2859 858 2899 decimi
898 2859 1088 2909 epitome

197 2932 440 2978 propterea
459 2937 484 2964 a
511 2924 695 2964 librariis
713 2923 874 2962 Valerii
906 2923 1087 2962 Maximi

207 2987 328 3028 libris
361 2999 513 3028 novem
535 2987 712 3038 adjecta
734 2994 800 3026 est
831 2987 1084 3037 appendicis

207 3053 315 3102 vice,
334 3051 431 3104 quia
458 3051 650 3091 breviter
679 3057 724 3089 et
752 3041 974 3090 succincte
1001 3051 1085 3090 Ro-

204 3127 423 3156 manorum
443 3113 661 3153 nominum
675 3115 862 3152 rationes
878 3115 1084 3166 explicet,

204 3191 287 3232 quo
314 3179 464 3218 melius
484 3177 675 3216 Romana
701 3176 863 3215 Valerii
883 3179 1084 3229 exempla

203 3246 379 3292 possent
421 3239 602 3291 intelligi
638 3239 691 3279 ab
736 3239 1082 3290 imperatoribus.

203 3305 300 3347 Quo
319 3304 403 3344 fine
422 3310 467 3344 et
486 3303 570 3343 alia
594 3302 668 3341 illa
687 3302 874 3353 epitome
895 3303 936 3344 in
958 3303 1081 3343 Cam·

205 3367 326 3418 pensi
359 3366 470 3406 libro
501 3371 598 3417 post
632 3365 738 3405 hanc
768 3366 973 3417 adjuncta
1000 3374 1080 3418 est,

205 3429 259 3469 de
279 3428 652 3481 Appellationibus
677 3428 1019 3480 magistratuum,
1035 3437 1081 3470 et

204 3492 419 3533 vocabulis
462 3492 652 3531 historiae
701 3492 919 3532 Romanae.
975 3494 1081 3534 Quis

203 3563 346 3597 autem
364 3556 433 3596 hic
449 3555 588 3596 Julius
606 3555 743 3607 Paris,
759 3554 884 3595 fateri
905 3568 1079 3597 necesse

1907 307 2046 360 1381

1166 446 1251 491 est,
1266 453 1348 482 non
1366 442 1554 495 liquere:
1587 440 1777 494 quamvis
1794 452 1847 481 ex
1867 442 2046 482 nominis

1167 503 1305 545 forma
1340 506 1483 557 colligi
1523 505 1617 545 fere
1655 504 1807 557 possit,
1844 504 2046 545 libertum

1167 565 1297 607 fuisse
1319 568 1492 609 doctum
1522 569 1707 621 aliquem
1734 567 1883 608 domus
1901 568 2048 617 Juliae,

1168 631 1366 683 qualibus
1395 634 1455 672 uti
1486 634 1624 674 solent
1656 632 2051 684 grammaticis,vel

1169 694 1429 747 paedagogis,
1450 698 1517 736 vel
1541 696 1798 748 anagnostis.
1854 694 1914 735 At
1942 697 2048 735 mul-

1167 762 1214 797 to
1235 758 1366 809 magis
1385 759 1611 799 obscurum
1630 765 1713 807 est,
1733 758 1826 811 quis
1846 758 1980 799 fuerit
1993 759 2045 799 C.

1167 822 1305 862 Titius
1325 822 1492 862 Probus
1512 823 1579 862 hic
1601 824 1716 863 velut
1744 828 1893 863 auctor
1912 822 2047 873 epito-

1167 897 1257 926 mes
1303 886 1347 925 in
1394 887 1614 939 impressis
1661 887 1794 927 libris·
1819 885 2044 937 praefixus;

1169 961 1293 1003 quem
1334 961 1414 1001 ego
1451 949 1623 1001 quidem
1666 949 1708 989 in
1745 949 2046 1001 manuscriptis

1169 1011 1387 1052 veteribus
1427 1012 1614 1051 noudum
1650 1011 1839 1063 repperi,
1870 1018 2047 1062 praster-

1168 1089 1294 1128 quam
1328 1076 1372 1115 in
1406 1076 1545 1126 unius,
1577 1081 1625 1114 ut
1658 1075 1764 1125 dixi,
1797 1075 2044 1127 Campensis

1165 1140 1284 1180 calce
1315 1139 1563 1192 adjectum
1592 1143 1721 1190 atque
1751 1137 1827 1189 ita,
1845 1143 1890 1176 ut
1911 1137 1964 1177 ad
1984 1138 2047 1189 ip·

1163 1216 1250 1243 sam
1283 1207 1517 1242 extremam
1550 1200 1782 1252 fragmenti
1815 1200 1926 1239 illius
1951 1212 2043 1240 sen-

1164 1271 1343 1311 tentiam
1372 1269 1514 1321 potius
1544 1268 1781 1320 pertinere,
1802 1279 1924 1320 quain
1944 1278 2043 1307 auc-

1164 1339 1299 1374 torem
1338 1333 1433 1385 ejus
1472 1337 1623 1372 notare
1662 1332 1874 1372 videatur.
1933 1331 2042 1374 Nam

1163 1400 1196 1438 si
1218 1399 1497 1450 respiciamus
1527 1396 1580 1436 ad
1602 1397 1833 1436 solemnem
1853 1396 1969 1435 illum
1991 1396 2044 1434 ri·

1163 1467 1252 1502 tum
1282 1461 1542 1514 nuptiarum,
1570 1460 1690 1512 cujus
1715 1459 1775 1499 ibi
1794 1458 1844 1498 fit
1864 1460 2040 1506 mentio,

1163 1533 1206 1565 et
1225 1538 1351 1578 quem
1370 1525 1500 1565 etiam
1526 1524 1703 1576 pulchre
1723 1523 1978 1562 Plutarchus
1999 1522 2041 1560 in

1165 1588 1515 1629 Problematibus
1576 1588 1786 1639 exponit;
1842 1585 2040 1638 profecto

1162 1665 1244 1693 non
1273 1652 1420 1704 inepte
1450 1664 1559 1692 nova
1592 1657 1726 1703 nupta
1753 1663 1807 1690 ex
1834 1663 1950 1689 more
1979 1650 2041 1689 in-

1163 1722 1381 1768 terrogata
1419 1720 1556 1755 semet
1592 1726 1879 1767 sponsumque
1919 1725 2040 1753 suum

1160 1781 1271 1821 bene
1303 1780 1491 1820 ominate
1518 1777 1790 1829 nominando,
1820 1776 1965 1817 Caiam
1995 1789 2040 1816 se

1162 1856 1256 1884 esse
1273 1843 1448 1884 dicebat
1467 1844 1516 1883 C.
1530 1842 1646 1892 Titii,
1662 1842 1729 1880 vel
1748 1841 1911 1882 C.Titii
1933 1840 2041 1880 Pro·

1163 1908 1284 1958 bi‚ut
1306 1908 1504 1947 videntur
1536 1905 1734 1947 habuisse
1767 1905 1938 1957 quidam
1967 1916 2039 1943 co-

1160 1971 1291 2023 dices,
1305 1984 1359 2011 ex
1376 1971 1528 2025 quibus
1541 1982 1695 2010 nomen
1710 1969 1896 2009 auctoris
1915 1968 2038 2007 istius

1160 2037 1413 2077 translatum
1433 2041 1501 2075 est
1520 2034 1573 2074 ad
1599 2033 1895 2086 praefationem
1921 2033 2038 2073 illam

1159 2099 1353 2152 primam.
1407 2099 1530 2138 Inter
1549 2099 1711 2150 priscas
1735 2097 1849 2136 enim
1870 2096 2038 2148 nuptia-

1157 2174 1250 2202 rum
1280 2162 1557 2202 caeremonias
1588 2167 1633 2201 et
1664 2160 1770 2201 illud
1798 2167 1906 2211 erat,
1923 2159 2037 2212 quod

1158 2227 1425 2278 auspicatum
1455 2225 1711 2273 habebatur,
1742 2236 1941 2276 sponsum
1967 2225 2036 2264 vel

1153 2301 1351 2340 sponsam
1366 2289 1422 2329 ab
1439 2289 1563 2328 initio
1582 2288 1825 2340 nuptiarum
1845 2299 1928 2327 non
1947 2292 2035 2327 tam

1156 2352 1359 2403 propriis,
1379 2363 1504 2404 quam
1535 2351 1645 2390 bene
1673 2349 1842 2400 faustis,
1861 2362 1911 2389 ac
1931 2350 2035 2389 omi-

1154 2417 1267 2454 natis
1307 2415 1527 2466 appellare
1563 2413 1817 2454 nominibus.
1874 2413 2033 2455 Quem-

1154 2478 1382 2518 admodum
1409 2484 1455 2518 et
1475 2478 1662 2530 virgines
1689 2478 1835 2518 Vestae
1863 2490 2034 2517 sacran-

1153 2543 1247 2593 das,
1267 2541 1461 2594 pontifex
1489 2542 1695 2582 maximus
1720 2553 1816 2581 cum
1837 2545 2032 2593 caperet,

1153 2617 1235 2645 non
1266 2618 1342 2646 suo
1373 2606 1558 2656 nomine,
1577 2605 1650 2645 sed
1670 2605 1847 2645 Amatas
1876 2616 2031 2645 vocare

1153 2670 1335 2710 solebat.
1394 2670 1506 2712 Quin
1545 2675 1590 2709 et
1627 2681 1798 2721 sponsa,
1833 2674 1880 2708 ut
1917 2668 2030 2707 idem

1150 2732 1410 2774 Plutarchus
1429 2738 1631 2783 testatur,
1650 2733 1704 2771 ad
1735 2744 1935 2784 sponsum
1956 2730 2030 2771 de-

1151 2795 1296 2847 ducta,
1331 2803 1376 2836 et
1417 2795 1579 2848 profari
1611 2796 1756 2848 jussa;
1789 2796 1854 2835 his
1889 2795 2029 2836 verbis

1151 2870 1248 2898 eum
1275 2859 1434 2912 alloqui
1465 2859 1599 2900 solet:
1634 2860 1711 2899 Ubi
1738 2864 1781 2898 tu
1803 2859 1940 2909 Caius,
1958 2871 2030 2909 ego

1153 2923 1264 2963 Gaia.
1305 2924 1378 2963 Ita
1407 2924 1577 2963 scilicet
1607 2922 1920 2979 depaciscendo
1944 2921 2029 2962 for-

1149 2993 1348 3028 tunarum
1364 2987 1703 3041 facultatumque
1718 2987 1902 3027 omnium
1918 2999 2030 3026 com-

1147 3051 1386 3091 munionem
1406 3065 1418 3101 ;
1447 3052 1568 3104 quasi
1592 3051 1773 3097 diceret,
1794 3051 1867 3090 ubi
1888 3055 1934 3089 tu
1953 3050 2026 3088 do-

1147 3114 1283 3152 minus
1304 3126 1353 3154 ac
1372 3116 1516 3165 herus,
1538 3126 1620 3166 ego
1644 3114 1812 3153 domina
1833 3119 1876 3151 et
1894 3113 2022 3151 hera:

1147 3176 1218 3216 ubi
1257 3182 1303 3217 tu
1341 3178 1563 3229 gaudebis,
1610 3183 1655 3216 et
1693 3189 1772 3227 ego
1809 3175 2023 3226 gaudebo.

1146 3242 1283 3282 Quam
1305 3242 1530 3293 paritatem
1561 3240 1749 3291 conjugii
1777 3238 1940 3277 duobus
1962 3250 2024 3276 se-

1143 3304 1374 3344 micirculis
1422 3305 1645 3356 signarunt
1693 3301 1939 3353 antiquitus,
1973 3307 2023 3341 ut

1143 3366 1296 3406 dexter
1320 3355 1536 3416 maritum,
1556 3367 1726 3405 sinister
1754 3378 1927 3405 uxorem
1956 3378 2021 3405 re-

1144 3437 1392 3481 praesentet.
1436 3429 1521 3471 Qui
1542 3427 1728 3479 conjugii
1749 3428 1901 3479 copula
1920 3439 2020 3468 con·

1143 3494 1244 3532 nexi
1281 3492 1484 3532 circulum
1518 3491 1705 3539 solvunt,
1733 3489 1775 3528 id
1813 3496 1897 3539 est,
1928 3502 2019 3530 rem

1144 3555 1337 3596 omnibus
1358 3553 1541 3594 numeris
1561 3554 1769 3605 integram
1788 3559 1833 3594 et
1854 3554 2016 3595 absolu-
