2320 4004
545 315 805 358 VALERn
849 312 1093 353 MAx1M1
1137 313 1256 351 121⁸.
1297 312 1380 351 ιν.
1419 312 1555 352 cAP.
1577 300 1628 352 6.

164 445 227 484 ita
238 453 335 483 eum
350 441 496 482 vivere
510 449 654 490 posse,
669 435 706 477 si
720 432 965 488 quempiam
980 431 1043 471 in-

166 507 350 556 veniret,
368 504 441 558 qni
458 502 589 543 vellet
608 512 686 554 pro
700 511 752 539 eo
771 497 864 538 fata
881 495 1046 537 subire.

162 570 363 613 Tentatis
394 567 529 620 igitur
558 564 756 605 omnibus
775 561 1046 615 propinquis,

163 632 326 683 amicis,
360 630 608 676 clientibus,
645 633 692 669 et
723 628 829 680 ipsis
857 626 1046 680 denique

163 696 316 746 servis,
348 696 441 734 sola
472 706 582 734 uxor
613 693 792 732 inventa
826 696 912 740 est,
947 702 1046 743 quae

162 771 240 812 pro
271 770 324 798 eo
350 758 459 798 mori
488 757 689 798 voluerit.
745 753 1047 807 Reprehendit

162 827 321 872 autem,
368 827 413 862 et
451 819 766 874 quodammodo
802 818 1047 857 detestatur

161 898 259 926 eum
277 885 494 935 Valerius,
513 885 624 938 quod
644 882 903 923 fidelissimae
923 880 1046 921 uxori

160 955 384 1002 superstes
414 960 511 988 esse
545 947 743 988 voluerit.
813 946 917 986 Fuit
950 946 1046 986 haec

159 1014 350 1056 Alcestis
367 1014 539 1054 nomine
560 1012 696 1053 Pelioe
722 1011 959 1052 Thessaliae
979 1023 1046 1051 re-

161 1079 226 1132 gis
244 1078 333 1118 filia
351 1090 407 1117 ex
427 1075 658 1127 Anaxibia,
676 1074 854 1115 foemina
872 1074 1045 1127 quidem

159 1141 484 1189 formosissima,
517 1150 572 1179 ex
601 1149 688 1191 qua
706 1143 833 1178 natus
862 1143 933 1178 est
957 1138 1044 1179 Eu·

158 1206 295 1246 melus
322 1203 499 1244 Admeti
518 1202 647 1253 filius,
675 1201 763 1255 qui,
781 1200 836 1242 ad
869 1202 1044 1254 TroJam

157 1282 256 1312 cum
276 1270 371 1310 aliis
387 1270 640 1310 Graecornm
651 1267 837 1307 ducibus
851 1267 1045 1320 veniens,

158 1334 363 1375 undecim
375 1331 559 1386 ‘praefuit
585 1331 782 1372 navibus.
838 1331 950 1371 Hoec
977 1343 1043 1371 us-

158 1410 242 1451 que
267 1397 375 1438 adeo
395 1398 535 1436 virum
560 1395 737 1446 amavit,
766 1400 817 1435 ut
846 1395 1042 1435 volunta·

158 1464 265 1503 riam
297 1473 377 1515 pro
404 1461 479 1502 illo
497 1466 683 1501 mortem
715 1459 935 1511 suscipere
955 1471 1043 1500 non

157 1525 439 1566 recusaverit.
492 1524 560 1564 De
578 1536 663 1578 quo
689 1524 857 1564 Seneca
886 1523 930 1563 in
950 1522 1044 1564 Me·

156 1591 236 1630 dea
255 1604 267 1630 ε
296 1591 310 1614 ⁸
327 1589 529 1641 Conjugis
547 1587 687 1628 fatum
702 1587 915 1627 redimens
933 1587 1044 1627 Phe·

158 1655 235 1694 raei
266 1654 390 1703 Uxor
406 1652 618 1705 impendit
645 1651 829 1692 animam
857 1649 1042 1692 marito!

157 1715 343 1757 Ovidius
372 1715 428 1755 de
447 1715 593 1755 Ponto
625 1713 698 1754 lib.
714 1724 789 1754 111.
822 1713 878 1753 de
905 1724 1041 1753 uxore

156 1793 236 1820 sua
253 1779 364 1820 dixit
381 1793 392 1819 =
438 1779 450 1801 ‘
467 1779 512 1818 Si
539 1790 636 1818 mea
654 1790 768 1817 mors
788 1777 1042 1817 redimenda

154 1836 286 1896 foret,
312 1842 428 1896 quod
458 1842 681 1883 abominor
713 1853 824 1893 esse,
863 1840 1041 1881 Admeti

155 1908 362 1960 conjunx,
419 1919 546 1961 quam
605 1906 861 1959 sequereris,
921 1904 1042 1946 erat.'

154 1971 285 2013 Hauc
303 1972 436 2011 Plato
464 1970 572 2011 dicit
589 1970 633 2010 in
659 1970 891 2022 Symposio
911 1980 1040 2021 prop·

155 2040 225 2076 ter
247 2035 328 2075 hoe
362 2034 525 2076 factum
554 2034 761 2074 meruisse
791 2046 816 2074 a
847 2034 940 2074 Diis
963 2035 1040 2074 im-

154 2099 423 2151 mortalibus,
441 2104 490 2138 ut
509 2098 564 2138 ab
584 2096 735 2138 inferis
762 2103 1043 2139 revocaretur

155 2162 211 2203 ad
229 2174 423 2215 superos.
454 2162 606 2202 Oziver.

208 2224 409 2265 Femineo
426 2224 557 2264 animo
576 2224 727 2277 impar]
758 2224 916 2264 Uxoris
937 2229 1042 2275 tuae,

154 2299 251 2342 quae
273 2301 350 2338 pro
371 2294 416 2328 te
437 2289 548 2328 mori
578 2289 730 2339 voluit,
764 2300 863 2329 cum
893 2293 941 2328 tu
961 2299 1040 2340 pro

157 2358 384 2405 parentum
423 2352 579 2403 salute,
612 2363 716 2404 quos
747 2364 827 2403 pro
859 2357 904 2391 te
933 2353 1041 2391 mori

154 2416 486 2466 sollicitaveras,
520 2426 603 2455 nec
634 2427 715 2467 pro
748 2421 824 2455 tua
855 2414 1040 2455 necessi-

153 2485 262 2530 tate,
306 2480 408 2532 quia
452 2480 585 2519 semel
625 2478 893 2519 moriendum
930 2484 1040 2529 erat,

152 2543 261 2583 mori
279 2543 429 2583 velles.
457 2543 566 2583 Bad.

206 2606 277 2657 §2
307 2604 621 2658 Colligatusque]
658 2604 839 2646 Habens
869 2604 1040 2657 vulnus,

150 2669 268 2724 quod
287 2669 370 2711 sibi
394 2670 439 2711 in
457 2675 638 2723 pectore
661 2668 848 2721 fecerat,
877 2668 932 2709 ab
950 2664 1035 2708 illis

148 2733 347 2786 ligatum.

205 2797 383 2849 Fasciis]
411 2796 680 2848 Panniculis,
700 2796 862 2849 liuteis,
884 2795 1036 2850 quibus

150 2861 305 2902 vulnus
318 2862 500 2913 ligatum
517 2866 626 2902 erat.

206 2927 272 2978 §3
303 2926 492 2977 ijsdem
509 2929 555 2965 ut
582 2925 773 2977 nominis]
801 2925 901 2966 Hoc
934 2937 1036 2966 con·

151 2990 251 3044 tigit
270 2989 473 3031 confecto
486 2991 580 3042 jam
598 2990 711 3031 bello
730 2990 1036 3043 Macedonico,

97 3067 99 3074 ·
149 3053 194 3094 in
213 3066 298 3107 quo
319 3054 445 3094 Rom.
476 3052 594 3094 Asiae
627 3054 885 3106 populorum
906 3054 1035 3095 armis

151 3123 198 3160 et
211 3129 347 3171 opera
366 3115 540 3158 fuerant
570 3117 657 3158 usi:
684 3117 901 3158 debellata
929 3130 1035 3171 ergo

149 3181 390 3234 provincia,
409 3186 455 3221 et
474 3182 662 3234 peractis
676 3182 802 3222 rebus
822 3181 1035 3243 omnibus,

150 3257 247 3286 cum
267 3245 320 3286 ad
341 3246 481 3286 socios
495 3246 836 3296 remitterentur,
849 3246 974 3286 classi
995 3248 1037 3286 ei

150 3311 197 3348 et
213 3307 417 3362 legationi
435 3308 729 3362 praefecerunt
748 3309 798 3351 C.
814 3309 1036 3350 Plautium

149 3369 419 3413 Senatorium
453 3373 607 3425 virum,
646 3379 693 3414 et
725 3374 771 3415 in
813 3374 1036 3427 republica

152 3445 239 3474 non
258 3432 499 3476 obscurum.
533 3437 683 3478 Oliver.

209 3496 384 3550 Rugum]
425 3500 590 3553 Rogum
621 3503 917 3556 acceperimus
949 3515 1036 3542 non

259 3563 405 3617 Delph.
419 3571 460 3607 et
475 3568 571 3610 ναν.
590 3569 699 3610 Clas.

951 3571 1039 3611 Val.
1063 3571 1181 3613 Max.

1857 298 1999 351 1153

1110 442 1188 483 pro
1226 430 1406 472 incensa
1448 442 1570 484 pyra,
1613 430 1688 475 sed
1736 435 1891 482 parata
1935 431 1997 471 in-

1109 493 1251 533 cendi.

1171 558 1377 609 Ungendi]
1413 557 1545 610 Apud
1575 557 1760 610 majores
1792 562 1838 597 et
1870 558 1999 598 cada-

1109 632 1214 661 vera
1237 622 1440 673 pretiosis
1478 622 1730 675 quibusdam
1764 623 1996 675 unguentis

1110 684 1449 737 definiebantur,
1470 693 1515 726 et
1534 687 1578 726 in
1591 687 1704 738 rogis
1722 686 1859 726 multa
1873 687 1998 726 simul

1111 754 1303 788 aromata
1323 760 1420 787 cum
1439 748 1727 788 cadaveribus
1752 749 2002 790 cremaban-

1112 816 1197 852 tur.
1253 811 1381 852 Unde
1406 811 1563 863 legitur
1594 813 1648 853 de
1681 813 1800 866 Sylla
1833 820 1997 854 tantam

1110 874 1429 915 multitudinem
1451 882 1693 915 aromatum
1713 875 1756 915 in
1775 877 1871 928 ejus
1893 887 1999 927 rogo

1110 944 1428 991 consumptam,
1459 943 1507 978 ut
1536 939 1678 990 imago
1711 940 1803 990 ejus
1837 940 1901 979 his
1923 952 1999 980 un·

1109 1006 1282 1058 guentis
1320 1004 1508 1056 effigiem
1544 1003 1755 1057 quandam
1795 1010 1997 1045 contrax-

1110 1071 1209 1110 erit.
1263 1068 1468 1120 Virgilius
1500 1068 1676 1108 AEmvt.
1708 1068 1763 1107 de
1800 1068 1994 1109 Miseno:

1106 1135 1119 1157 ‘
1138 1134 1392 1185 corpusque
1419 1132 1566 1171 lavant
1600 1129 1802 1183 frigentis
1841 1138 1888 1172 et
1920 1144 1997 1172 un-

1108 1195 1246 1250 gunt!
1277 1196 1431 1238 Oliver.

1163 1262 1339 1306 Quorum
1362 1260 1422 1300 ibi
1442 1259 1601 1309 sacuam
1631 1260 1889 1312 sepulchrum,
1923 1259 1999 1299 Τα-

1107 1325 1214 1365 renti
1246 1326 1462 1365 etiamnum
1491 1324 1750 1376 conspicitur]
1792 1324 1890 1364 Vox
1923 1324 1998 1363 Ta·

1105 1391 1229 1441 renti,
1246 1402 1270 1430 a
1299 1391 1487 1442 glossula
1507 1396 1601 1431 est:
1633 1390 1747 1432 dele.
1805 1392 1918 1432 Nam
1940 1391 1995 1430 de

1106 1454 1216 1495 urbe
1249 1465 1301 1493 ea
1322 1460 1424 1494 ante
1446 1455 1594 1495 statim
1627 1467 1784 1506 sermo,
1817 1461 1861 1495 et
1882 1467 1996 1495 nune

1107 1518 1246 1570 addit,
1265 1518 1336 1559 ibi.
1368 1519 1488 1570 Lips.

1161 1584 1227 1635 §4
1256 1583 1459 1624 AEdilitiis
1475 1581 1666 1634 comitiis]
1695 1582 1863 1626 Quibus
1876 1594 1995 1623 crea-

1105 1646 1267 1687 bantur
1285 1647 1449 1687 aediles.

1162 1710 1345 1762 Pompeii
1363 1709 1528 1761 Magni]
1555 1709 1818 1751 Plutarchus
1831 1709 1875 1749 in
1895 1709 1998 1750 Vita

1104 1774 1304 1826 Pompeii
1325 1775 1388 1815 sic
1409 1774 1571 1814 tradit:
1613 1775 1625 1796 ‘
1644 1773 1839 1814 Comitiis
1859 1773 1998 1813 aedili·

1104 1838 1176 1879 tiis
1189 1850 1287 1878 cum
1302 1849 1455 1877 manus
1467 1837 1640 1890 quidam
1657 1837 1998 1888 conseruissent,

1104 1907 1150 1944 et
1168 1902 1288 1943 circa
1302 1901 1559 1954 Pompeium
1575 1901 1700 1942 multi
1716 1901 1997 1954 cecidissent,

1103 1978 1257 2007 cruore
1276 1977 1484 2006 caesorum
1507 1964 1725 2018 perfusus,
1743 1970 1889 2005 vestes
1908 1977 1997 2006 mu-

1104 2032 1231 2083 tavit,
1267 2035 1313 2071 et
1346 2043 1443 2071 cum
1477 2030 1637 2070 multus
1667 2041 1891 2070 servorum
1930 2037 1998 2070 tu·

1103 2097 1265 2136 multus
1286 2095 1340 2136 ad
1361 2095 1476 2135 aedes
1507 2095 1602 2147 ejus
1633 2093 1776 2146 fieret,
1797 2095 1911 2134 inter
1931 2093 1997 2135 fe-

1102 2161 1283 2201 rendum
1303 2165 1446 2200 vestes
1475 2161 1622 2212 puella
1651 2171 1882 2211 praegnans
1905 2159 1998 2199 visa

1102 2230 1282 2264 cruenta
1297 2229 1400 2275 toga
1419 2223 1629 2273 concidit,
1647 2234 1728 2263 nec
1744 2223 1879 2263 multo
1895 2227 1996 2275 post

1104 2287 1345 2327 abortivum
1366 2287 1509 2336 enixa,
1528 2285 1690 2338 periit?
1718 2285 1869 2325 Oliver.

1158 2350 1199 2389 E
1216 2350 1369 2401 campo]
1398 2349 1579 2401 Martio,
1609 2348 1684 2389 ubi
1717 2349 1896 2389 comitia
1921 2349 1993 2388 ha-

1102 2413 1332 2454 bebantur.

1158 2476 1280 2518 Orbis
1310 2476 1564 2528 detrimento]
1593 2477 1709 2519 Quia
1737 2481 1838 2530 post
1870 2474 1992 2528 liujus

1100 2546 1281 2581 mortem
1299 2548 1451 2581 secuta
1469 2541 1583 2581 bella
1601 2541 1744 2581 civilia
1762 2541 1877 2580 inter
1896 2541 1993 2580 Cae·

1101 2617 1240 2645 sarem
1280 2610 1325 2645 et
1371 2605 1654 2658 Pompeium
1721 2617 1816 2658 quae
1852 2609 1991 2644 totum

1100 2675 1313 2710 terrarum
1342 2670 1491 2711 orbem
1515 2670 1633 2724 gravi
1662 2669 1788 2710 clade
1817 2680 1994 2710 concus-

1099 2739 1265 2775 serunt.

1150 2799 1384 2838 Communis
1413 2798 1623 2849 sanguinis
1652 2796 1826 2848 vinculo]
1868 2795 1992 2837 Scili-

1099 2867 1172 2902 cet
1190 2864 1414 2916 affinicate:
1443 2864 1559 2916 quia,
1590 2862 1628 2902 si
1648 2861 1830 2902 vixisset
1852 2858 1990 2909 Julia,

1099 2929 1245 2978 potuit
1276 2928 1534 2980 Pompeium
1562 2939 1662 2967 cum
1680 2937 1834 2966 socero
1865 2929 1991 2976 patre

1100 3003 1177 3031 suo
1197 2991 1240 3030 in
1262 2998 1475 3043 perpetua
1494 2989 1728 3031 concordia
1751 2994 1915 3029 tenere.

1154 3057 1176 3108 ς
1196 3059 1220 3094 5
1240 3055 1404 3107 Fortia]
1432 3056 1561 3105 Haec,
1591 3059 1639 3093 ut
1658 3055 1701 3093 in
1722 3051 1915 3104 capitulo
1933 3049 1988 3089 de

1099 3118 1373 3158 Fortitudine
1419 3118 1621 3168 diximus,
1683 3116 1861 3168 cognito
1909 3113 1989 3152 viri

1099 3183 1296 3234 consilio,
1326 3182 1440 3236 quod
1473 3182 1527 3222 de
1557 3179 1858 3222 interficiendo
1894 3178 1987 3217 Cae·

1099 3258 1194 3286 sare
1225 3259 1323 3287 cum
1342 3247 1492 3287 Cassio
1513 3250 1710 3298 ceperat,
1739 3243 1987 3295 priusquam

1099 3315 1265 3351 tantum
1285 3310 1453 3351 facinus
1474 3309 1790 3362 aggrederetur
1805 3305 1985 3352 Brutus,

1098 3375 1290 3428 experiri
1315 3375 1467 3426 voluit,
1493 3372 1686 3425 nunquid
1721 3374 1869 3422 posset
1897 3363 1985 3406 for·

1098 3440 1200 3480 titer
1230 3439 1360 3492 mori,
1388 3440 1422 3479 si
1461 3450 1531 3478 res
1563 3436 1717 3476 marito
1748 3431 1985 3472 infeliciter

1098 3504 1313 3557 cessisset,
1353 3510 1397 3544 et
1439 3507 1623 3553 accepta
1668 3497 1894 3548 novacula,
1934 3495 1985 3534 si·

1778 3565 1805 3602 4
1834 3562 1872 3601 D
