2346 3996
375 279 516 333 1312

375 412 492 452 nullo
510 409 671 463 frigore
687 410 859 462 adduci,
891 415 939 452 ut
958 411 1102 464 capite
1121 417 1246 465 oper-

374 481 421 515 to
440 474 510 521 sit,
539 487 826 527 summamque
845 474 886 513 in
918 487 970 515 eo
1001 487 1093 516 esse
1122 477 1246 517 sicci-

368 543 508 592 tatem
529 538 735 590 corporis.
790 538 943 589 ltaque
975 540 1117 579 omnia
1151 552 1249 592 pro·

371 598 502 641 batur
519 601 671 653 exequi
691 600 802 653 regis
821 599 961 641 officia
982 608 1027 642 et
1046 602 1249 644 munera?

378 663 532 704 Oliver.

430 726 550 767 Hunc
592 726 746 766 modum
787 724 972 779 excessit]
1025 726 1251 779 Superavit

364 787 483 829 'hunc
501 790 599 829 vitae
621 790 864 842 terminum,
887 790 1046 843 quippe
1064 789 1133 844 qui
1153 803 1250 832 cen-

371 859 463 894 tum
484 854 676 905 implevit
697 862 843 896 annos·
875 855 1024 896 Oliver.

426 917 477 956 In
489 917 605 969 'solioJ
636 918 685 957 In
704 918 820 970 regia
841 919 958 960 sede.
1013 915 1093 959 Est
1110 924 1252 962 autem

369 981 525 1033 solium,
553 987 602 1021 ut
635 983 727 1021 vult
759 982 950 1032 Servius,
978 982 1151 1033 proprie
1189 994 1252 1021 ar-

367 1045 551 1084 marium
589 1056 670 1083 uno
707 1043 824 1096 ligno
861 1041 1042 1094 factum,
1083 1043 1125 1083 in
1169 1056 1252 1098 quo

364 1110 496 1159 'reges
514 1107 725 1148 sedebant
747 1112 923 1160 propter
949 1107 1128 1147 tutelam
1158 1120 1252 1148 cor—

373 1171 488 1223 poris
507 1162 587 1223 sni,
614 1170 772 1212 dictum
805 1170 926 1223 quasi
955 1171 1131 1211 solidum.
1161 1170 1252 1211 Oli-

375 1246 467 1274 ver.

426 1291 718 1350 Methymnam]
746 1294 929 1339 Quidam
949 1300 1092 1336 tamen
1111 1295 1252 1348 scrip-

371 1367 537 1412 serunt,
564 1361 758 1401 Mechino.
790 1360 897 1400 Bad.
957 1359 1034 1399 Cui
1052 1360 1252 1413 Methym-

370 1428 463 1462 nato
508 1423 659 1474 nomen]
697 1423 848 1473 Ὄνομα
883 1420 1074 1475 Σθεμβὰν,
1115 1422 1253 1476 inquit

370 1486 541 1527 Suidas.
574 1487 739 1528 Corrad.

424 1549 491 1602 §2
523 1550 698 1601 Gorgias
713 1549 944 1601 Leontinus]
973 1548 1251 1602 Longissimae

373 1620 418 1655 et
433 1614 690 1654 felicissimae
724 1615 867 1655 aetatis
899 1613 1082 1666 Gorgias
1114 1614 1252 1655 Leon-

365 1678 486 1720 tinus
503 1693 512 1720 ε
535 1679 577 1718 in
599 1683 821 1719 senectute
838 1690 912 1718 sua
930 1678 1047 1718 milla
1063 1677 1254 1718 imbecil-

370 1743 505 1783 litatis
525 1742 790 1783 incommoda
809 1740 959 1792 sensit,
985 1741 1060 1782 sed
1095 1741 1150 1781 ad
1178 1753 1252 1781 ex—

372 1812 557 1847 tremum
577 1818 708 1860 usque
725 1805 789 1846 sui
807 1804 888 1845 fati
910 1804 1022 1845 diem
1055 1804 1253 1845 robustus

371 1870 635 1922 permansit:
666 1870 720 1910 de
741 1881 824 1922 quo
840 1868 994 1910 Cicero
1011 1867 1088 1908 lib.
1107 1868 1159 1908 de
1178 1867 1254 1908 Se·

371 1938 578 1974 nectute:
605 1932 844 1983 ‘Qualem‚’
874 1931 1030 1985 inquit,
1058 1931 1070 1954 ‘
1087 1931 1253 1972 Isocra-

366 2004 454 2050 tes,
483 1998 554 2051 qui
574 2010 669 2039 eum
689 1997 861 2049 librum,
880 1997 951 2050 qui
967 1995 1256 2044 Παναθηναϊκὸς

370 2062 633 2113 inscribitur,
656 2067 809 2116 quarto
829 2066 874 2102 et
892 2061 1165 2113 nonagesimo
1181 2067 1253 2100 an-

370 2138 426 2166 no
458 2126 677 2178 scripsisse
711 2124 886 2176 dicitur,
914 2125 1105 2179 >vixitque
1133 2125 1254 2183 quin-

370 2189 598 2243 quennium
616 2195 787 2242 postea;
817 2189 938 2241 cujus
954 2188 1159 2241 magister
1173 2189 1253 2229 Le-

370 2253 542 2293 ontinus
574 2252 756 2305 Gorgias
793 2259 967 2292 centum
1003 2257 1051 2293 et
1087 2256 1255 2304 septem

371 2321 603 2373 complevit
632 2332 778 2372 annos,
810 2331 950 2373 neque
986 2331 1170 2373 unquam
1208 2319 1254 2359 in

369 2397 445 2425 suo
464 2385 608 2426 studio
627 2390 758 2438 atque
779 2397 909 2437 opere
929 2385 1131 2437 cessavit,
1163 2385 1254 2438 qui,

369 2462 466 2489 cum
486 2462 540 2489 ex
561 2461 613 2490 eo
645 2455 929 2503 quaereretur,
957 2460 1034 2490 cur
1060 2455 1146 2489 tam
1180 2449 1254 2511 diu

368 2514 502 2554 vellet
521 2524 614 2553 esse
642 2513 685 2554 in
713 2513 830 2553 vita:
870 2512 990 2552 Nihil
1017 2510 1169 2563 habeo,
1193 2513 1255 2552 in·

368 2576 478 2628 quit,
530 2576 644 2629 quod
702 2588 903 2617 accusem
970 2580 1253 2617 senectutem.

368 2631 632 2680 Praeclarum
651 2648 919 2692 responsum,
948 2644 995 2680 et
1024 2638 1150 2679 docto
1178 2639 1252 2692 ho-

369 2703 484 2743 mine
505 2703 711 2754 dignum!
765 2703 1056 2745 Quintilianus
1079 2715 1178 2744 vero
1198 2703 1253 2744 de

367 2765 564 2807 Institut.
584 2765 711 2807 Orat.
729 2766 803 2806 lib.
826 2777 901 2806 111.
940 2768 952 2788 ‘
968 2765 1168 2817 Artium,’
1193 2766 1253 2806 in-

368 2829 477 2881 quit,
509 2829 521 2850 ‘
536 2829 782 2881 Scriptores
807 2829 1091 2882 antiquissimi
1112 2829 1253 2870 Corax

369 2895 415 2931 et
442 2891 596 2942 Tisias,
621 2891 768 2943 Siculi,
796 2904 901 2944 quos
935 2891 1155 2932 insecutus
1190 2892 1254 2931 vir

370 2954 561 3007 ejusdem
592 2955 743 2994 insulae
781 2954 966 3007 Gorgias
999 2955 1252 3008 Leontinus,

370 3019 658 3071 Empedoclis,
683 3023 734 3058 ut
767 3018 972 3070 traditur,
1003 3018 1253 3071 discipulus

369 3083 415 3122 Is
453 3082 663 3124 beneficio
701 3082 957 3134 longissimas
994 3082 1111 3134 vitae,
1155 3095 1251 3123 nam

371 3151 545 3186 centum
576 3151 623 3187 et
652 3157 804 3186 novem
839 3146 949 3187 vixit
981 3157 1129 3197 annos,
1155 3159 1251 3187 cum
1275 3167 1279 3170 ⁴

371 3212 516 3252 multis
538 3211 665 3252 simul
685 3209 850 3262 floruit,
876 3212 973 3252 ideo
993 3217 1038 3252 et
1067 3213 1251 3263 illorum,

372 3276 426 3316 de
445 3274 600 3328 quibus
616 3286 745 3327 supra
765 3274 870 3326 dixi,
896 3273 980 3315 fuit
1000 3276 1188 3324 aemulus,
1207 3283 1253 3315 et

363 3339 486 3378 'ultra
518 3339 740 3379 Socratem
773 3349 903 3390 usque
939 3337 1138 3378 duravit!
1195 3339 1253 3378 Et

372 3404 500 3455 paulo
520 3402 633 3444 infra
662 3402 854 3444 ostendit
885 3403 1004 3443 illum
1031 3401 1252 3453 Isocratis,

373 3472 418 3507 et
456 3467 630 3507 aliorum
669 3466 942 3519 plurimorum
977 3465 1254 3517 Philosopho-

370 3541 467 3570 ¹rum
503 3536 548 3571 et
581 3530 812 3572 Oratorum
844 3528 978 3572 fuisse
1014 3534 1253 3582 praecepto·

963 285 1139 334 NOTAE
1177 295 1508 338 VAR10RUM
1549 299 1616 338 IN

1310 427 1412 456 rem.
1471 416 1556 458 Hic
1576 418 1736 469 primus
1762 416 1861 470 fnit,
1890 420 1964 473 qui
1995 420 2186 473 profiteri

1309 491 1433 520 ausus
1453 478 1598 532 fuerit,
1616 494 1661 522 se
1681 482 1734 523 de
1754 496 2004 536 quacunque
2020 497 2068 525 re
2087 497 2189 538 pro-.

1309 543 1453 595 posita
1472 543 1798 597 disputaturum.
1830 548 1934 587 Oliv-

1369 605 1626 648 Centesimum
1645 613 1684 648 et
1711 609 1933 662 septimum]
1961 610 2189 653 Quintilia-

1312 679 1391 707 nus
1407 668 1535 709 dicit:
1567 674 1721 710 centum
1733 675 1772 711 et
1785 684 1920 714 novem
1937 673 2040 712 vixit
2055 676 2189 713 annos.

1314 730 1478 770 Plinius
1520 738 1689 772 centum
1731 740 1774 773 et
1817 738 1917 775 octo
1956 735 2047 775 vult
2091 747 2188 776 eum

1314 792 1471 835 vixisse
1491 807 1636 847 annos,
1654 795 1728 836 lib.
1751 808 1834 837 vn.
1861 798 1985 839 Idem.

1366 858 1627 899 Aristoxenus
1645 860 1830 912 musicus]
1848 858 1947 900 Fuit
1967 861 2002 900 is
2023 861 2190 902 Aristo-

1315 920 1413 960 telis
1447 921 1697 973 discipulus,
1723 921 1787 961 vir
1816 922 2037 963 literarum
2071 929 2188 964 vete-

1313 992 1407 1023 rum
1427 981 1793 1036 diligentissimus,
1819 990 1869 1026 ut
1887 990 2072 1027 testatur
2091 985 2191 1026 Gel-

1315 1044 1397 1085 lius
1416 1046 1490 1086 lib.
1509 1056 1573 1088 ιν.
1602 1059 1697 1100 cap.
1715 1050 1781 1088 11.
1834 1047 2003 1088 Praeter
2023 1047 2192 1089 Musica

1312 1108 1445 1149 etiam
1465 1109 1684 1151 Historica
1703 1115 1748 1151 et
1765 1109 2068 1163 Philosophica
2089 1122 2190 1151 con-

1309 1174 1502 1226 scripsit,
1517 1180 1630 1215 teste
1642 1175 1803 1225 Suida;
1830 1176 1933 1228 quin
1954 1179 1999 1215 et
2016 1175 2058 1215 in
2078 1176 2191 1215 omni

1315 1236 1631 1289 disciplinarum
1650 1250 1825 1291 genere.
1867 1238 1984 1278 Nihil
2003 1239 2192 1279 celebra·

1314 1300 1401 1339 tius
1436 1312 1567 1352 opere
1602 1301 1655 1340 de
1690 1302 1788 1342 vitis
1808 1300 2047 1342 illustrium
2065 1302 2189 1343 Viro-

1306 1366 1422 1404 rum.
1475 1364 1530 1404 Β.
1559 1363 1849 1416 Hieronymus
1885 1362 2192 1405 Aristoxenum

1312 1427 1439 1481 longe
1484 1428 1669 1469 omnium
1716 1428 2007 1469 doctissimum
2049 1433 2191 1470 vocat.

1316 1493 1419 1546 Ejus
1432 1492 1565 1535 >libros
1579 1499 1668 1534 tres
1679 1492 1768 1546 περὶ
1778 1492 1978 1546 Ἁρμονίας
1990 1492 2194 1545 στοιχείων

1315 1556 1476 1608 primus
1510 1557 1645 1599 edidit
1678 1557 1911 1599 Meursius.
1955 1558 2111 1600 Vossius
2145 1561 2192 1599 de

1315 1620 1432 1662 Hist.
1455 1621 1586 1661 Graec.

1369 1685 1391 1736 ᾗ
1411 1686 1437 1723 4
1463 1678 1779 1736 Arganthonius]
1808 1683 1907 1736 Hic,
1924 1688 2039 1725 teste
2054 1683 2190 1726 Hero-

1315 1748 1433 1801 doto,
1463 1748 1580 1789 Hist.
1599 1747 1675 1789 lib.
1707 1759 1741 1788 1.
1776 1746 1860 1788 fuit
1882 1747 2194 1790 Tartessiorum

1315 1817 1538 1863 tyrannus,
1567 1811 1686 1864 cujus
1701 1811 1855 1853 Cicero
1870 1811 1944 1853 lib.
1961 1811 2017 1853 de
2035 1812 2194 1854 Senec-

1315 1879 1410 1914 tute
1428 1874 1538 1915 hanc
1556 1874 1749 1915 breviter
1765 1874 2029 1915 mentionem
2055 1873 2164 1917 facit
2182 1890 2193 1917 ι

1317 1939 1329 1959 ‘
1343 1937 1662 1990 Expectemus,’
1681 1937 1837 1991 inquit,
1851 1937 1864 1959 ‘
1882 1938 2194 1980 Tartessiorum

1314 2001 1429 2054 regis
1449 2007 1620 2042 aetatem
1632 2016 1644 2051 ;
1670 2000 1754 2042 fuit
1771 2001 1900 2054 enim,
1917 2007 1965 2042 ut
1983 2002 2195 2056 scriptum

1315 2064 1456 2116 video,
1471 2063 1786 2116 Arganthonius
1800 2063 1972 2118 quidam
1986 2065 2192 2118 Gadibus,

1317 2128 1389 2180 qui
1404 2128 1626 2180 octoginta
1645 2128 1842 2180 regnavit
1855 2140 2004 2181 annos,
2020 2134 2194 2171 centum

1315 2190 1468 2241 viginti
1506 2189 1644 2231 vixit!
1695 2189 1822 2232 Quod
1858 2190 1974 2231 idem
2010 2189 2196 2233 affirmat

1314 2253 1480 2294 Plinius
1515 2253 1588 2295 lib.
1620 2263 1701 2296 v11.
1758 2253 1847 2295 Hic
1879 2266 1981 2307 ergo
2014 2261 2195 2297 cunctos

1306 2321 1441 2370 supra
1461 2324 1718 2358 memoratos
1750 2317 1893 2359 aetatis
1923 2318 2194 2371 longitudine

1309 2383 1553 2435 superavit,
1581 2382 1743 2436 qnippe
1762 2382 1836 2436 qni
1856 2387 1980 2425 tanto
2000 2389 2194 2443 tempore

1315 2446 1529 2498 regnavit,
1557 2452 1719 2498 quanto
1754 2444 1927 2499 quidem
1970 2446 2040 2487 alii
2085 2454 2197 2487 com-

1315 2508 1460 2560 plures
1478 2508 1622 2548 vivere
1652 2515 1779 2561 posse
1802 2509 2074 2551 laetarentur.
2107 2509 2194 2551 012·-

1314 2583 1396 2612 ver.

1368 2635 1473 2674 'Cum
1503 2636 1554 2674 ud
1588 2627 1797 2687 imperium
1830 2636 2039 2687 sexaginta
2073 2648 2195 2677 annos

1306 2703 1429 2739 ‘nutus
1447 2699 1687 2752 accessisset]
1715 2699 1788 2741 Ita
1807 2700 1950 2752 vulgo.
1986 2701 2093 2742 Mss.
2122 2713 2195 2741 co-

1316 2764 1459 2803 dices:
1504 2763 1767 2815 quadraginta
1799 2775 1935 2815 annos,
1979 2763 2192 2816 produnt;

1314 2827 1670 2881 quemadmodum
1687 2828 1944 2878 -etPlinius,
1972 2834 2018 2869 et
2037 2829 2193 2869 Cicero

1309 2891 1359 2931 in
1380 2890 1561 2931 Catone.
1605 2891 1815 2938 Lucianus
1835 2902 1890 2931 ex
1905 2891 2195 2942 Anacreonte,

1315 2955 1359 2995 ni
1377 2953 1515 3006 fallor,
1530 2953 1682 3007 Poeta,
1701 2959 1871 2995 centum
1889 2954 2197 3007 quinquaginta

1315 3030 1447 3059 annos
1483 3018 1642 3059 vixisse
1670 3016 2012 3069 Arganthonium
2047 3016 2195 3068 tradit,

1315 3082 1389 3122 sed
1410 3086 1512 3134 puto
1531 3081 1748 3121 Valerium
1765 3079 1889 3133 sequi
1914 3080 1959 3120 in
1987 3079 2052 3120 his
2071 3079 2194 3121 Cice-

1316 3160 1480 3197 ronem,
1496 3152 1542 3188 et
1561 3145 1749 3187 Plinium
1767 3150 1987 3196 utrosque.
2013 3143 2139 3193 Pigh.

1367 3212 1533 3253 Asinius
1553 3210 1700 3261 Pollio]
1730 3209 1938 3259 Princeps
1971 3213 2118 3248 orator
2146 3213 2194 3248 et

1317 3275 1422 3316 civis
1453 3280 1633 3315 vocatur
1668 3285 1695 3314 a
1725 3271 1867 3313 Plinio
1899 3270 1975 3312 lib.
1994 3281 2078 3311 vn.
2097 3281 2193 3323 cap.

1316 3342 1380 3378 30.
1435 3338 1503 3378 De
1547 3336 1767 3378 Dalmatis.
1810 3335 2104 3387 triumphavit,
2145 3340 2192 3374 ut

1316 3404 1482 3440 constat
1511 3412 1566 3440 ex
1605 3399 1865 3450 Hieronymo
1899 3399 1944 3438 in
1980 3397 2192 3439 Chronico

1316 3464 1574 3509 Eusebiano.
1628 3463 1809 3504 Plurimi
1833 3463 1931 3516 *eJus
1960 3462 2192 3503 meminere

1315 3533 1487 3569 veteres
1521 3531 1705 3569 autores.
1762 3527 1927 3568 Praeter
1961 3525 2191 3568 Orationes
