2320 4004
414 300 558 353 1150

411 431 629 471 minimum
659 429 820 482 pondus
850 440 958 479 esse,
987 434 1032 470 et
1051 435 1148 481 post
1167 440 1282 470 scru-

410 494 558 545 pulum
588 498 753 544 ponunt
789 491 1045 540 drachmam,
1080 505 1204 544 quam
1233 502 1287 532 ex

410 557 559 598 decem
593 563 638 596 et
664 554 767 596 bcto
799 555 956 608 siliquis
987 561 1182 595 constare
1215 568 1286 595 vo-

412 622 521 674 lunt,
560 621 640 660 hoc
677 628 760 672 est,
799 632 852 659 ex
891 619 1025 660 tribus
1061 620 1287 671 scrupulis,

409 690 508 734 post
526 684 769 723 drachmam
788 688 1037 735 argenteum
1057 694 1288 733 nummum,

406 746 481 798 vqui
502 746 699 787 denarius
718 746 831 797 apud
853 746 1073 786 Romanos
1109 745 1285 787 vocaba-

410 815 506 858 tur3
534 808 604 848 hic
636 821 690 848 ex
729 813 911 860 quatuor
948 808 1159 860 scrupulis
1195 813 1288 847 erat

407 870 656 911 confectus:
688 876 784 923 post
803 872 916 911 hunc
932 871 1193 924 sequebatur
1212 882 1287 910 un-

407 934 488 984 cia,
510 946 605 985 quae
627 945 680 973 ex
713 941 812 974 octo
842 933 1071 985 drachmis,
1102 934 1194 975 sive
1213 944 1287 973 sex

407 996 594 1036 d'enariis
629 996 883 1046 constabat,
914 1001 1012 1047 pos-t
1043 995 1209 1037 unciam
1239 996 1288 1034 li-

407 1059 483 1098 bra
499 1058 663 1109 Italica,
679 1071 772 1110 quae
787 1069 839 1098 ex
853 1058 1050 1099 undecim
1063 1058 1290 1099 constabat

404 1121 570 1172 unciis,
591 1122 671 1161 hoc
690 1126 777 1173 est,
810 1121 995 1162 denariis
1017 1122 1290 1174 septuaginta

404 1183 586 1224 duobus.
617 1183 769 1224 Oliver.

465 1247 519 1292 Q.
539 1247 646 1287 AElio
664 1246 877 1297 Tuberoni]
905 1246 990 1286 Hic
1023 1250 1166 1285 autem
1201 1244 1290 1285 Tu-

413 1312 518 1351 bero
536 1324 665 1363 gener
679 1310 763 1351 fuit
775 1311 931 1350 AEmilii
946 1311 1039 1362 ejus
1060 1310 1204 1362 Pauli,
1217 1310 1289 1362 qui

409 1376 587 1415 Persam
625 1386 768 1426 regem
805 1373 922 1425 vicit,
956 1379 1001 1413 et
1037 1379 1212 1424 captum
1245 1373 1289 1412 in

406 1437 667 1488 triumphum
701 1436 840 1483 duxit,
873 1448 926 1475 ex
955 1447 1088 1488 eaque
1109 1436 1291 1476 victoria

406 1501 486 1539 hoc
519 1504 743 1551 argentum
777 1498 944 1550 habuit,
973 1511 1071 1538 nam
1100 1511 1196 1538 cum
1224 1510 1287 1537 so·

401 1573 508 1601 -cero
526 1574 602 1601 suo
623 1562 826 1602 militavit
843 1562 885 1601 in
906 1573 956 1600 eo
978 1561 1105 1607 bello,
1125 1560 1179 1600 ob
1195 1561 1287 1612 ejus

407 1623 524 1663 sacta
544 1624 684 1676 phiala
704 1628 906 1675 argentea
924 1622 1107 1663 donatus
1127 1629 1211 1673 est,
1243 1628 1289 1663 et

405 1687 487 1727 hoc
509 1687 688 1738 primum
719 1685 799 1726 fuit
832 1693 1056 1737 argentum
1077 1685 1120 1725 in
1140 1697 1287 1725 eorum

407 1749 576 1789 domum
599 1750 861 1789 translatum.
915 1748 1082 1788 Plinius
1111 1759 1214 1787 vero
1246 1748 1287 1787 in

406 1812 492 1852 fine
505 1824 672 1853 xxx1v.
685 1813 759 1853 lib.
787 1813 983 1853 Natural.
1000 1812 1164 1851 Histor.
1181 1810 1290 1850 dicit

405 1876 517 1915 hunc
547 1874 702 1915 AElium
730 1875 813 1915 duo
833 1875 1032 1915 habuisse
1053 1874 1209 1926 pocula
1228 1887 1289 1913 ar·

407 1943 582 1988 gentea.
638 1938 902 1989 ‘Quintum,’
935 1937 1088 1989 inquit,
1112 1937 1289 1979 ‘AElium

407 2002 677 2042 Tuberonem
714 2012 810 2040 cum
834 2000 973 2053 legati
991 2000 1224 2040 AEtolorum
1245 2000 1288 2039 in

409 2064 631 2103 consulatu
670 2063 951 2114 prandentem
997 2063 1040 2102 in
1083 2061 1288 2102 fictilibus

406 2126 625 2178 adiissent,
652 2127 780 2167 missa
801 2126 862 2166 ab
882 2127 945 2166 his
967 2138 1067 2165 vasa
1086 2130 1289 2178 argentea

408 2201 492 2229 non
531 2190 768 2241 accepisse,
797 2189 899 2242 quin
920 2200 1060 2240 neque
1081 2188 1194 2228 aliud
1215 2188 1289 2228 ha·

407 2251 547 2291 buisse
598 2251 766 2303 argenti
805 2251 858 2291 ad
895 2261 1139 2302 supremum
1186 2250 1307 2290 vitae‘

407 2313 541 2364 diem,
589 2325 711 2366 quam
757 2313 839 2353 duo
885 2313 1057 2364 pocula,
1101 2325 1196 2365 quae
1238 2314 1288 2353 L.

408 2377 570 2416 Paulus
592 2388 715 2416 socer
734 2377 774 2416 ei
792 2376 847 2416 ob
868 2376 1087 2427 virtutem,
1118 2376 1289 2418 devicto

411 2439 578 2479 Perseo
599 2451 716 2491 rege,
735 2439 966 2479 donasset.'
997 2439 1207 2480 Olli-erius.

474 2502 629 2543 Genero
656 2500 742 2552 suo]
771 2503 932 2542 Paulus
960 2502 1152 2542 AEmilius
1184 2502 1289 2542 duas

405 2565 517 2606 ¹filias
556 2566 721 2617 habuit,
753 2578 929 2618 quarum
963 2567 1140 2606 alteram
1176 2567 1291 2617 huic,

409 2629 587 2668 alteram
604 2629 758 2669 Catoni
773 2629 911 2670 Marci
927 2630 1104 2670 Catonis
1119 2628 1291 2669 maximi

412 2691 500 2731 filio
519 2692 692 2732 locavit.

465 2755 664 2808 Quinque]
696 2756 796 2796 Duo
811 2756 951 2808 pondo
967 2757 1099 2797 fuisse
1119 2757 1182 2797 ait
1201 2757 1289 2797 Pii-

410 2821 521 2866 nius,
554 2827 684 2872 atque
720 2819 794 2859 illa
827 2821 882 2860 ad
914 2833 1157 2873 supremum
1190 2820 1291 2862 vitae

406 2884 524 2924 »diem
543 2883 784 2924 retinuisse.
815 2885 990 2924 Colerus.

464 2946 656 2997 Princeps
672 2945 866 2997 civitatis]
898 2947 1117 2988 Videlicet
1133 2946 1292 2987 Paulus

417 3007 626 3049 AEmilius.

465 3071 631 3123 Dotem]
659 3072 797 3114 Quam
813 3072 978 3112 scilicet
990 3072 1043 3112 ad
1062 3083 1190 3113 onera
1209 3084 1294 3112 ma·

411 3135 671 3176 trimonialia
715 3135 967 3176 sustinenda
1003 3135 1056 3176 ad
1094 3136 1293 3175 maritum

414 3199 592 3250 tulerat,
626 3203 672 3239 et
699 3199 840 3240 soluto
867 3198 1137 3238 matrimonio
1162 3198 1294 3250 juxta

414 3262 532 3313 leges
553 3260 767 3302 Romanas
786 3261 974 3313 repetiit.
1007 3261 1169 3302 Badius.

470 3323 643 3377 Insoro]
668 3325 696 3367 J
702 3324 887 3365 udiciali.

472 3388 522 3426 In
541 3386 672 3438 curia]
699 3387 969 3427 Senatorum.

475 3450 630 3490 Virtuti
666 3449 871 3502 debentur]
915 3450 976 3490 Ut
1011 3454 1110 3492 sunt
1141 3448 1292 3502 magis-

414 3518 556 3554 tratus
577 3521 620 3554 et
642 3514 837 3554 honores.

472 3579 494 3627 ᾧ
525 3581 575 3618 10
602 3578 757 3630 Itaque,
791 3578 878 3630 εμπ]
923 3575 1116 3629 Contigit
1149 3574 1201 3616 A.
1240 3575 1293 3615 U.

999 307 1174 351 NOTAE
1217 311 1546 353 VARIORUM
1589 313 1653 352 IN

1349 439 1550 470 mxxxix.

1401 493 1650 543 Adultaejam
1666 492 1817 544 aetatis]
1845 492 1952 536 Quae
1964 492 2054 544 jam
2071 490 2226 536 nubilis

1350 563 1478 595 esset.

1405 621 1541 660 Posset
1559 619 1755 672 expediri]
1775 621 1837 660 Ex
1845 620 1989 670 pedite
2005 619 2242 672 assignari„

1402 682 1469 721 Ad
1482 683 1608 721 virum
1623 684 1752 723 decem
1770 682 1913 733 millia]
1942 683 2122 723 Omittit
2135 693 2229 723 rec-

1351 749 1396 784 te
1410 745 1537 784 millia
1555 745 1662 785 liber
1678 746 1795 784 Dan.
1832 746 1903 786 Sic
1921 746 1933 768 ‘
1954 745 2110 786 Decies
2130 757 2229 785 cen-

1350 813 1454 848 tena
1472 808 1483 826 '
1520 808 1631 860 apud
1654 808 1880 848 Horatium
1901 814 1944 848 et
1959 808 2230 858 Juvenalem,

1351 871 1395 910 id
1415 875 1497 921 est,
1530 870 1699 911 ‘decies
1716 876 1904 911 centena
1922 869 2082 910 millia!
2110 869 2231 910 Mar-

1353 933 1465 974 tialis
1483 946 1493 973 :
1542 934 1554 956 ‘
1570 935 1764 974 Centena
1782 932 1924 973 decies
1941 944 2036 984 quae
2056 931 2136 972 tibi
2155 931 2228 971 de-

1353 995 1416 1035 dit
1438 995 1584 1036 dotis.’
1637 996 1746 1037 Quae
1777 1007 1954 1046 summa,
1981 1001 2031 1035 ut
2059 993 2115 1035 ad
2148 994 2230 1034 hoe

1354 1060 1523 1110 addam,
1543 1059 1766 1100 maximam
1785 1059 1929 1098 dotem
1944 1057 2056 1109 apud
2077 1058 2229 1099 Roma-

1352 1134 1429 1163 nos
1449 1121 1652 1164 faciebat.
1698 1122 1792 1172 lege
1813 1121 2104 1161 doctissimum
2122 1120 2228 1178 Tur-

1354 1185 1509 1225 nebum
1531 1185 1606 1226 lib.
1626 1195 1766 1224 xvm.
1786 1196 1882 1236 cap.
1903 1187 1969 1223 30.
2000 1176 2185 1223 Cotem.

1410 1248 1490 1293 Qui
1505 1260 1589 1287 cum
1606 1245 1907 1299 quinquaginta]
1935 1245 2092 1298 Vulgo,
2115 1245 2229 1297 quiu-

1350 1310 1495 1360 geulis.
1537 1310 1681 1361 Magis
1701 1310 1844 1361 placet
1861 1320 2062 1349 numerus
2079 1308 2152 1361 qui
2163 1314 2231 1348 est

1352 1374 1396 1412 in
1412 1373 1578 1413 Winch.
1606 1374 1696 1425 quia
1711 1385 1799 1412 cum
1812 1371 2095 1423 quinquaginta
2108 1368 2230 1411 milla·-

1353 1436 1434 1477 bus.
1492 1435 1619 1476 Alter
1635 1436 1750 1476 enim
1770 1435 1893 1475 nimis
1926 1435 2090 1487 amplus
2117 1439 2232 1475 esset

1352 1512 1430 1553 pro
1445 1499 1537 1552 ejus
1551 1500 1696 1540 saeculi
1714 1502 1984 1552 paupertate.
2014 1499 2127 1539 Nam
2142 1509 2232 1539 mo·

1353 1563 1451 1603 dum
1472 1562 1584 1603 dotis
1600 1563 1792 1603 maximae
1807 1562 1938 1602 millia
1955 1560 2106 1601 decem
2126 1566 2230 1602 tune

1353 1624 1486 1666 fuisse
1505 1625 1626 1665 dicit.
1655 1625 1842 1675 Pighius.

1409 1687 1612 1739 Optimum
1636 1687 1824 1739 gloriam]
1869 1685 2079 1740 Apuleius
2116 1685 2230 1737 Apo-

1351 1750 1436 1803 log.
1456 1750 1533 1790 Cn.
1566 1748 1800 1801 Fabricius,
1831 1749 1910 1789 Cn.
1927 1749 2088 1800 Scipio,
2106 1747 2231 1789 Man-

1351 1813 1434 1854 lius
1453 1812 1626 1863 Curius,
1658 1823 1831 1864 quorum
1851 1809 1954 1851 filiae
1975 1809 2031 1850 ob
2047 1820 2230 1863 pauper-

1351 1881 1488 1917 tatem
1507 1875 1560 1915 de
1578 1874 1753 1927 publico
1791 1873 1965 1914 dotibus
1985 1873 2155 1914 donatae
2173 1872 2229 1912 ad

1351 1939 1528 1980 maritos
1541 1939 1699 1990 ierunt,
1717 1941 1939 1990 portantes
1955 1936 2133 1989 gloriam
2154 1934 2228 1975 do-

1352 2002 1586 2053 mesticam,
1605 2000 1831 2053 pecuniam
1851 1999 2084 2052 publicam.
2099 1999 2230 2039 Coler.

1408 2066 1520 2111 Quod
1552 2068 1750 2115 acceptum
1774 2061 1989 2114 referrent]
2015 2061 2142 2106 Quod
2163 2073 2230 2101 as-

1352 2128 1569 2168 criberent
1587 2132 1777 2179 paternae
1797 2125 2054 2167 haereditati.

1406 2193 1430 2244 ξ
1460 2194 1508 2232 11
1540 2190 1706 2229 Murcus
1750 2193 1879 2229 autem
1920 2186 2110 2238 Scaurus]
2162 2186 2231 2227 De

1352 2255 1432 2294 hoc
1460 2253 1550 2293 vi-ro
1571 2253 1615 2293 in
1655 2251 1845 2304 capitulo
1870 2251 1928 2292 de
1961 2247 2232 2290 Fortitudine

1353 2317 1514 2357 dictum
1536 2320 1622 2366 est,
1650 2314 1855 2366 exiguum
1878 2325 1903 2353 a
1917 2317 2040 2366 patre
2057 2321 2231 2352 censum

1354 2380 1462 2420 adeo
1478 2378 1662 2430 recepit,
1698 2382 1747 2416 ut
1765 2387 1843 2429 per
1862 2387 1958 2415 eum
1978 2374 2030 2414 ad
2052 2374 2232 2415 Senato-

1352 2442 1458 2482 riam
1493 2440 1749 2492 dignitatem
1769 2450 1855 2479 non
1875 2435 2136 2489 suffragante
2153 2434 2234 2475 vir·

1354 2510 1449 2545 tute
1469 2503 1693 2556 pervenire
1724 2513 1807 2542 non
1842 2500 2068 2553 potuisset.
2122 2494 2234 2538 Cou-

1355 2572 1441 2607 stat
1485 2571 1630 2606 autem
1666 2570 1735 2605 ter
1767 2565 1950 2604 Senatus
1993 2559 2233 2613 principem

1352 2629 1497 2670 multis
1514 2627 1841 2679 clarissimisque
1865 2623 2093 2665 honoribus
2112 2622 2235 2664 func-

1354 2698 1444 2734 tum
1459 2703 1569 2732 esse.
1601 2691 1753 2731 Oliver.

1411 2755 1517 2801 Quos
1533 2755 1580 2794 de
1593 2755 1677 2794 vita
1692 2753 1783 2806 sua]
1813 2752 1906 2793 Hos
1924 2751 2058 2792 libros
2078 2751 2132 2791 ad
2152 2750 2235 2791 Lu·

1355 2818 1469 2860 cium
1487 2816 1700 2858 Fufidium
1730 2816 1921 2866 miserat,
1954 2825 2058 2866 quos
2089 2814 2235 2866 legen·-

1357 2881 1433 2922 dos
1461 2880 1626 2922 censuit
1658 2879 1810 2919 Cicero
1839 2878 1884 2918 in
1918 2878 2074 2918 Bruto.
2127 2877 2236 2916 Tres

1356 2943 1487 2985 fuisse
1521 2944 1635 2984 idem
1669 2941 1833 2983 scribit.
1889 2940 2039 2982 Citant
2063 2938 2234 2979 eosdem

1356 3006 1524 3047 Plinius
1538 3005 1614 3046 lib.
1635 3015 1813 3045 xxxm.
1833 3014 1930 3055 cap.
1962 3005 2003 3042 1.
2032 3005 2081 3041 et
2099 2999 2236 3041 Asco-

1356 3070 1465 3110 nius.
1493 3069 1592 3110 Hoc
1620 3068 1749 3109 etiam
1783 3077 1953 3117 moneo,
1986 3064 2127 3105 locum
2165 3061 2235 3102 Ci-

1358 3133 1524 3173 ceronis
1550 3128 1848 3182 corrigendum
1877 3139 1973 3168 esse
2005 3129 2052 3166 et
2083 3124 2235 3165 tollen·

1358 3196 1457 3237 dam
1472 3195 1668 3236 voculam
1690 3194 1703 3217 ‘
1722 3190 1850 3234 acta-²
1881 3191 2054 3230 Cotem.

1412 3258 1538 3298 Parvi
1564 3256 1749 3310 ponderis
1773 3251 2000 3304 argentum]
2028 3249 2152 3292 Sicut
2186 3249 2234 3290 in

1357 3321 1620 3362 AEmiliorum
1640 3317 1815 3358 familia.

1411 3385 1564 3424 Paucos
1589 3380 1737 3433 servos]
1766 3379 1887 3420 Sicut
1917 3375 2125 3430 Fabricii,
2152 3376 2237 3418 Pa·

1359 3447 1476 3500 pirii,
1491 3445 1657 3488 Scauri.

1411 3510 1569 3563 Septem
1592 3506 1757 3559 jugera]
1785 3506 1844 3546 Ut
1866 3505 2058 3547 Quinctii
2076 3508 2122 3544 et
2151 3502 2234 3543 Re-

1358 3573 1460 3626 guli.
