2320 4004
369 283 513 336 ι1110

372 424 477 465 pore
495 411 615 452 vixit.

424 476 534 515 Julio
556 473 721 525 Caesari]
738 474 976 515 Glareanus
994 472 1124 525 legit:
1143 472 1238 514 Sex.

372 538 481 578 Julio
502 537 665 591 Caesari,
708 536 792 578 Qui
813 535 922 574 enim
944 535 1142 575 Dictator
1168 535 1242 575 ille

375 599 518 651 potuit
548 599 674 638 esse?
718 597 895 646 Pighius
938 597 988 637 C.
1030 597 1243 637 Caesarem

376 661 644 701 Dictatorem
665 659 837 711 accipit.
877 659 1005 700 Coler.

432 720 674 771 Imaginum]
702 722 981 760 stemmatum
996 720 1217 772 majorum.

433 786 547 824 Ex‘r.
591 785 677 824 Nec
696 784 908 835 Euripides
922 783 1093 835 quidem]
1139 783 1244 822 Tra-

380 847 496 898 gicus
521 847 603 886 iste
632 846 773 887 Poeta
796 845 881 886 fuit
900 847 1172 897 clarissimus,
1199 851 1248 886 ut

379 923 505 962 supra
559 905 753 950 diximus.
820 909 1046 961 Euripides
1092 909 1248 960 dictus,

379 978 492 1013 teste
513 971 733 1011 Prisciano
752 971 827 1011 lib.
845 983 895 1012 11.
925 972 978 1011 de
1003 976 1100 1012 octo
1119 971 1249 1022 parti-

379 1036 458 1076 bus
494 1035 711 1085 orationis,
745 1035 798 1075 ab
832 1035 1008 1087 Euripo,
1036 1046 1089 1074 ea
1122 1034 1250 1073 maris

381 1104 524 1150 parte,
556 1110 651 1149 quae
697 1102 765 1137 est
807 1098 921 1137 inter
956 1097 1175 1142 Euboeam,
1209 1100 1253 1135 et

383 1159 607 1208 Boeotiam,
643 1160 839 1210 quoniam
872 1170 923 1198 eo
951 1158 1021 1197 die
1039 1164 1164 1196 natus
1182 1157 1253 1208 sit,

385 1234 468 1274 quo
501 1221 785 1260 Athenienses
813 1233 908 1261 cnm
937 1221 1082 1260 Persis
1109 1220 1150 1258 in
1173 1221 1254 1266 Eu-

387 1286 480 1335 ripo
500 1285 653 1323 bellum
674 1288 886 1334 gerentes,
905 1283 1129 1322 victoriam
1157 1286 1257 1321 sunt

386 1347 622 1395 consecuti,
650 1346 704 1385 de
742 1345 861 1396 cujus
888 1344 1093 1396 progenie
1124 1349 1257 1396 atque

387 1407 573 1458 fortuna,
610 1408 702 1447 haec
741 1407 906 1447 Gellius
940 1420 951 1446 ε
1000 1406 1014 1428 ‘
1043 1405 1259 1457 Euripidis

388 1469 536 1510 Poetae
557 1475 734 1509 matrem
756 1470 1055 1522 Theopompus
1075 1469 1260 1520 agrestia

389 1533 510 1572 olera
554 1532 809 1572 vendentem
855 1532 1013 1572 victum
1057 1533 1260 1585 quaesisse

392 1595 512 1636 dicit.
568 1595 688 1635 Patri
727 1602 869 1635 autem
907 1595 1001 1647 ejus
1045 1600 1148 1634 nato
1187 1595 1261 1634 illo

391 1668 640 1708 responsum
661 1663 728 1697 est
747 1670 771 1697 a
791 1658 1021 1708 Chaldaeis,
1042 1669 1137 1697 eum
1158 1670 1261 1709 pue-

392 1732 500 1771 rum,
535 1733 631 1759 cum
669 1720 941 1771 adolevisset,
977 1721 1183 1760 victorem
1219 1720 1262 1759 in

393 1784 697 1824 certaminibus
717 1783 834 1824 fore:
862 1785 906 1824 id
927 1784 965 1824 ei
979 1795 1113 1836 puero
1128 1783 1263 1824 fatum

394 1859 504 1887 csse.
542 1854 667 1899 pater
704 1849 1027 1900 interpretatus,
1058 1848 1264 1887 athletam

396 1910 555 1951 debere
584 1925 696 1964 esse,
719 1914 916 1953 roborato
945 1914 1267 1966 exercitatoque

395 1972 474 2013 filii
505 1987 702 2027 corpore,
734 1976 976 2028 Olympiam
1007 1980 1267 2016 certaturum

398 2047 494 2076 eum
530 2039 642 2078 inter
679 2039 861 2079 athletas
892 2051 1046 2091 pueros
1077 2039 1270 2089 deduxit,

398 2112 450 2140 ac
483 2101 621 2152 primo
656 2103 826 2154 quidem
853 2102 897 2142 in
930 2102 1164 2142 certamine
1194 2114 1271 2153 per

401 2164 640 2217 ambiguam
660 2171 830 2206 aetatem
850 2170 1048 2217 receptus
1066 2178 1151 2206 non
1171 2171 1239 2206 est
1259 2179 1271 2215 ;

401 2233 501 2279 post
545 2228 761 2268 Eleusinio
803 2228 987 2268 Theseio
1037 2228 1272 2268 certamine

401 2289 622 2340 pugnavit,
650 2295 692 2329 et
724 2294 950 2330 coronatus
978 2295 1057 2330 est.
1113 2289 1220 2329 Mox
1248 2302 1275 2329 a

402 2351 595 2403 corporis
629 2364 732 2392 cura
755 2353 808 2392 ad
842 2353 1122 2393 excolendum
1146 2353 1275 2392 animi

401 2414 587 2454 studium
604 2420 904 2468 transgressus,
920 2415 1089 2455 auditor
1103 2414 1276 2467 Physici

405 2475 692 2528 Anaxagorae‚
726 2483 771 2517 et
801 2478 980 2518 rhetoris
1009 2477 1202 2528 Prodici,
1234 2477 1276 2516 in

405 2541 557 2579 morali
594 2546 734 2581 autem
766 2541 1044 2593 Philosophia
1071 2540 1277 2591 Socratis,

404 2603 672 2654 Tragoediam
721 2605 923 2655 scribere,
974 2609 1100 2644 natus
1148 2616 1280 2644 annos

406 2665 715 2723 duodeviginti,
739 2667 912 2707 adortus
942 2672 1023 2707 est.
1079 2666 1280 2706 Philoco-

411 2740 482 2767 rus
504 2727 637 2768 refert
654 2731 697 2768 in
724 2730 863 2769 insula
878 2729 1094 2770 Salamina
1111 2729 1282 2780 spelun-

410 2802 503 2829 cam
523 2801 616 2830 esse
637 2796 810 2842 tetram,
829 2796 874 2830 et
892 2790 1121 2840 horridam,
1140 2791 1182 2828 in
1200 2802 1284 2841 qua

411 2854 642 2905 Euripides
684 2853 950 2903 Tragoediam
995 2851 1283 2905 scriptitavit-²

410 2916 482 2956 Ita
515 2916 697 2957 Gellius.
765 2917 853 2956 Hic
898 2916 1133 2967 nonaginta
1179 2916 1283 2955 duas

413 2979 570 3020 dicitur
597 2979 819 3031 scripsisse
848 2979 1111 3031 Tragoedias,
1135 2978 1178 3017 in
1197 2978 1286 3030 qui-

414 3042 494 3081 bus
531 3042 672 3082 decies
711 3041 934 3094 quinquies
967 3041 1106 3080 victor
1132 3040 1286 3090 evasit,

415 3116 512 3145 cum
547 3103 591 3142 in
623 3103 792 3143 theatro
829 3102 1090 3142 diversorum
1131 3102 1287 3142 Poeta-

415 3178 508 3206 rum
539 3165 776 3215 Tragoediae
806 3165 1100 3204 recitarentur.
1157 3165 1287 3217 Cujus

416 3233 584 3281 patrem
601 3227 943 3276 Menesarchum,
961 3231 1138 3267 matrem
1159 3227 1290 3267 Clito-

418 3304 516 3333 nem
533 3291 662 3332 fuisse
681 3291 875 3343 legimns.
913 3291 1059 3331 Oliver.

473 3357 496 3407 ς
517 3358 540 3394 1
562 3354 781 3405 Deducere]
808 3353 861 3394 Id
888 3359 970 3404 est,
989 3353 1212 3406 perficere,
1232 3354 1292 3394 ita

420 3425 471 3458 ut
502 3419 543 3457 in
580 3419 720 3459 locum
756 3416 972 3470 tragoediae
1005 3421 1105 3469 apte
1137 3416 1293 3457 deduci

423 3486 612 3535 possent.

939 294 1115 332 NOTAE
1156 291 1486 333 VARIORUM
1534 293 1599 332 IN

1355 410 1471 450 Intra
1495 411 1643 462 primas
1661 411 1801 462 metas]
1830 410 1884 451 Id
1909 414 1989 461 est,
2018 410 2173 463 primos

1300 474 1522 514 terminos.

1359 537 1576 576 Cunctante
1592 535 1701 586 stilo]
1729 535 1783 575 Id
1809 541 1892 586 est,
1907 535 2179 587 immorante,

1303 602 1348 637 et
1367 610 1452 637 non
1471 603 1716 637 cunctante.

1358 662 1426 712 §2
1454 661 1649 711 Adjiciam
1666 661 1808 712 scenoe]
1839 661 1947 701 Nam
1977 660 2020 700 in
2049 671 2179 700 scena

1306 725 1589 765 recitantibus
1618 725 1861 775 Tragoedias
1889 724 2045 776 mimis,
2060 724 2178 765 tibiae

1306 801 1473 839 semper
1492 788 1815 829 adhibebantur.

1361 850 1639 902 Antigenidas]
1687 851 1828 890 Suidae
1873 854 1968 890 est:
2012 851 2182 898 Θηβαῖος

1309 915 1488 965 μουσικὸς
1518 913 1684 963 αὐλῳδὸς
1713 911 1927 963 Φιλοξένου.
1983 912 2186 952 Meminit

1312 979 1502 1030 ejusdem
1532 978 1640 1018 dicti
1669 977 1822 1016 Cicero
1847 975 1901 1015 de
1921 975 2057 1015 Claris
2077 973 2186 1014 Ora·

1315 1042 1478 1081 toribus
1504 1041 1575 1079 lib.
1612 1051 1662 1079 ιι.
1689 1039 1871 1089 Plinius,
1903 1043 1950 1078 et
1978 1037 2186 1088 Agellius.

1314 1104 1437 1144 Idem
1466 1114 1619 1143 nomen
1651 1102 1662 1124 ‘
1684 1098 1981 1151 Antigenidae'
2011 1099 2189 1139 redden-

1316 1163 1415 1205 dum
1436 1164 1620 1216 Apuleio
1640 1164 1682 1202 in
1713 1162 1912 1211 FloridiS,
1931 1162 2044 1213 apud
2063 1173 2188 1213 quem

1315 1228 1523 1267 hactenus
1541 1225 1758 1275 scribitur,
1778 1227 1789 1247 ‘
1807 1223 2066 1276 Antigenes:
2115 1224 2189 1263 Co·

1317 1292 1434 1330 lerus.

1372 1350 1581 1390 Lenocinio
1611 1348 1783 1399 defecta]
1831 1348 1883 1388 Id
1915 1353 1997 1398 est,
2025 1347 2192 1388 blandi-

1321 1413 1410 1463 tiis,
1445 1412 1647 1452 videlicet
1687 1417 1868 1451 externa
1901 1409 2026 1450 laude
2063 1409 2192 1449 desti-

1322 1481 1443 1526 tuta3
1480 1488 1576 1515 nam
1621 1473 1973 1527 quemadmodum
2018 1472 2194 1513 lenones

1322 1538 1665 1579 adolescentibus
1683 1536 1975 1586 blandiuntur,
1987 1536 2047 1575 sic
2066 1535 2195 1575 etiam

1323 1600 1494 1641 fortuna
1512 1600 1638 1640 modo
1657 1599 1768 1650 huic,
1786 1598 1913 1638 modo
1940 1598 2002 1638 illi
2032 1596 2196 1638 blandi·

1325 1670 1395 1705 tur
1411 1671 1456 1704 et
1474 1664 1606 1704 favet.
1634 1665 1759 1704 Idem.

1380 1729 1402 1779 ς
1422 1730 1445 1766 3
1467 1726 1630 1775 Zeuxis,
1647 1726 1735 1777 fisa]
1776 1725 1899 1765 Inter
1925 1724 2083 1777 primos
2107 1735 2196 1763 suae

1327 1789 1470 1830 aetatis
1488 1790 1674 1842 pictores
1693 1790 1760 1829 hic
1777 1788 2040 1840 praecipuum
2058 1788 2199 1827 locum

1329 1853 1562 1894 obtinuisse
1580 1852 1745 1901 fertum
1772 1863 1898 1903 quem
1915 1851 2078 1891 Plinius
2109 1855 2202 1889 tan-

1330 1922 1416 1956 tam
1436 1928 1490 1955 ex
1509 1928 1560 1955 ea
1575 1928 1620 1955 re
1641 1915 1836 1967 gloriam,
1851 1920 1896 1953 et
1913 1925 2018 1965 opes
2037 1924 2204 1964 compa·

1331 1991 1449 2018 rasse
1481 1978 1604 2029 dixit,
1637 1983 1687 2016 ut
1719 1976 1903 2028 gratuito
1935 1976 2132 2028 pingere,
2158 1981 2204 2014 et

1333 2042 1505 2092 elargiri
1522 2054 1651 2092 opera
1668 2053 1743 2080 sua
1774 2052 1857 2080 non
1876 2039 2112 2089 dubitaret,
2130 2051 2204 2078 ex-

1333 2106 1521 2144 istimans
1549 2104 1623 2143 illa
1650 2115 1735 2143 non
1769 2102 1874 2142 satis
1905 2102 2035 2154 digno
2063 2101 2205 2152 pretio

1334 2179 1456 2219 posse
1476 2165 1757 2218 compensari.
1809 2164 1984 2204 Dicitur
2003 2164 2046 2203 in
2066 2169 2206 2204 certa·

1334 2243 1432 2270 men
1464 2229 1734 2269 descendisse
1767 2240 1863 2267 cum
1894 2227 2136 2276 Parrhasio,
2164 2231 2210 2266 et

1337 2292 1482 2333 abillo
1510 2295 1762 2342 superatus:
1792 2300 1890 2328 nam
1919 2300 2015 2328 cum
2035 2287 2210 2328 detulis-

1337 2362 1405 2396 set
1422 2368 1526 2395 uvas
1546 2361 1666 2394 tanto
1698 2365 1896 2393 successu
1929 2352 2142 2404 depictas,
2161 2357 2212 2392 ut

1338 2430 1437 2458 aves
1468 2418 1512 2456 in
1543 2428 1713 2456 scenam
1743 2415 2008 2465 advolarent,
2027 2415 2212 2454 Parrba-

1338 2481 1426 2520 sius
1455 2480 1658 2520 detulisse
1685 2478 1825 2518 fertur
1854 2478 2032 2518 linteum
2063 2477 2212 2518 avibus

1340 2543 1518 2594 pictum,
1549 2543 1611 2581 ita
1646 2542 1872 2580 veritatem
1903 2547 2215 2593 repraesentan—

1340 2605 1468 2656 tibus,
1485 2610 1533 2644 ut
1562 2603 1719 2643 Zeuxis
1749 2603 1896 2642 alitum
1920 2602 2132 2654 judicium
2168 2604 2220 2644 ti-

1341 2678 1478 2717 mens,
1515 2666 1694 2716 ingenuo
1742 2664 1907 2715 pudore
1953 2665 2138 2716 palmam
2175 2666 2217 2705 ei

1344 2729 1618 2768 concesserit.
1675 2727 1761 2767 Hic
1797 2739 1897 2766 vero
1933 2726 1977 2766 in
2018 2725 2218 2768 foemineo

1344 2804 1524 2844 corpore
1564 2791 1777 2843 pingendo
1815 2789 1984 2829 caeteris
2026 2789 2219 2830 omnibus

1346 2854 1603 2894 antecessit:
1632 2866 1746 2902 nam,
1766 2858 1814 2891 ut
1830 2852 1984 2892 Cicero
2011 2853 2220 2904 meminit,

1345 2916 1390 2954 in
1423 2922 1516 2956 arte
1538 2916 1674 2955 veteri
1707 2927 1732 2954 a
1764 2915 2026 2955 Crotoniatis
2054 2915 2221 2967 ingenti

1348 2979 1488 3030 pretio
1531 2979 1782 3028 conductus,
1816 2983 1867 3018 ut
1901 2978 2081 3019 Junonis
2117 2984 2224 3018 tem-

1348 3042 1463 3094 plum
1485 3040 1608 3090 illud,
1624 3040 1736 3093 quod
1757 3039 1818 3078 illi
1837 3038 2101 3091 magnificum
2120 3039 2223 3078 satis

1349 3103 1645 3153 condiderant,
1664 3102 1847 3155 egregiis
1873 3101 2019 3152 figuris
2035 3101 2226 3153 locuple-

1351 3171 1480 3216 taret,
1498 3171 1594 3217 post
1614 3166 1851 3205 absolutum
1873 3176 1997 3215 opus,
2016 3169 2063 3203 nt
2082 3164 2225 3203 excel-

1351 3235 1509 3273 lentem
1530 3230 1746 3271 muliebris
1777 3228 1923 3269 formae
1946 3229 2229 3280 pulchritudi-

1352 3306 1451 3334 nem
1489 3298 1608 3332 muta
1640 3292 1682 3331 in
1719 3303 1763 3330 se
1796 3291 1935 3342 imago
1972 3291 2229 3337 contineret,

1356 3356 1534 3396 Helenae
1563 3355 1673 3394 dixit
1702 3366 1747 3393 se
1776 3353 1887 3393 velle
1909 3353 2085 3405 pingere
2103 3353 2232 3392 simu-

1356 3420 1569 3460 lachrum:
1601 3417 1727 3469 petiit
1753 3417 1898 3469 itaque
1926 3428 1951 3456 a
1972 3415 2233 3456 crotoniatis

1359 3483 1562 3535 virgines,
1581 3493 1684 3533 quas
1704 3480 1890 3520 omnium
1908 3478 2232 3537 formosissimas
