2320 4004
274 281 419 335 1174

275 409 410 450 sentit
438 408 598 459 Livius,
619 408 849 460 Eutropius
878 408 950 448 lib.
970 419 1032 448 rv.
1053 420 1149 461 cap.

274 477 312 514 1.
343 473 520 512 Orosius
541 472 614 512 lib.
635 483 701 512 lv.
719 484 813 523 cap.
835 475 899 512 18.
930 472 1056 511 Coler.

328 537 421 576 Duo
451 535 573 575 millia
603 535 743 575 civium
771 534 1052 586 Romanorum]
1082 535 1151 575 Li-

274 599 368 639 vius
388 599 461 639 lib.
484 610 647 638 xxxiv.
667 611 749 637 non
771 598 889 649 ponit
917 609 1151 650 numerum,

276 662 353 701 sed
369 662 623 701 Plutarchus
633 662 676 701 in
691 661 780 701 vita
796 664 915 702 1200.
930 661 990 701 ait
1003 660 1152 701 fuisse.

278 727 489 766 Corradus.

329 791 351 840 ξ
380 793 405 829 7
435 790 618 829 Metellus
655 801 742 828 vero
782 788 895 840 Pius]
941 787 1028 828 Hic
1063 787 1152 839 ejus

273 851 444 892 Metelli
491 851 603 891 filius
637 850 736 904 fuit,
782 851 855 904 qui
899 850 1153 903 Jugurtham

273 915 433 966 primus
453 915 556 955 dare
575 920 698 967 terga
718 914 874 966 coegit,
895 921 943 954 ut
971 913 1153 953 diximus

272 980 316 1018 in
337 991 431 1030 cap.
452 978 506 1018 de
527 979 765 1032 Disciplina
791 980 978 1030 militari,
999 985 1043 1020 et
1063 979 1153 1019 Nu-

274 1043 460 1099 midicus,
474 1042 614 1083 dictus
630 1049 695 1083 est
710 1056 722 1092 3
752 1043 928 1096 quippe,
945 1044 1045 1082 utin
1059 1055 1154 1094 cap.

276 1108 331 1147 de
350 1108 602 1148 Constantia
629 1107 824 1159 diximus,
843 1109 991 1147 maluit
1015 1108 1057 1146 in
1083 1119 1155 1145 ex-

274 1171 392 1211 ilium
431 1169 658 1222 proficisci,
694 1183 816 1223 quam
861 1172 905 1209 in
939 1170 1155 1209 Saturnini

274 1235 392 1286 leges
406 1234 567 1285 jurare.
611 1236 800 1274 Fuerunt
825 1240 968 1272 autem
988 1233 1153 1271 Metelli

273 1298 354 1336 viri
374 1296 594 1336 clarissimi
612 1302 809 1348 quatuor,
829 1296 1155 1345 Macedonicus,

274 1359 766 1408 Numidicus,Creticns‚
783 1366 826 1398 et
845 1360 910 1397 liic
930 1359 1048 1407 Pius,
1065 1359 1154 1410 qui,

273 1423 478 1463 adversus
514 1423 796 1464 sardonicum
832 1422 999 1471 missus,
1035 1422 1153 1460 illum

272 1487 388 1532 bello
407 1487 643 1538 superavit.
677 1486 825 1526 Oliver.
854 1487 1039 1526 Metellus
1065 1498 1153 1526 vero

274 1551 395 1602 Pius]
425 1550 591 1590 Plinius
623 1550 698 1589 lib.
719 1561 799 1589 vn.
831 1549 976 1600 capite
1009 1552 1078 1589 43.
1111 1554 1156 1587 et

274 1617 342 1655 44.
388 1613 555 1653 Solinus
585 1625 680 1664 cap.
717 1616 757 1652 7.
789 1612 1045 1652 Pater-culus
1083 1611 1155 1654 lib.

275 1686 329 1717 11.
361 1676 488 1715 Celer.

332 1738 459 1784 Quam
489 1737 558 1778 alii
585 1737 762 1778 victoriis
786 1749 991 1787 cognomen
1010 1749 1157 1777 assecu-

275 1801 361 1853 tus]
390 1803 488 1843 Non
519 1807 622 1853 puto
652 1803 705 1844 Q.
724 1802 947 1841 Metellum
969 1801 1159 1841 victoriis

277 1864 448 1916 aliquod
479 1877 714 1916 cognomen
745 1869 985 1904 assecutum
1014 1864 1159 1918 fuisse,

276 1936 324 1969 ut
350 1930 419 1969 hic
447 1930 645 1970 Valerius
675 1929 849 1969 videtur
881 1929 1052 1979 dicere3
1083 1931 1159 1970 sed

278 1993 498 2033 Numidici
532 1993 666 2045 patris
706 2005 782 2044 per
813 1992 1014 2044 injuriam
1050 1994 1162 2044 pulsi

286 2056 472 2096 reditum
496 2057 705 2096 continuis
738 2056 965 2107 lachrymis
999 2063 1044 2096 et
1064 2069 1161 2108 pre-

278 2119 400 2160 cibus
431 2119 706 2172 efflagitando
727 2119 796 2158 Pii
816 2131 1053 2169 cognomen
1076 2132 1164 2159 me-

279 2183 384 2234 ruit,
405 2185 524 2224 velut
557 2184 686 2223 etiam
721 2189 844 2223 autor
877 2183 928 2222 de
959 2183 1074 2223 Viris
1107 2184 1164 2224 11-

282 2247 405 2286 lustr.
453 2259 547 2298 cap.
588 2250 654 2286 63.
693 2246 860 2286 scribit.
916 2246 1163 2297 Legendum

281 2309 432 2360 igitur,
452 2315 499 2349 ut
525 2310 568 2349 in
600 2309 831 2361 Campensi
864 2309 1041 2361 aliisque
1073 2310 1166 2349 Ma·

284 2373 520 2424 nuscriptis
553 2373 761 2412 liabetur:
808 2373 902 2412 Tam
931 2374 1077 2412 clumm
1109 2373 1165 2412 la-

280 2437 466 2489 chrymis,
500 2450 614 2488 quam
647 2437 717 2477 alii
748 2436 926 2477 victoriis
959 2448 1166 2486 cognomen

280 2508 488 2544 assecutus.
526 2503 653 2555 Pigli.

336 2571 404 2622 §8
427 2572 531 2611 Nam
570 2572 616 2610 C.
655 2569 743 2622 ᾅτ.]
786 2569 981 2621 Contigit
1015 2568 1072 2609 A.
1109 2570 1163 2610 U.

283 2641 401 2673 nem.

336 2697 533 2736 Adversus
569 2696 844 2747 conditionem]
879 2695 990 2737 Quia
1026 2694 1166 2735 foedus

283 2766 396 2812 erat,
424 2773 479 2801 ne
510 2761 744 2800 Camertini
776 2766 949 2812 possent
979 2761 1168 2799 Romana

285 2823 463 2863 civitate
483 2823 645 2864 donari.
677 2823 826 2862 Oliver.
869 2823 1068 2862 Adversus
1083 2836 1169 2862 con-

282 2886 490 2937 ditionem]
540 2887 694 2927 Foedus
733 2886 836 2926 illud
876 2886 1167 2926 Camertinum

288 2950 576 3002 aequissimum
609 2955 654 2989 et
687 2948 1000 2989 sanctissimum
1037 2948 1169 2990 fuisse

289 3013 400 3055 dicit
421 3013 590 3055 Cicero.
649 3013 779 3052 Coler.

341 3079 363 3130 ς
384 3080 410 3117 9
432 3077 478 3116 C.
498 3076 624 3116 Marii
642 3075 920 3126 vestigia,l5'c.]
940 3076 1170 3128 Pompeius

289 3139 460 3187 Strabo,
483 3138 632 3190 Magni
653 3137 854 3189 Pompeii
888 3143 1028 3189 pater,
1059 3139 1171 3179 bello

287 3202 421 3252 civili,
441 3202 552 3254 quod
573 3206 738 3253 gestum
759 3207 825 3241 est
857 3202 968 3242 inter
987 3203 1171 3243 Marium

289 3270 334 3305 et
370 3265 548 3316 Syllam,
586 3267 728 3315 partes
770 3263 964 3316 Syllanas
999 3271 1170 3304 secutus

289 3333 373 3369 est.
412 3326 448 3366 A
470 3338 553 3379 quo
574 3325 730 3366 deiude
746 3326 990 3379 Pompeius,
1007 3327 1079 3367 vix
1099 3328 1170 3367 de-

291 3392 446 3432 cimum
471 3397 665 3433 octavum
694 3395 819 3431 natus
849 3403 1017 3442 annum,
1036 3391 1173 3431 tribus

287 3454 524 3505 legionibus
542 3453 750 3505 acceptis,
769 3459 935 3494 tantum
965 3455 1016 3494 ad
1037 3454 1172 3494 victo·

291 3518 397 3559 riam
424 3517 629 3558 momenti
654 3517 783 3569 Syllae
816 3516 964 3557 tulisse
996 3516 1172 3568 dicitur,

854 292 1031 332 NOTAE
1072 292 1403 333 VARJORUM
1445 294 1509 331 IN

1213 414 1262 450 ut
1282 414 1380 462 post
1396 410 1440 449 id
1459 416 1624 462 tempus
1644 422 1814 462 semper
1830 411 1947 451 illum
1972 411 2091 463 Sylla

1211 470 1343 512 fuerit
1387 479 1627 514 veneratus.
1685 475 1834 515 Oliver.
1892 475 2089 527 Contigit

1213 547 1323 575 anno
1338 535 1453 576 urbis
1470 545 1702 577 nchxvn.

1267 599 1405 638 Etiam
1443 599 1622 651 privato]
1655 601 1828 642 Sallust.
1868 601 1980 641 Hist.
2017 609 2093 643 111.

1213 661 1410 703 ‘Quibus
1444 662 1497 701 de
1524 663 1661 703 causis
1696 664 1854 704 Sullam
1889 664 2091 704 Dictato-

1214 737 1303 764 rem
1325 726 1367 765 in
1389 725 1567 765 victoria
1585 738 1694 778 equo
1717 727 1992 778 descendere,
2010 726 2092 766 sibi

1216 787 1288 825 uni
1308 798 1528 838 assurgere
1550 787 1603 827 de
1626 789 1745 840 sella,
1766 793 1897 840 capnt
1923 788 2090 840 aperire

1215 851 1415 892 solitum.'
1471 852 1598 892 Coler.

1268 915 1418 967 Syllam
1462 916 1525 955 sui
1569 915 1764 968 oblivisci]
1793 915 1889 955 Suae
1923 919 2092 956 naturae

1216 979 1413 1030 snperbae
1434 984 1479 1018 et
1497 978 1667 1020 ferocis,

1272 1044 1293 1094 ς
1315 1046 1365 1082 10
1386 1042 1450 1082 Sit
1469 1043 1627 1095 aliquis,
1642 1042 1730 1095 εμπ]
1756 1042 1950 1095 Contigit
1968 1041 2021 1082 A.
2036 1042 2092 1084 U.

1217 1117 1321 1145 nex.
2076 1120 2080 1121 ⁷

1271 1169 1405 1209 Hirtii
1423 1172 1462 1209 et
1482 1169 1643 1220 Pansae]
1674 1168 1853 1209 Romani
1873 1168 2096 1218 Consules,

1218 1232 1288 1284 qui
1326 1232 1437 1271 bello
1471 1233 1604 1282 civili,
1641 1231 1752 1284 quod
1792 1231 1993 1271 adversus
2027 1232 2093 1270 Μ.

1217 1295 1450 1334 Antonium
1503 1295 1750 1346 gerebatur,
1801 1295 1982 1335 Caesaris
2032 1295 2093 1335 in-

1217 1358 1490 1408 terfectores,
1510 1360 1691 1398 Brutum
1706 1363 1752 1398 et
1771 1358 1982 1409 Cassium,
1999 1370 2094 1410 per·

1216 1423 1520 1474 sequebantur,
1538 1422 1637 1462 dum
1670 1421 1782 1462 forte
1815 1422 1997 1462 Mutinae
2023 1422 2097 1462 ob·

1216 1485 1472 1536 siderentur,
1502 1484 1676 1526 fortiter
1707 1486 1959 1526 dimicantes
1986 1484 2101 1526 ceci·

1219 1549 1387 1590 derant.
1448 1549 1596 1589 Oliver.

1274 1614 1447 1658 Quorum
1477 1615 1626 1654 laudem
1644 1611 1795 1663 adiecta
1813 1615 1898 1664 Iege
1929 1612 2100 1653 conditio

1217 1681 1335 1726 auget
1354 1677 1483 1727 magis
1500 1690 1614 1729 quam
1630 1678 1836 1730 extenuat]
1880 1677 1987 1719 Quae
2005 1677 2099 1716 haec

1221 1740 1409 1780 conditio
1443 1741 1615 1792 adjecta
1645 1741 1770 1793 lege?
1799 1740 1963 1780 frustra
1986 1751 2102 1792 quae-

1221 1817 1303 1844 raS.
1359 1804 1523 1855 Scribe,
1541 1804 1705 1853 abjecta.
1762 1803 1874 1844 Haec
1894 1809 1962 1844 est
1979 1814 2099 1842 mens

1223 1867 1478 1908 Valeriana:
1526 1867 1784 1916 Libitinarii,
1831 1866 1984 1918 inquit,
2019 1866 2102 1905 etsi

1223 1930 1317 1981 lege
1337 1938 1382 1969 et
1401 1942 1517 1968 more
1537 1929 1753 1981 abjectum
1774 1940 1824 1968 ac
1853 1928 1934 1967 vile
1963 1927 2004 1967 id
2027 1939 2102 1977 ge-

1224 2005 1317 2041 nuS,
1336 1997 1494 2038 tamen,
1514 1995 1596 2032 &c.
1650 1992 1762 2032 Sane
1787 1990 1829 2030 in
1848 1990 2000 2030 vilibus
2028 1989 2101 2028 ha-

1226 2055 1306 2094 biti
1325 2067 1518 2106 semper:
1549 2055 1733 2107 ideoque
1762 2066 1860 2094 mox
1878 2053 2006 2092 etiam
2027 2065 2104 2104 ap-

1226 2120 1374 2170 pellat,
1390 2121 1647 2170 contemptu-m
1662 2130 1838 2168 gregem.
1893 2115 2074 2167 Lipsius.

1281 2183 1394 2222 Ex‘r.
1424 2183 1445 2233 ξ
1470 2186 1489 2221 l
1526 2181 1725 2232 Amiculo]
1781 2180 1929 2220 Genus
1975 2177 2106 2219 vesti·

1226 2245 1378 2295 menti,
1397 2244 1452 2293 ab
1473 2243 1710 2284 amiciendo
1730 2242 1907 2282 dictum.

1286 2308 1430 2348 Urbem
1450 2312 1486 2346 et
1505 2307 1688 2358 insulam]
1722 2304 1845 2346 Πόλιν
1866 2303 2002 2357 ἔρημον
2020 2303 2059 2343 ei
2079 2315 2105 2343 a

1227 2373 1362 2412 Dario
1401 2370 1617 2422 traditam,
1653 2370 1805 2411 scribit
1840 2369 2107 2410 Herodotus.

1224 2436 1384 2476 Strabo
1415 2447 1515 2476 vero
1548 2436 1602 2475 ob
1629 2434 1865 2485 Sylosontis
1899 2433 2109 2473 saevitiam

1228 2499 1442 2539 desertam
1463 2497 1594 2538 fuisse
1615 2504 1767 2538 auctor
1786 2503 1868 2538 est.
1926 2496 2054 2537 Celer.

1279 2563 1516 2614 Samiorum]
1554 2563 1701 2602 Samus
1737 2568 1832 2602 erat
1862 2560 2118 2614 Τετράπολις,“

1227 2627 1341 2667 inter
1361 2637 1465 2678 quas
1480 2630 1525 2665 et
1540 2626 1642 2664 urbs
1664 2626 1828 2675 Samus,
1842 2637 1938 2677 qnae
1960 2630 2111 2675 postea

1229 2702 1255 2731 a
1283 2689 1484 2729 Romanis
1503 2686 1695 2728 funditus
1726 2688 1885 2728 deleta.
1941 2686 2109 2729 Plinius

1230 2752 1308 2792 lib.
1332 2764 1397 2792 1v.
1417 2764 1513 2803 cap.
1529 2754 1595 2791 12.
1614 2756 1659 2791 et
1669 2750 1833 2791 Strabo
1853 2750 1925 2791 lib.
1944 2763 1987 2790 X.

1286 2815 1410 2867 §221
1441 2814 1628 2865 Rhodiis]
1660 2813 1771 2854 Nam
1806 2819 1999 2865 tempore
2027 2824 2110 2865 quo

1234 2879 1381 2919 Asiam
1414 2879 1657 2931 occupavit,
1685 2884 1730 2919 et
1756 2878 1818 2918 M.
1837 2878 2049 2927 Plocium,
2067 2881 2114 2916 et

1234 2943 1282 2984 C.
1301 2942 1530 2995 Apuleium
1552 2942 1595 2982 in
1616 2942 1784 2985 vincula
1801 2941 2006 2993 conjecit,
2024 2953 2111 2980 om-

1232 3020 1392 3060 nesque
1412 3008 1620 3047 Romanos
1640 3007 1681 3046 in
1702 3006 1816 3046 Asiae
1837 3005 2032 3058 partibus
2052 3005 2114 3045 iu-

1234 3078 1385 3112 ventos
1419 3070 1681 3120 trucidavit3
1723 3069 1910 3109 Rhodios
1944 3080 2113 3120 quoque

1233 3135 1405 3184 invasit,
1442 3147 1467 3174 a
1500 3133 1654 3186 quibus
1699 3133 1862 3184 aliquot
1896 3131 2113 3171 navalibus

1234 3197 1392 3250 praeliis
1411 3200 1637 3248 superatus
1651 3200 1788 3244 est‚et
1803 3194 2014 3236 Leonicus
2032 3194 2114 3234 iste

1234 3261 1394 3301 amicus
1413 3265 1581 3311 captus.
1639 3258 1743 3297 Oliv.

1289 3323 1355 3374 §3
1373 3322 1567 3361 Liberalis
1597 3321 1777 3373 populus,
1804 3319 1890 3371 θα]
1920 3316 2114 3372 Contigit

1235 3385 1290 3426 A.
1309 3384 1364 3424 U.
1385 3395 1527 3424 ncxx.

1293 3446 1549 3497 Testamenti]
1594 3446 1662 3486 Ita
1694 3444 1884 3486 Velleius
1919 3444 2028 3485 libro
2061 3455 2113 3485 n.

1241 3512 1418 3554 Orosius
1433 3511 1506 3552 lib.
1522 3522 1565 3551 v.
1585 3522 1676 3562 cap.
1696 3512 1737 3551 6.
1791 3509 1991 3562 Epitome
2006 3509 2115 3551 Livi-
