2346 3996
406 270 546 323 1250

404 403 514 455 gra?
547 402 696 443 Oliver.

990 281 1170 321 NOTAE
1212 282 1543 322 VARIORUM
1586 285 1652 323 IN

1353 416 1449 444 nam
1470 404 1583 457 quod
1605 408 1794 444 nostrum
1811 408 1891 453 est,
1912 401 2082 443 auferre
2101 413 2226 443 nemo

461 467 713 519 Crepundiis]
759 465 1061 517 Crepitaculis,
1090 467 1133 507 in
1173 468 1283 508 collo
1351 474 1511 521 potest.
1570 469 1810 520 Praeterea,
1845 468 1883 507 si
1916 467 2028 507 bona
2063 470 2226 518 essent,

403 540 632 584 puerorum
653 530 856 582 suspendi
877 531 1026 570 solitis.

455 594 721 634 Incertissimo
754 594 882 645 statu]
929 594 994 635 Ac
1027 596 1062 635 si
1095 596 1279 648 diceret,

399 660 536 699 ventis
556 657 724 698 similia.
779 658 954 710 Duplici
975 659 1141 700 ratione
1171 660 1280 699 bona

400 727 551 761 nostra
570 720 657 761 dici
689 734 775 762 non
795 721 973 775 debent,
993 724 1094 776 quia
1112 724 1148 764 si
1170 725 1280 764 bona

397 790 549 825 nostra
586 791 798 837 perpetua
834 792 880 826 et
912 787 1083 827 stabilia
1121 793 1279 840 essent,

399 862 480 890 nec
502 850 588 889 ulla
609 850 774 891 ratione
793 850 916 891 nobis
937 851 1046 903 eripi
1069 857 1246 902 possent
1265 865 1275 891 ε

1349 544 1566 584 nunqnam
1601 536 1839 580 nocerent;
1871 535 2030 571 nocent
2063 535 2251 580 anterus

1348 607 1430 635 non
1463 596 1596 646 igitur
1626 595 1737 634 bona
1755 601 1867 636 sunt.
1921 592 2045 636 Quod
2081 598 2225 635 aunem

1347 664 1549 709 noceant,
1567 658 1839 713 manifestum
1871 664 1963 708 est;
1991 669 2090 698 nam
2119 657 2225 697 mul-

1347 728 1414 763 tos
1445 723 1622 774 legimus
1653 727 1699 762 et
1718 722 1899 762 vidimus
1918 727 2099 774 propter
2117 721 2225 762 divi-

1347 788 1428 827 tias
1457 794 1501 828 et
1529 787 1712 839 imperia
1728 786 1961 827 crudeliter
1978 783 2110 826 fuisse
2138 795 2222 842 caef

1347 864 1429 893 sos.
1462 851 1569 891 Oliv.

1074 1295 1159 1354 LI
1169 1294 1350 1355 BER
1393 1294 1545 1354 VII.

458 1462 570 1502 CAP.
589 1474 621 1503 1.
643 1464 666 1515 ᾧ
686 1465 706 1502 1
743 1461 1021 1512 Q.Metellum]
1043 1461 1155 1502 Plin.
1172 1461 1276 1501 Nat.

395 1524 513 1566 Hist.
527 1527 599 1568 lib.
611 1539 692 1569 vu.
708 1540 747 1567 c.
759 1531 827 1567 44.
842 1533 995 1567 contra
1009 1527 1172 1566 Valerii
1186 1538 1277 1566 sen-

393 1589 572 1630 tentiam
582 1603 665 1631 non
678 1590 873 1642 solidam,
885 1603 1024 1644 neque
1037 1588 1277 1643 perfectam

391 1652 525 1694 fuisse
544 1655 668 1707 hujus
688 1655 866 1695 hominis
884 1655 1140 1695 felicitatem
1154 1655 1278 1706 dicit,

394 1717 470 1757 sed
485 1719 656 1757 omnino
669 1719 810 1771 aliquo
823 1731 1000 1759 moerore
1016 1719 1276 1760 contamina-

393 1785 495 1823 tam.
553 1783 662 1822 Nam
683 1783 804 1835 hujus
834 1795 1004 1836 quoque
1021 1784 1276 1832 Q.Metelli,

394 1845 549 1897 inquit,
571 1845 641 1898 qui
662 1846 732 1885 illa
751 1847 805 1886 de
827 1853 949 1898 patre
965 1847 1152 1898 dixerat,
1165 1847 1276 1887 filius

394 1909 509 1949 inter
527 1922 622 1950 rara
649 1908 872 1951 felicitatis
901 1911 1099 1951 humanae
1134 1923 1275 1951 exem-

395 1972 466 2024 pla
484 1979 746 2014 numeratur.
782 1974 893 2014 Nam
914 1980 1075 2027 praeter
1097 1974 1276 2014 bonores

395 2036 694 2088 amplissimos,
722 2049 1042 2089 cognomenque
1073 2035 1276 2077 Macedo-

394 2100 494 2150 niae,
517 2113 541 2140 a
559 2106 743 2153 quatuor
761 2100 859 2141 filiis
891 2102 1032 2141 illatus
1061 2106 1128 2141 est
1155 2112 1277 2153 rogo,

394 2175 480 2203 uno
527 2171 730 2216 praetore,
780 2166 916 2205 tribus
965 2165 1274 2215 consularibus,

393 2217 561 2267 duobus
581 2229 925 2280 triumphalibus,
955 2240 1039 2267 uno
1059 2227 1276 2278 censorio,

391 2303 487 2343 quae
507 2291 674 2341 singula
695 2305 864 2345 quoque
878 2293 1025 2343 paucis
1038 2292 1274 2343 contigere.

391 2353 436 2392 in
457 2353 550 2406 ipso
569 2359 712 2396 tamen
740 2353 846 2394 flore
874 2355 1095 2406 diguitatis
1116 2368 1202 2394 suae
1222 2355 1276 2394 ab

394 2416 565 2458 Catinio
595 2419 812 2470 Labeone,
845 2419 914 2459 cui
935 2431 1172 2471 cognomen
1193 2419 1275 2459 fuit

391 2482 647 2529 Macerioni,
693 2483 864 2523 tribuno
902 2483 1055 2534 plebis,
1087 2495 1212 2535 quem
1252 2495 1277 2523 e

390 2546 553 2586 Senatu
583 2559 737 2587 censor
762 2548 968 2599 ejecerat,
1000 2556 1221 2588 revertens
1252 2561 1276 2589 e

392 2622 544 2661 campo
590 2611 829 2651 meridiano
880 2616 1091 2661 tempore,
1140 2623 1276 2650 vacuo

390 2670 501 2723 foro,
522 2677 566 2712 et
588 2673 821 2725 Capitolio,
849 2673 902 2712 ad
930 2674 1158 2724 Tarpeium
1180 2686 1275 2724 rap-

395 2743 476 2786 tus,
526 2745 574 2778 ut
618 2740 981 2790 praecipitaretur,
1021 2740 1277 2778 convolante

393 2801 563 2854 quidem
597 2808 684 2841 tam
723 2815 948 2842 numerosa
983 2804 1052 2842 illa
1085 2803 1278 2853 cohorte,

393 2877 489 2917 quae
518 2871 683 2916 patrem
706 2878 801 2905 eum
822 2866 1087 2917 appellabat,
1116 2866 1207 2917 sed,
1228 2874 1274 2906 ut

394 2925 570 2967 necesse
591 2935 684 2969 erat
705 2929 746 2967 in
777 2930 937 2978 subito,
955 2930 1095 2980 tarde,
1115 2935 1160 2968 et
1182 2936 1274 2969 tan·

393 3003 518 3042 quam
538 2992 581 3032 in
600 2993 816 3045 exequiaS,
834 2993 933 3032 dum
955 2994 1183 3033 resistendi
1209 3007 1272 3034 sa-

394 3066 557 3107 croque
585 3062 780 3095 sanctum
815 3057 1049 3108 repellendi
1082 3058 1152 3108 jus
1191 3070 1274 3098 non

394 3124 525 3169 esset,
546 3119 716 3159 virtutis
736 3132 821 3158 snae
851 3132 983 3171 opera
1009 3129 1054 3160 et
1080 3134 1272 3162 censurae

394 3185 629 3236 periturus,
650 3195 764 3235 aegre
785 3184 975 3235 tribuno,
994 3186 1065 3237 qui
1089 3186 1273 3226 interce-

392 3247 530 3297 deret,
562 3245 757 3298 recep‘to,
788 3259 813 3286 a
842 3247 985 3288 limine
1014 3250 1105 3297 ipso
1124 3250 1274 3289 mortis

394 3315 636 3360 revocatus,
679 3309 818 3349 alieno
869 3309 1078 3350 beneficio
1125 3317 1275 3363 postea

396 3373 519 3423 vixit,
539 3373 660 3413 bonis
681 3372 780 3412 inde
810 3373 938 3413 etiam
959 3377 1217 3415 consecratis
1250 3388 1275 3416 a

393 3437 596 3476 damnata
631 3449 723 3488 suo,
749 3442 949 3488 tanquam
982 3450 1131 3489 parum
1160 3444 1274 3479 esset

392 3499 581 3542 faucium
606 3505 731 3542 certe
765 3499 1037 3554 intortarum,
1057 3502 1272 3554 expressi-

1346 1472 1428 1513 que
1449 1472 1528 1513 per
1546 1472 1672 1501 aures
1706 1459 1922 1514 sanguinis
1955 1474 2124 1516 poenam
2149 1475 2224 1504 ex-

1344 1529 1486 1564 actam
1517 1536 1624 1564 esse.
1683 1525 1790 1566 Quae
1821 1526 1994 1567 omnino
2025 1525 2223 1579 profecto

1343 1594 1442 1627 sunt
1474 1600 1626 1639 magna
1657 1587 1923 1630 infelicitatis
1954 1594 2225 1641 argumenta.

1344 1649 1483 1690 Addit
1502 1658 1716 1703 praeterea
1735 1653 1788 1692 ad
1816 1653 1910 1693 liaec
1930 1655 2044 1694 mala
2061 1653 2225 1706 Scipio·

1345 1716 1408 1755 nis
1417 1716 1632 1756 AEmiliani
1643 1716 1927 1769 inimicitiam,
1940 1722 1986 1757 et
1994 1729 2079 1757 non
2093 1729 2227 1769 parva

1346 1781 1408 1820 illi
1420 1779 1505 1822 fuit
1522 1780 1768 1833 infelicitas,
1786 1782 1899 1835 quod
1917 1782 2131 1834 scelerata
2144 1782 2224 1823 Ca-

1346 1846 1439 1885 tinii
1477 1845 1658 1886 audacia
1697 1858 1870 1898 semper
1906 1844 2042 1887 fuerit
2075 1845 2226 1889 inulta.

1347 1909 1518 1949 Falsum
1536 1909 1669 1962 igitur
1703 1914 1784 1960 est,
1811 1909 1923 1962 quod
1952 1908 2061 1949 dicit
2078 1902 2227 1949 Valer-v

1343 1986 1367 2013 a
1388 1973 1524 2025 primo
1552 1974 1724 2025 originis
1752 1973 1824 2014 die
1856 1973 1911 2013 ad
1941 1971 2138 2013 ultimum
2156 1984 2226 2020 usq

1344 2050 1427 2090 qne
1447 2036 1528 2079 fati
1549 2044 1717 2091 tempus
1745 2028 1991 2088 Fortunam,
2008 2048 2225 2090 nunquam

1344 2108 1540 2142 cessante
1577 2102 1864 2153 indulgentia,
1897 2111 1996 2142 eum
2030 2099 2085 2141 ad
2113 2111 2227 2140 sum-

1344 2178 1459 2205 mum
1489 2165 1630 2206 beatae
1667 2165 1768 2205 vitae
1798 2165 2010 2206 cumulum
2039 2163 2226 2216 perdux-

1343 2229 1442 2269 isse.
1489 2229 1589 2269 Fuit
1608 2234 1751 2268 autem
1771 2227 1842 2268 hic
1857 2226 2082 2279 Metellus,
2103 2224 2175 2280 qui
2200 2238 2227 2267 a

1344 2292 1517 2333 devicta
1536 2293 1799 2334 Macedonia
1828 2293 1971 2334 dictus
1998 2296 2063 2331 est
2080 2291 2228 2332 Mace-

1344 2355 1538 2408 donicus,
1562 2358 1682 2410 cujus
1711 2361 1879 2408 patrem
1907 2353 2124 2395 fortunam
2143 2365 2229 2394 ma-

1345 2420 1409 2472 gis
1429 2420 1724 2472 indulgentem
1740 2426 1786 2460 et
1803 2419 2030 2472 propitiam
2043 2418 2227 2458 sensisse

1344 2484 1450 2524 dicit
1468 2485 1636 2524 Plinius
1654 2483 1807 2524 eodem
1824 2483 1900 2524 lib.
1920 2480 2002 2522 nisi
2020 2479 2135 2534 qnod
2158 2492 2227 2520 or-

1345 2549 1441 2589 bam
1486 2548 1715 2588 luminibus
1761 2546 1954 2598 exegerit
1990 2549 2227 2595 senectam,

1343 2611 1509 2651 amissis
1527 2611 1741 2660 incendio,
1772 2623 1868 2650 cum
1899 2608 2140 2649 Palladium
2162 2620 2228 2647 ra-

1346 2681 1469 2727 peret
1490 2687 1544 2714 ex
1566 2674 1659 2713 aede
1679 2675 1828 2714 Vestae
1847 2671 2111 2713 memorabili
2129 2683 2226 2710 cau-

1345 2750 1407 2788 sa,
1437 2738 1512 2778 sed
1546 2743 1705 2778 eventu
1737 2737 1918 2787 miser03
1957 2747 2041 2789 quo
2073 2734 2141 2786 fit,
2177 2740 2226 2776 ut

1345 2801 1492 2842 infelix
1511 2793 1790 2854 quidem'dici
1811 2812 1894 2840 non
1914 2799 2098 2840 debeat:
2127 2810 2229 2838 nam

1343 2866 1406 2905 illi
1433 2865 1540 2905 dicit
1574 2865 1724 2905 decem
1761 2876 1830 2904 res
1867 2863 2074 2904 maximas
2112 2862 2226 2902 obti-

1345 2929 1475 2980 gisse,
1492 2929 1536 2968 in
1560 2928 1715 2981 quibus
1744 2926 1987 2981 quaerendis
2007 2926 2226 2978 sapientes

1344 2999 1520 3033 aetatem
1554 2993 1796 3044 exigerent,
1823 2991 1956 3031 fuisse
1975 2989 2225 3043 primarium

1341 3058 1613 3107 bellatorem,
1642 3056 1847 3108 optimum
1875 3059 2107 3104 oratorem,
2134 3053 2225 3104 ejus

1344 3120 1535 3171 auspicio
1555 3119 1761 3159 maximas
1781 3131 1847 3159 res
1864 3122 2022 3171 gestas,
2038 3116 2225 3157 maximo

1343 3183 1501 3223 honore
1523 3195 1656 3234 usum,
1677 3194 1840 3222 summa
1866 3180 2093 3233 sapientia,
2111 3192 2224 3220 sum-

1341 3258 1456 3285 mum
1483 3246 1736 3286 Senatorem
1765 3243 1954 3285 habitum
1982 3241 2130 3294 fuisse,
2150 3255 2224 3296 pe-

1341 3310 1507 3349 cuniam
1546 3321 1742 3360 magnam
1781 3307 1892 3348 bono
1937 3306 2063 3347 modo
2107 3308 2223 3347 inve-

1342 3375 1474 3424 nisse,
1509 3375 1665 3413 multos
1703 3373 1862 3412 liberos
1904 3372 2142 3424 reliquisse,
2178 3376 2225 3410 et

1342 3436 1623 3478 clarissimum
1642 3436 1682 3474 in
1712 3436 1887 3475 civitate
1914 3433 2064 3486 fuisse,
2084 3446 2135 3474 ea
2154 3434 2226 3474 de-

1342 3501 1471 3555 nique
1502 3501 1750 3554 contigisse,
1779 3514 1874 3555 quae
1903 3501 2009 3542 nulli
2030 3500 2102 3542 alii
2123 3505 2223 3553 post
