2288 3990
606 339 865 379 vALERu
910 335 1151 376 ΜΑΧιΜι
1196 336 1314 374 mn.
1355 335 1421 372 11.
1460 322 1668 373 cAP.6.

225 465 362 506 adbuc
379 467 625 505 cernuntur.
655 461 781 501 Marl.

276 528 434 579 AEstus]
461 524 662 577 Corporis
684 529 728 563 et
749 522 891 563 animi.

280 592 395 632 CAP.
413 601 476 630 vr.
497 590 520 641 ζ)
539 591 560 627 1
577 588 778 639 Spartana
798 585 958 636 cie-itas]
980 584 1102 625 Adeo

222 653 427 707 Spartani
472 652 653 692 luxuriae
700 654 1018 702 contemptores
1056 653 1103 689 et

222 716 379 757 laboris
401 716 615 768 patientes
633 714 771 764 fuere,
792 721 840 754 ut
873 715 1002 754 etiam
1021 714 1103 753 vir·

226 780 395 832 ginibus
415 791 577 831 eorum,
597 784 710 819 teste
732 779 939 819 Cicerone
958 778 1032 818 lib.
1054 788 1105 817 ιι.

226 845 358 886 Tusc.
377 845 541 886 Quaest.
567 843 702 895 magis
722 844 934 895 palaestrae
955 841 1107 893 pulvis,

227 907 452 947 venaticus
470 907 608 958 labor,
627 911 674 946 et
703 906 855 946 militia
873 905 916 944 in
951 904 1105 944 studiis

227 969 377 1020 fuerit,
395 983 519 1022 quam
541 969 740 1009 fertilitas
760 967 957 1008 filiorum.

283 1031 477 1085 Lycurgi]
509 1032 698 1083 Optimae
714 1037 760 1070 et
779 1030 970 1070 cordatae
986 1028 1107 1070 fuere

227 1095 340 1136 illius
357 1098 493 1147 leges,
513 1096 620 1135 adeo
637 1100 683 1133 ut
703 1099 799 1134 tota
816 1095 947 1145 Resp.
975 1094 1108 1134 Lace-

228 1158 538 1198 daemouiorum
566 1156 735 1196 virtutis
771 1157 990 1208 exemplar
1018 1155 1110 1195 fue-

230 1223 303 1262 rit.
360 1223 503 1262 Nullae
524 1221 703 1271 divitiae,
731 1221 810 1260 uisi
835 1221 878 1260 in
905 1225 1108 1273 quantum

229 1290 384 1325 natura
402 1283 691 1334 desiderabat,
709 1283 822 1335 apud
842 1283 936 1322 illos
954 1284 997 1322 in
1017 1294 1112 1334 pre·
1139 1284 1142 1288 “

230 1350 292 1390 tio
314 1349 501 1401 fuerunt,
519 1347 700 1388 avaritia
730 1348 956 1386 multorum
980 1347 1110 1386 malo-

231 1426 324 1452 rum
340 1418 476 1452 mater
494 1410 839 1451 exscindebatur.
887 1411 999 1449 Usus
1021 1409 1112 1449 auri

231 1483 280 1516 et
299 1475 486 1528 argenti,
501 1475 574 1527 qui
597 1474 803 1526 pessimas
818 1479 867 1512 ut
887 1473 1112 1524 plurimum

235 1547 352 1581 artes
383 1539 582 1579 mortales
614 1537 774 1587 docuit,
803 1538 901 1588 lege
932 1537 1113 1577 'vetitus-

233 1603 355 1642 Viles
374 1602 532 1642 nummi
548 1601 696 1651 ferrei,
727 1606 933 1653 quantum
955 1599 1115 1639 utilitas

234 1665 500 1718 postulabat,
536 1663 627 1704 cusi
665 1669 776 1703 sunt.
833 1662 903 1702 Ita
931 1663 1117 1713 luxuria,

235 1727 457 1780 omnisque
485 1726 683 1778 avaritia,
709 1731 756 1766 et
787 1738 916 1777 opum
951 1730 996 1765 et
1026 1727 1117 1765 auri

231 1789 394 1830 furiosa
411 1789 568 1842 cupido
587 1790 728 1841 ejecta
746 1795 815 1828 est
831 1789 956 1840 Reip.
996 1789 1117 1828 Bene

234 1861 332 1894 erat
352 1855 402 1895 iis
421 1854 574 1907 quibus
596 1855 719 1894 Deus
750 1853 968 1894 obtulerat
987 1866 1118 1905 parca

235 1917 350 1970 quod
363 1920 468 1957 satis
487 1923 552 1966 est
566 1929 704 1958 manu.
734 1917 968 1969 plerasque,
981 1917 1117 1968 Resp-

235 1984 362 2024 nimis
380 1982 568 2022 secunda
585 1980 774 2031 fortuna,
791 1981 932 2020 nimiae
954 1980 1117 2020 divitiae

237 2057 411 2098 pessum
449 2045 624 2085 dedere.
679 2044 788 2084 Inde
825 2049 992 2084 cunctae
1029 2041 1120 2084 fere

235 2111 450 2150 scelerum
478 2120 638 2160 causae,
669 2107 768 2147 inde
799 2107 1000 2147 mollities
1031 2107 1119 2147 ani-

235 2184 352 2212 mum
373 2171 611 2223 enervavit,
630 2170 847 2222 proecipiti
875 2171 944 2210 via
972 2170 1016 2210 in
1034 2173 1121 2210 sin-

237 2236 341 2287 gula
367 2233 460 2275 fere
478 2235 596 2275 ‘vitia
627 2241 939 2285 transcursum,
969 2247 1122 2276 eversa

238 2297 435 2339 militaris
447 2298 692 2350 disciplina,
706 2299 824 2349 leges
839 2299 1121 2339 conculcatae.

239 2361 386 2400 Tanta.
405 2361 672 2402 continentia
690 2361 906 2401 Laconum
926 2362 1123 2414 Respub.

242 2424 519 2476 octingentos
545 2436 677 2464 annos
710 2424 848 2466 stetit.
907 2424 1016 2465 Vide
1034 2425 1123 2464 Xe·

244 2486 507 2539 nophoutem
543 2486 599 2527 de
631 2487 742 2539 Rep.
762 2487 1062 2528 Lacedaemon.
1080 2493 1127 2528 et

243 2551 388 2602 Tliysii
408 2550 717 2601 memorabilia,
735 2550 805 2591 ubi
818 2551 872 2591 de
892 2551 1127 2604 Republica

244 2613 669 2654 Lacedaemoniorum
685 2614 789 2665 agit.

299 2676 559 2728 Aliquandiu]
602 2677 692 2716 Per
722 2676 978 2729 quingentos
994 2689 1127 2718 annos

245 2745 293 2780 et
315 2741 497 2792 amplius
528 2752 574 2780 se
608 2740 663 2780 ab
694 2739 798 2780 Asia
815 2741 1129 2794 abstinuerunt,

246 2804 521 2845 continenter
531 2804 726 2845 viventes
740 2804 906 2856 legibus
914 2817 1128 2858 nunquam

247 2869 438 2910 mutatis.
477 2868 569 2910 Cic.
584 2868 628 2908 in
644 2869 769 2908 Orat.
786 2880 864 2920 pro
881 2870 932 2911 L.
947 2870 1129 2911 Flacco:

245 2930 625 2978 ‘Lacedaemonii‚'
671 2931 823 2984 inquit,
864 2933 876 2955 ‘
911 2934 989 2974 soli
1036 2941 1131 2975 toto

247 2994 354 3035 orbe
370 2998 580 3035 terrarum
609 2995 906 3048 septingentos
937 3010 1070 3038 annos
1087 3004 1133 3039 et

250 3056 432 3108 amplius
467 3057 553 3097 suis
589 3057 781 3097 moribus
827 3064 873 3098 et
919 3072 1132 3112 nunquam

250 3119 427 3160 mutatis
443 3119 612 3170 legibus
632 3121 860 3161 vixerunt!
897 3123 1047 3164 Oliver.

305 3182 443 3234 Ionas]
489 3182 738 3224 Herodotus
773 3183 845 3224 lib.
881 3197 984 3226 vlu.
1031 3188 1134 3228 Plu-

252 3247 426 3286 tarchus
463 3245 507 3284 in
540 3247 747 3286 Themist.
819 3247 953 3288 Ortos
992 3258 1133 3291 autem

252 3309 382 3351 Ionas
430 3309 483 3350 ab
520 3309 872 3362 Atheniensibus,
906 3319 1050 3353 notum
1080 3326 1135 3354 ex

257 3373 483 3414 Herodoto
516 3374 589 3412 lib.
610 3384 642 3414 1.
673 3380 719 3412 et
749 3374 858 3414 aliis.
915 3376 1045 3416 Iones
1064 3390 1135 3417 au-

258 3445 345 3480 tem
376 3449 459 3476 nou
493 3436 547 3476 ab
583 3436 707 3487 Ione,
739 3437 848 3477 Xuti
879 3437 986 3489 filio,
1015 3441 1090 3480 sed
1111 3454 1137 3481 a

255 3499 396 3544 Javan
442 3513 595 3541 nomen
645 3514 884 3555 accepere:
935 3506 1051 3547 unde
1092 3514 1137 3548 et

256 3563 268 3582 ‘
292 3561 471 3605 laones'
501 3564 707 3605 Homero.

1900 320 2041 374 1029

1219 455 1438 507 Unguenti,
1454 454 1774 506 coronarumque]
1810 454 2044 504 Unguento

1162 532 1246 560 non
1269 528 1433 561 tantum
1453 520 1647 560 linebant
1675 525 1834 570 caput;
1870 518 1945 557 sed
1968 518 2046 558 eti-

1164 595 1231 623 am
1250 584 1398 634 pedes,
1418 589 1467 623 ut
1486 595 1540 622 ex
1559 582 1770 622 Athenaeo
1799 582 1934 633 liquet
1954 582 2047 633 plu-

1166 646 1282 687 ribus
1299 647 1419 687 locis.
1475 648 1543 687 De
1573 646 1701 686 variis
1735 645 1848 685 idem
1878 658 2048 697 quoque

1165 709 1257 761 agit
1294 711 1537 762 unguentis,
1582 710 1691 750 adeo
1735 714 1784 749 ut
1816 709 2050 761 unicuique

1166 774 1280 825 parti
1300 773 1492 825 corporis
1520 774 1676 814 idonea
1709 773 2052 814 attribuerentur

1165 843 1405 891 unguenta.
1461 838 1702 878 Nardinum
1746 837 2054 890 praestantissi-

1167 913 1280 941 mum
1325 900 1581 941 habebatur.
1645 901 1774 941 Unde
1821 901 2051 940 Tibullus:

1165 968 1178 989 ‘
1202 965 1326 1006 Illius
1355 977 1463 1016 puro
1491 964 1714 1004 destillent
1745 971 1936 1016 tempora
1957 974 2054 1003 nar-

1169 1026 1256 1068 do.'
1323 1027 1503 1068 Coronis
1541 1038 1728 1080 quoque,
1762 1039 1855 1078 quae
1886 1032 2055 1065 consta-

1168 1091 1275 1132 bant
1309 1090 1439 1131 variis
1486 1089 1683 1140 floribus,
1728 1097 1948 1141 unguento
1982 1089 2056 1129 de·-

1171 1155 1319 1195 libutis
1365 1154 1600 1196 utebantur
1646 1153 1700 1193 ad
1749 1152 2057 1205 prohibendam

1171 1220 1442 1260 ebrietatem.
1499 1219 1560 1259 Iis
1590 1224 1732 1259 autem
1765 1218 1932 1257 coronis
1962 1223 2060 1257 ute-

1172 1282 1344 1334 bantur,
1362 1288 1411 1323 ut
1429 1283 1580 1323 scribit
1612 1281 1888 1331 Aristoteles,
1922 1281 1963 1320 ἐν
1979 1283 2061 1321 τοῖς

1173 1344 1418 1395 Συμποσίοις,
1438 1345 1638 1399 εὐετηρίαν
1655 1344 1721 1386 καὶ
1740 1345 1925 1397 ἀφθονίαν
1943 1344 2062 1385 αἰνιτ-

1172 1409 1325 1460 τόμενοι
1351 1412 1517 1462 τροφῶν.
1575 1410 1712 1450 Sertis
1745 1415 1887 1450 autem
1927 1414 2062 1461 caput

1174 1479 1220 1512 et
1247 1473 1358 1513 colla
1389 1473 1778 1524 amplectebantur,
1808 1473 1960 1524 pocula
1977 1472 2064 1512 cin-

1175 1536 1347 1588 gebant,
1365 1537 1497 1576 etiam
1517 1537 1612 1588 ipsa
1632 1536 1815 1576 triclinia
1836 1535 2063 1577 ornabant.

1234 1600 1347 1646 Quod
1381 1613 1446 1639 eos
1474 1612 1550 1639 non
1570 1599 1753 1651 frustra]
1801 1599 2066 1640 Corroborat

1177 1665 1378 1716 exemplo
1396 1665 1509 1703 hanc
1529 1664 1773 1716 opinionem
1790 1677 1803 1713 3
1833 1676 1930 1703 nam
1951 1664 2067 1704 Pau-

1179 1729 1318 1768 sanias
1357 1739 1455 1768 cum
1499 1728 1654 1768 multas
1691 1740 1953 1779 magnasque
1994 1740 2065 1767 res

1181 1792 1402 1844 gessisset,
1441 1791 1515 1831 ubi
1553 1803 1598 1830 se
1629 1791 1820 1830 moribus
1859 1790 2066 1831 Asiaticis

1180 1856 1319 1907 dedit,
1353 1856 1415 1895 ita
1447 1860 1681 1907 corruptus
1714 1861 1796 1905 est,
1817 1861 1866 1895 ut
1891 1854 2069 1895 consilia

1181 1918 1416 1971 prodendae
1451 1918 1606 1971 patriae
1641 1931 1737 1958 cum
1777 1931 1879 1970 rege
1912 1919 2067 1958 Persa-

1182 1996 1276 2024 rum
1296 1984 1437 2023 iniret.
1493 1983 1582 2023 Hic
1604 1984 1858 2033 Pausanias,
1877 1996 1974 2023 cum
1996 1983 2070 2023 ad-

1181 2059 1329 2087 versus
1342 2046 1536 2087 Xerxem
1555 2047 1787 2087 Persarum
1805 2060 1947 2098 regem
1964 2060 2069 2099 opu-

1182 2111 1463 2151 lentissimum
1509 2112 1679 2163 missus,
1738 2113 1893 2152 multas
1912 2118 2071 2165 ”atque

1184 2175 1415 2227 praeclaras
1436 2174 1536 2215 inde
1557 2175 1760 2216 victorias
1779 2176 2013 2227 retulisset,
2027 2182 2074 2217 et

1185 2238 1412 2290 plurimum
1432 2238 1688 2279 incrementi
1723 2240 2073 2280 Lacedaemonio·

1185 2314 1278 2342 rum
1298 2301 1534 2354 adjecisset
1552 2302 1745 2353 imperio,
1764 2303 1919 2342 sensim
1942 2303 2074 2343 vitam

1187 2376 1306 2404 suam
1326 2365 1368 2404 in
1397 2375 1533 2403 mores
1568 2364 1786 2406 Asiaticos
1814 2366 1901 2405 labi
1918 2367 2074 2418 permi-

1188 2428 1259 2468 sit.
1320 2427 1491 2467 Deinde
1513 2440 1563 2467 eo
1585 2441 1720 2480 usque.
1753 2430 1964 2480 processit
1991 2442 2077 2482 res,

1188 2497 1238 2531 ut
1256 2503 1351 2531 cum
1371 2491 1518 2530 Xerxe
1552 2491 1613 2530 ita
1648 2493 1915 2545 conveniret,
1948 2506 1994 2533 se
2015 2492 2077 2538 illi

1188 2554 1416 2606 imperium
1460 2553 1886 2595 Lacedaemoniorum
1933 2556 2077 2608 prodi-

1191 2624 1333 2658 turum
1354 2630 1464 2669 esse,
1494 2618 1530 2657 si
1551 2618 1678 2658 filiam
1698 2620 1780 2659 sibi
1798 2620 1841 2659 in
1861 2621 2079 2661 matrimo-

1189 2683 1308 2722 nium
1350 2681 1555 2723 dedisset.
1625 2683 1678 2723 Id
1717 2685 1935 2736 vulgatum
1981 2697 2077 2725 cum

1192 2745 1523 2786 Lacedaemones
1553 2747 1799 2798 rescissent,
1818 2749 2080 2788 Pausaniam

1193 2810 1248 2850 ad
1266 2822 1312 2850 se
1331 2817 1529 2850 vocatum
1546 2810 1691 2850 inedia
1706 2812 1814 2851 mori
1828 2811 2084 2864 coegerunt.

1197 2873 1349 2915 Oliver.

1248 2938 1444 2978 Maximis
1461 2937 1639 2990 operibus
1668 2938 1805 2990 editis]
1850 2939 1932 2980 Qui
1966 2939 2083 2979 Mar-

1195 3001 1368 3042 donium
1393 3008 1608 3053 satrapam
1630 3002 1806 3041 natione
1826 3003 2019 3052 Medum,
2037 3009 2083 3044 et

1195 3066 1429 3104 Persarum
1462 3066 1574 3116 regis
1595 3058 1818 3116 generum,
1848 3078 1973 3105 manu
1995 3065 2083 3106 for-

1198 3137 1284 3170 tem
1305 3137 1350 3170 et
1375 3131 1540 3170 consilii
1557 3130 1743 3181 plenum,
1765 3143 1862 3171 cum
1882 3131 2080 3172 ducentis

1196 3194 1367 3233 milibus
1401 3194 1613 3245 peditum,
1631 3201 1676 3234 et
1698 3195 1851 3246 viginti
1871 3194 2081 3247 equitum,

1196 3257 1309 3296 haud
1330 3258 1391 3297 ita
1410 3265 1563 3308 magna
1585 3270 1712 3297 manu
1733 3257 1847 3309 apud
1869 3257 2082 3298 Plataeam

1202 3319 1322 3359 vicit.
1355 3320 1506 3360 Oliver.

1250 3384 1272 3435 ᾧ
1292 3387 1318 3423 2
1352 3383 1476 3423 Tibioe
1495 3382 1696 3433 concentu]
1728 3381 1865 3421 Autor
1889 3382 2080 3426 historiae

1200 3445 1368 3486 Graecae
1394 3446 1663 3497 gravissimus
1697 3445 1971 3497 Thucydides
2005 3449 2087 3489 La-

1200 3510 1484 3548 cedaemonios
1521 3521 1704 3547 summos
1739 3508 1968 3551 bellatores
2001 3525 2085 3553 non

1202 3582 1408 3611 cornuum
1443 3572 1696 3611 tubarumve
1719 3571 1865 3625 signis,
1887 3573 1962 3615 sed
1984 3576 2082 3616 tibi-
