2346 3996
708 663 1165 731 RECENSUS
1232 670 1662 737 CODICUM
1735 675 1932 740 MSS.

964 876 1307 936 VALERII
1346 880 1672 937 ΜΑΧΙΜῙ

523 1083 638 1128 QUI
665 1085 733 1128 IN
761 1085 1187 1132 BIBLIOTHECIS
1214 1091 1608 1136 BRITANNICIS
1644 1094 2096 1140 ASSERVANTUR·
2158 1118 2161 1121 ¹

892 1464 1099 1520 Codices
1120 1466 1177 1519 in
1204 1465 1387 1522 Museo
1409 1468 1741 1527 Britannice.

468 1575 540 1629 IN
573 1573 832 1631 Biblioth.
852 1576 988 1649 Reg.
1012 1582 1095 1632 est
1119 1579 1301 1633 codex
1323 1582 1619 1637 membran.
1645 1600 1783 1637 saec.
1803 1596 1912 1636 xv.
1937 1581 2226 1638 continens

394 1660 615 1716 Valerii
655 1663 896 1717 Maximi
922 1664 1222 1718 Dictorum
1247 1670 1304 1719 et
1330 1666 1630 1721 Factorum
1669 1669 2114 1723 memorabilium
2156 1668 2225 1721 Ii-

392 1747 525 1801 bros
552 1761 646 1800 1x.
673 1753 729 1801 et
753 1747 1028 1802 decimum
1052 1751 1438 1804 abbreviatum
1463 1769 1562 1821 per
1583 1753 1622 1806 J
1624 1754 1795 1807 ulium
1823 1753 2102 1808 Paridem.

467 1832 539 1885 In
569 1829 826 1886 Biblioth.
854 1832 1019 1887 Harl.
1060 1835 1138 1888 N.
1162 1835 1326 1889 2488.
1365 1836 1490 1889 cod.
1516 1838 1759 1891 chartac.
1785 1838 2067 1892 continens
2103 1837 2222 1892 Va·

392 1917 518 1972 lerii
544 1916 788 1971 Maximi
812 1918 987 1972 libros
1013 1919 1281 1989 quinque.
1357 1920 1611 1991 Scriptus
1648 1921 1887 1976 fortasse
1923 1938 2060 1976 saec.
2087 1935 2223 1974 xlv.

393 2019 521 2057 cum
548 2005 655 2057 sub
679 2003 843 2058 finem
866 2005 1114 2075 legatur:
1153 2010 1170 2034 ‘
1188 2005 1426 2076 Emptus
1463 2024 1564 2076 per
1605 2024 1694 2062 me
1735 2006 1774 2061 J
1777 2023 2011 2060 oannem
2036 2005 2219 2071 Keck,

389 2090 493 2143 διο.
547 2088 607 2142 in
644 2089 836 2144 medio
880 2091 1010 2144 anni
1035 2090 1214 2146 1441.’
1287 2091 1500 2145 Paucae
1546 2091 1737 2146 insunt
1776 2091 1983 2145 notulae
2020 2091 2220 2160 margi-

387 2172 566 2227 nales,

463 2257 542 2312 N.
566 2257 728 2312 2504.
749 2263 837 2313 est
862 2258 990 2313 cod.
1015 2259 1257 2313 chartac.
1282 2258 1495 2314 Valerii
1516 2258 1777 2326 Maximi,
1797 2275 1932 2314 saec.
1958 2273 2067 2313 xv.
2090 2275 2218 2313 cum

393 2348 668 2413 perpetuo
696 2344 1120 2409 commentari0‚
1148 2345 1269 2399 sine
1293 2349 1428 2398 nott.
1456 2351 1515 2399 et
1540 2346 1708 2414 gloss.
2259 2401 2263 2407 ,

461 2428 540 2482 Ν.
564 2428 728 2483 2759.
766 2430 949 2483 codex
984 2434 1068 2483 est
1106 2428 1326 2483 Valerii
1368 2430 1608 2484 Maximi
1645 2432 1942 2484 membran.
1979 2429 2215 2488 illumin.

388 2529 524 2567 saec.
552 2527 663 2568 xv.
687 2530 814 2569 cum
840 2516 1041 2586 amplis
1065 2516 1454 2585 marginalibus
1489 2516 1640 2570 notis
1683 2520 1737 2569 et
1775 2517 1969 2585 glossa
2006 2515 2215 2569 interli-

385 2613 558 2653 nean.

462 2683 539 2736 N.
564 2683 726 2738 2774.
764 2685 888 2738 cod.
914 2683 1131 2738 Valerii
1164 2683 1410 2738 Maximi
1451 2686 1751 2738 membran.
1793 2700 1926 2738 saec.
1954 2698 2059 2737 xv.
2103 2684 2213 2736 ele-

387 2771 576 2837 ganter
601 2768 846 2838 scriptus
884 2773 940 2822 et
973 2769 1328 2822 illuminatuS.
1400 2768 1519 2821 Sub
1544 2771 1659 2823 init.
1703 2768 1827 2823 ‘28.
1853 2769 1963 2823 Die
1989 2768 2212 2822 Mensis

385 2851 647 2922 Augusti.
672 2852 744 2906 A.
765 2854 838 2908 D.
864 2851 1043 2907 1474?

458 2938 538 2993 Ν.
561 2938 724 2992 2779.
749 2937 875 2991 cod.
902 2936 1118 2991 Valerii
1162 2937 1405 2991 Maximi
1448 2938 1747 2992 membran.
1781 2954 1916 2993 saec.
1943 2951 2082 2993 xlv.
2119 2938 2210 2993 vel

389 3037 499 3077 xv.
525 3023 701 3077 nitide
723 3023 991 3092 scriptuS,
1017 3040 1147 3076 cum
1171 3024 1368 3092 paucis
1393 3024 1556 3076 notiS.

457 3108 607 3162 Haec
632 3107 813 3178 Regia
838 3108 1112 3162 Collectio
1137 3125 1243 3162 sex
1282 3109 1425 3162 alios
1465 3109 1688 3162 codices
1712 3108 1925 3163 Valerii
1965 3106 2207 3162 Maximi

382 3193 598 3249 retinet.

1018 3289 1226 3344 Codices
1257 3289 1577 3344 oxoniense&

456 3406 525 3459 In
551 3403 804 3458 Biblioth.
831 3403 990 3457 Bodl.
1017 3404 1144 3457 cod.
1171 3403 1389 3458 Valerii
1415 3402 1657 3457 Maximi
1680 3401 1979 3455 membran.
1999 3399 2203 3469 grande

387 3491 650 3545 volumen
675 3491 732 3543 in
759 3490 855 3543 fol.
895 3489 1100 3558 Incipit
1130 3488 1296 3542 Liber
1316 3493 1548 3557 quartus
1587 3487 1655 3540 dc
1697 3485 1884 3540 Dictis
1918 3491 1976 3539 et
2014 3485 2203 3539 Factis
