2288 3990
369 287 508 340 1042

368 427 448 468 per
460 416 750 467 exploratores
758 414 1050 468 comperisset,
1058 415 1235 469 perinde

367 478 506 518 omnia
524 479 662 518 soluta
677 478 788 529 apud
806 478 962 530 hostes,
989 490 1040 519 ac
1058 479 1094 520 si
1111 491 1236 520 nemo

368 541 582 581 Romanus
601 541 641 579 in
657 540 826 580 Samnio
845 546 974 593 esset,
1005 554 1080 583 seu
1114 541 1235 582 ferox

369 603 616 642 adolescens
626 602 880 654 indignitate
892 615 1114 656 accensus,
1124 604 1236 657 quod

369 665 510 706 omnia
538 664 842 705 inDictatore
879 665 1135 707 viderentur
1170 679 1235 707 re-

368 727 508 779 posita
524 739 631 778 esse,
657 738 731 767 seu
762 728 982 769 occasione
1016 729 1128 770 bene
1162 741 1236 781 ge-

367 790 512 830 rendae
533 790 595 830 rei
613 790 783 842 ductus,
799 792 992 833 exercitu
1023 793 1237 835 instructo

368 858 621 906 paratoque,
649 853 866 906 profectus
882 855 934 896 ad
955 856 1112 906 hostes,
1136 868 1237 896 con·

367 914 494 956 flixit.
561 917 626 956 Ea
661 916 831 958 fortuna
868 931 1022 972 pugnae
1048 918 1148 970 fuit,
1188 924 1238 959 nt

366 979 471 1019 nihil
507 971 702 1020 relictum
738 980 809 1032 sit,
845 994 928 1035 quo
971 982 1006 1022 si
1049 979 1238 1022 affuisset

367 1041 585 1091 Dictator,
614 1053 683 1083 res
711 1042 862 1083 melius
893 1044 985 1095 geri
1022 1044 1237 1096 potnerit:

367 1116 453 1144 non
471 1104 583 1145 enim
603 1105 689 1144 dux
707 1105 846 1156 militi,
875 1117 955 1147 nec
989 1107 1110 1146 miles
1139 1105 1240 1146 duci

368 1165 526 1218 defuit,
553 1167 705 1220 viginti
722 1168 855 1208 millia
872 1169 1054 1209 hostium
1069 1181 1122 1209 ea
1135 1180 1241 1221 pug-

368 1241 424 1269 na
442 1243 552 1270 caesa
568 1230 783 1272 dicuntur.
839 1230 965 1273 Quod
996 1230 1067 1271 ubi
1094 1231 1240 1271 Romae

368 1293 584 1345 cognitum
615 1299 698 1344 est,
738 1293 924 1334 dictator
953 1293 1148 1334 incensus
1179 1292 1243 1332 ira

368 1354 484 1395 redit
497 1354 540 1395 in
560 1361 718 1407 castra,
748 1355 927 1396 Fabium
957 1355 1090 1396 acciri
1116 1352 1244 1406 jubet

366 1419 641 1472 spoliatique,
668 1426 716 1460 ut
735 1419 789 1460 de
809 1420 900 1478 illo⁸
917 1425 1106 1461 sumeret
1142 1432 1242 1472 sup·

368 1482 574 1533 plicium;
603 1482 777 1534 milites,
795 1483 969 1536 rejectis
1001 1483 1243 1536 lictoribus,

367 1544 547 1586 Fabium
595 1550 806 1589 tutantur.
872 1546 1056 1601 Jamque
1090 1547 1243 1587 seditio

367 1606 551 1646 maxima
566 1608 817 1660 apparebat,
831 1609 906 1649 sed
923 1621 1009 1649 nox
1025 1621 1119 1649 eam
1131 1609 1243 1650 dire·

368 1669 463 1711 mit.
517 1670 673 1710 Fabius
698 1673 866 1712 interea
896 1673 1073 1713 Romam
1099 1672 1243 1726 profu-

371 1731 449 1784 git,
475 1737 520 1774 et
537 1736 712 1773 auctore
738 1740 862 1786 patre
892 1734 1007 1787 apud
1038 1736 1243 1776 Senatum

370 1795 426 1835 de
472 1795 630 1847 injuria
674 1795 913 1838 Dictatoris
953 1798 1244 1853 conqueritur,

370 1857 542 1899 demum
560 1859 888 1911 superveniente
907 1859 1151 1911 Dictatore,
1171 1861 1244 1911 tri-

370 1921 578 1961 hunorum
598 1922 783 1962 omnium
805 1933 856 1963 ac
885 1922 1032 1975 populi
1063 1922 1243 1963 Romani

369 1982 498 2024 fidem
523 1984 754 2035 implorat;
781 1996 865 2037 qua
883 1984 986 2024 nihil
1004 1984 1084 2025 sibi
1116 1984 1242 2037 profi-

370 2047 529 2099 ciente,
546 2045 786 2088 fluctuabat
799 2049 894 2101 ejus
912 2049 1016 2101 vita,
1032 2050 1112 2090 nisi
1131 2049 1245 2103 quod

368 2111 552 2162 populus
571 2109 626 2150 ad
654 2122 805 2162 preces
837 2116 884 2152 et
914 2112 1247 2153 obtestationem

370 2182 613 2222 conversus,
654 2177 704 2213 ut
739 2172 819 2213 sibi
851 2185 1019 2225 poenam
1055 2174 1247 2226 magistri

370 2234 562 2287 equitum
580 2234 782 2276 Dictator
802 2236 1056 2287 remitteret,
1086 2236 1246 2277 tribuni

371 2309 539 2350 quoque
558 2297 804 2337 inclinatam
825 2308 915 2337 rem
925 2297 970 2337 in
983 2309 1133 2350 preces
1148 2299 1246 2339 sub-

370 2361 524 2413 secuti,
562 2372 686 2401 orare
720 2361 995 2401 Dictatorem
1029 2361 1248 2411 insistunt,

369 2428 420 2464 ut
439 2424 604 2464 veniam
622 2422 758 2463 errori
788 2423 972 2463 humano
1000 2422 1246 2463 adolescen-

371 2486 442 2526 tiae
475 2486 531 2530 Q.
565 2486 685 2527 Fabii
717 2486 908 2526 Rulliani
942 2484 1098 2536 daret;
1141 2485 1247 2526 satis

371 2561 467 2589 eum
514 2561 736 2601 poenarum
781 2548 963 2590 dedisse.
1019 2549 1116 2591 Jam
1153 2549 1247 2600 ipse

372 2610 634 2661 adolescens,
642 2612 736 2664 jam
751 2616 875 2663 pater
885 2611 950 2652 M.
964 2611 1136 2661 Fabiae,
1147 2622 1246 2650 con·

370 2675 574 2716 tentionis
593 2675 731 2727 obliti,
746 2674 1022 2727 procumbere
1037 2674 1092 2714 ad
1107 2685 1247 2725 genua

372 2742 418 2778 et
436 2738 542 2778 iram
566 2737 792 2790 deprecari
819 2736 1072 2778 Dictatoris.
1127 2736 1246 2775 Tunc

370 2800 590 2852 Dictator,
618 2800 791 2840 silentio
814 2799 946 2851 facto,
966 2799 1086 2839 Bene
1104 2797 1249 2849 habet,

372 2865 580 2915 Quirites,
619 2864 724 2905 vicit
768 2863 996 2916 disciplina
1040 2861 1250 2913 militaris,

370 2927 478 2968 vicit.
496 2927 662 2980 imperii
679 2926 900 2978 majestas,
919 2936 1002 2966 non
1020 2936 1144 2965 noxae
1160 2924 1248 2964 exi·

371 2992 501 3031 mitur
519 2991 573 3033 Q.
593 2989 764 3041 Fabius,
789 2989 865 3042 qui
890 2994 1042 3030 contra
1058 2986 1248 3027 edictum

372 3053 649 3107 Imperatoris
665 3053 887 3106 pugnavit,
901 3051 977 3092 sed
992 3063 1113 3091 noxae
1131 3050 1248 3090 dam-

372 3123 501 3158 natus
516 3117 698 3158 donatur
715 3116 875 3168 populo
893 3117 1102 3165 Romano,
1121 3113 1248 3154 dona·

373 3185 445 3220 tur
475 3178 711 3220 tribunitiae
750 3177 957 3230 potestati
995 3176 1252 3228 precarium,

372 3252 458 3282 non
467 3241 631 3293 justum
660 3240 863 3291 auxilium
891 3238 1062 3280 ferenti.
1119 3238 1250 3279 Olive-

372 3316 471 3344 rius.

430 3368 483 3413 Q.
518 3366 666 3406 Fabius
702 3363 930 3416 Rullianus]
957 3363 1044 3404 Alii
1077 3363 1249 3403 Rutilia-

375 3442 462 3480 πω,
492 3429 618 3469 male.
677 3427 935 3468 Plutarchus
973 3426 1017 3467 in
1046 3425 1179 3465 Fabio
1206 3429 1252 3464 et

378 3491 516 3544 Pomp.
533 3491 695 3531 Rullum
714 3489 932 3543 appellat3
958 3488 1070 3542 quod
1097 3498 1253 3527 nomen

943 298 1120 338 NOTAE
1165 298 1491 341 vAmoRuM
1533 301 1599 341 IN

1295 416 1442 459 Romae
1462 417 1667 470 ignotum.
1723 418 1773 459 In
1792 419 1930 461 veteri
1952 419 2169 461 Glossario

1295 480 1522 531 exponitur
1551 482 1707 534 Rullus,
1727 482 1961 535 mendicus,
1985 482 2170 535 ἀγύρτης.

1298 543 1468 584 Celer-us.

1346 605 1608 658 Samnitibus]
1627 607 1851 661 Samnites,
1867 606 2102 655 Samnium,
2121 610 2168 645 et

1296 668 1564 720 Samnitium,
1594 669 1739 721 populi
1778 675 1824 710 et
1857 669 1972 720 regio
2010 667 2170 717 Italiae,

1296 731 1410 783 apud
1442 731 1624 781 Livium,
1659 732 1932 783 Strabonem,
1971 736 2016 771 et
2053 731 2173 770 alios.

1296 796 1493 837 Ducatus
1507 797 1836 837 Beneventanus
1851 802 2001 848 postea
2016 795 2172 835 dictus.

1296 859 1472 900 Abruzzo
1493 860 1618 900 hodie
1647 860 1748 911 dici,
1778 871 1833 900 ex
1866 859 2097 900 Sanfelicio
2127 865 2173 898 et

1297 922 1493 963 Leandro
1512 922 1724 963 docemur.
1778 922 1990 964 Samnites
2006 921 2172 962 medios

1298 997 1392 1026 esse
1413 986 1526 1026 inter
1554 986 1776 1037 Picenum,
1812 985 2103 1037 Campaniam,
2129 989 2175 1024 et

1299 1047 1517 1100 Apuliam,
1548 1049 1669 1089 testis
1695 1055 1760 1089 est
1779 1047 2013 1100 Eutropius
2031 1046 2105 1088 lib.
2125 1058 2177 1086 ιι.

1300 1111 1531 1152 centesimo
1551 1110 1644 1151 fere
1664 1118 1710 1151 et
1726 1110 1938 1152 tricesimo
1954 1108 2104 1149 miliari
2121 1109 2176 1149 ab

1300 1174 1431 1215 Urbe.
1486 1174 1659 1215 Vicinos
1679 1172 2003 1214 Privernatibus
2031 1170 2180 1212 scribit

1302 1236 1445 1276 LivIus
1475 1236 1550 1277 lib.
1575 1247 1681 1276 vm.
1709 1234 1868 1276 Strabo
1898 1233 2006 1275 dicit
2030 1244 2178 1274 eorum

1303 1298 1507 1350 quosdam
1525 1298 1751 1338 Pitanates
1777 1302 1964 1337 vocatos.
2020 1296 2180 1336 Diaco-

1302 1371 1380 1399 nus
1416 1359 1604 1412 Longob.
1635 1371 1698 1400 1v.
1734 1358 1958 1404 Decimam
1985 1365 2176 1410 quartam

1303 1421 1522 1474 regionem
1540 1422 1680 1463 Italiae
1711 1421 1779 1462 his
1809 1420 2032 1462 adscribit.
2062 1423 2180 1462 Oru-

1304 1484 1395 1524 lius.
2127 1507 2129 1510 ⁴

1360 1545 1594 1597 Nobilitate]
1622 1547 1688 1587 De
1705 1551 1834 1599 gente
1866 1546 2058 1599 Papyria
2085 1546 2179 1586 Cic.

1305 1610 1446 1661 Epist.
1471 1609 1591 1649 Fam.
1609 1609 1684 1650 lib.
1704 1621 1770 1651 rx.
1796 1609 1992 1662 Epistola
2011 1608 2063 1649 ad
2080 1609 2178 1649 Pae-

1305 1677 1394 1712 tum
1411 1686 1421 1712 :
1441 1673 1453 1694 ‘
1465 1671 1686 1723 Tandem,'
1700 1671 1857 1724 inquit,
1873 1672 1887 1695 ‘
1903 1671 2087 1712 insanire
2100 1670 2181 1711 tibi

1305 1735 1477 1786 videris,
1494 1735 1552 1774 ita
1567 1734 1722 1787 inquit,
1737 1735 1814 1775 sed
1829 1739 1987 1785 tamen,
2008 1733 2063 1774 mi
2084 1734 2180 1789 Ρω-

1305 1802 1365 1848 te,
1378 1797 1478 1850 quid
1500 1796 1580 1837 tibi
1600 1797 1720 1838 venit
1738 1798 1780 1838 in
1800 1803 2002 1847 mentem,
2021 1807 2180 1848 negare

1305 1861 1540 1912 Papyriurn
1585 1872 1823 1913 quenquam
1854 1860 1936 1900 nisi
1970 1859 2182 1912 plebeium

1304 1921 1438 1962 fuisse
1455 1933 1638 1975 unquam
1657 1923 1672 1961 ἓ
1696 1921 1872 1963 fuerunt
1885 1921 1998 1962 enim
2018 1920 2183 1974 patritii

1305 1985 1514 2025 minorum
1542 1985 1745 2036 gentium,
1773 1997 1948 2037 qnorum
1980 1983 2182 2036 princeps

1308 2050 1360 2089 L.
1390 2047 1603 2100 Papyrius
1636 2047 1894 2100 Mugilanus,
1923 2049 1995 2101 qui
2025 2047 2183 2088 Consul

1308 2124 1402 2153 cum
1416 2112 1464 2151 L.
1483 2110 1736 2162 Sempronio
1749 2109 1954 2152 Atracino
1967 2108 2068 2159 fuit,
2085 2121 2182 2149 cnm

1310 2180 1410 2215 ante
1431 2175 1590 2215 Censor
1605 2185 1701 2214 cum
1721 2173 1871 2214 eodem
1897 2172 2047 2213 fuisset
2062 2171 2182 2212 annis

1311 2245 1406 2292 post
1433 2240 1610 2279 Romam
1625 2238 1839 2280 conditam
1858 2238 2065 2279 trecentis
2075 2235 2185 2277 ιιι]

1312 2303 1462 2343 Oliver.

1369 2366 1514 2416 Vir-gas
1548 2364 1748 2416 expediri]
1790 2364 1844 2405 Id
1882 2367 1965 2416 est,
1994 2361 2184 2404 fascibus

1308 2428 1464 2469 evolvi.

1361 2492 1562 2532 Lis-torum
1580 2490 1801 2531 verberibus
1818 2489 2062 2541 lacerandus]
2079 2488 2186 2528 Per-

1309 2554 1455 2606 placet
1491 2553 1742 2605 Campensis
1768 2552 1878 2592 vlibri
1912 2552 2006 2592 haec
2043 2550 2186 2590 lectio.

1309 2617 1478 2667 Vulgo:
1498 2616 1677 2656 lictor-um
1699 2627 1742 2656 se
1771 2613 1993 2655 verberibus
2012 2613 2186 2653 laceran-

1308 2679 1399 2718 dum
1415 2677 1596 2729 proebuit.
1653 2677 1754 2718 Non
1773 2677 1886 2716 enim
1909 2687 1955 2715 se
1987 2673 2187 2727 praebust,

1309 2739 1384 2779 sed
1404 2745 1633 2791 antequam
1651 2739 1920 2791 spoliaretur,
1937 2751 1963 2778 a
1991 2737 2186 2778 manibus

1310 2801 1477 2854 effugit.
1509 2802 1690 2851 Pighius.

1364 2864 1534 2905 Nodosis
1551 2863 1710 2915 ictibus]
1734 2863 1914 2904 Scilicet
1930 2861 2160 2915 virgarum.

1364 2927 1555 2967 Precibus
1571 2926 1708 2967 deinde
1737 2926 1818 2967 suis
1845 2923 2060 2976 exercitus]
2089 2924 2186 2963 Me-

1310 2989 1394 3030 lius
1429 2989 1523 3035 suis,
1556 3001 1640 3029 non
1668 2988 1746 3039 sui,
1774 2994 1822 3029 ut
1852 2993 1919 3028 est
1951 2987 1994 3027 in
2031 2985 2186 3027 Atreb.

1311 3051 1539 3092 Exercitus
1560 3050 1672 3091 enim
1690 3050 1950 3100 intercessit,
1974 3046 2188 3101 precibus-

1312 3125 1413 3167 que,
1431 3113 1530 3153 dum
1549 3125 1596 3154 se
1615 3113 1827 3165 supplicio
1845 3115 2096 3164 opponeret,
2115 3119 2185 3148 oc·

1312 3177 1523 3218 casionem
1543 3175 1733 3228 fugiendi
1749 3173 1884 3215 Fabio
1902 3172 2036 3213 dedit.
2072 3170 2186 3210 Vide

1313 3239 1480 3281 Livium
1494 3238 1680 3279 lib.v111.
1695 3237 1768 3291 qui
1781 3237 1873 3277 baec
1888 3233 2187 3287 pulcherrime.

1363 3363 1432 3405 Ad
1451 3363 1634 3415 populum
1660 3358 1860 3412 devocare]
1885 3358 2027 3399 Penes
2059 3369 2187 3411 quem

1314 3437 1513 3478 suprema
1531 3431 1623 3464 erat
1638 3428 1846 3476 potestas.
1877 3422 1994 3473 Lege
2012 3420 2188 3461 Valeria

1315 3492 1502 3539 cautum,
1530 3497 1584 3526 ne
1608 3486 1702 3539 quis
1732 3484 1862 3525 ullum
1889 3482 2188 3535 magistratum
