2346 3996
608 250 867 292 mur-,ml
907 248 1151 288 MAxnul
1193 248 1310 288 Lis.
1342 249 1475 290 vm.
1514 250 1648 289 car.
1674 236 1725 290 ’7.

260 376 462 424 reditatc,
479 371 736 427 provinciam
771 370 951 423 populus
980 370 1136 410 Roma·

255 453 336 482 nus
351 452 432 492 non
446 436 615 491 quidem
631 435 764 484 bello,
781 445 861 474 nec
877 433 1022 484 armis,
1041 432 1135 482 sed,

256 502 371 557 quod
392 506 457 542 est
488 499 663 552 aequius,
684 498 927 539 testamenti
953 494 1053 548 jure
1073 507 1137 535 re-

253 565 435 607 tinebat.
491 562 576 604 Sed
597 563 706 602 hanc
738 559 913 601 difficile
927 559 1046 599 dictu
1066 565 1134 599 est

252 632 395 674 utrum
421 626 586 667 facilius
615 623 806 664 amiserit
836 623 1017 675 populus
1047 621 1132 662 Ro-

251 702 418 742 manus,
436 701 490 730 an
509 687 856 740 recuperaverit:
899 699 996 726 uam
1017 685 1133 726 Aris-

253 754 422 797 tonicus
443 754 546 805 regii
568 752 786 804 sanguinis
809 750 930 791 ferox
944 751 1132 804 juvenis,

246 819 380 860 armis
425 817 688 871 provinciam
722 815 893 866 invasit,
929 815 1131 855 adversus

252 893 378 936 quem
408 882 545 935 primo
578 879 751 934 quidem
784 879 933 919 missus
953 878 1036 920 fuit
1061 878 1132 921 hic

247 944 431 988 Publius
448 946 639 997 Crassus,
660 944 731 997 qui
748 944 885 984 victus
903 949 949 985 et
964 950 1132 998 captus,

250 1009 351 1050 dnm
388 1009 632 1058 duceretur,
665 1007 825 1059 virgam
858 1019 943 1060 qua
971 1020 1129 1062 equum

248 1071 444 1127 regebat,
479 1058 524 1111 in
569 1071 739 1110 oculum
783 1069 956 1111 barbari
1002 1072 1126 1114 unius

245 1135 423 1186 direxit,
437 1135 507 1188 qni
525 1135 564 1175 vi
577 1134 736 1175 doloris
750 1146 967 1188 accensus,
983 1135 1127 1178 Crassi

243 1201 359 1242 latus
378 1200 464 1240 sica
482 1197 688 1239 confodit.
721 1198 870 1239 Oliver.

297 1261 350 1303 In
381 1262 550 1315 quinque
585 1261 750 1302 divisam
788 1262 954 1315 genera]
1007 1263 1123 1305 Satis

244 1329 417 1370 constat
451 1324 639 1379 quinque
670 1325 923 1366 Graecorum
955 1325 1123 1379 linguas

245 1401 356 1441 esse,
404 1389 613 1438 Ionicam,
658 1388 875 1440 Doricam,
917 1388 1122 1444 Atticam,

242 1452 462 1505 AEolicam,
476 1457 520 1494 et
538 1464 819 1493 communem.
852 1453 1005 1496 Oliver.

296 1518 366 1570 §⁷
393 1514 579 1567 Roscius]
625 1516 732 1556 Eam
765 1516 943 1568 gloriam
973 1530 1122 1560 conse·

240 1586 382 1633 cutus,
418 1587 467 1621 ut
513 1580 756 1633 quicunque
799 1580 843 1620 in
875 1580 1123 1628 histrionica

239 1644 492 1696 excelleret,
508 1644 543 1684 is
561 1643 742 1684 Roscius
758 1643 987 1694 diceretur,
1007 1651 1120 1687 teste

239 1708 449 1748 Cicerone
477 1706 532 1746 de
550 1707 754 1756 Oratore,
772 1707 845 1747 lib.
865 1719 897 1748 1.
918 1708 991 1749 ubi
1008 1709 1119 1752 huuc

240 1770 440 1813 Roscium
460 1769 638 1810 mirifice
657 1770 817 1811 laudat.
847 1771 998 1813 Oliver.

289 1834 409 1882 ExT.
456 1835 478 1887 ς
501 1838 522 1874 1
551 1833 849 1886 Demosthenes]
892 1835 1118 1878 Juvenalis

234 1897 328 1939 Sat·
360 1908 405 1939 x.
437 1897 501 1938 ita
533 1895 669 1938 refert
704 1897 758 1938 de
792 1899 1114 1943 Demosthenez

232 1963 246 1985 ⁸
264 1960 406 2004 Quem
423 1967 549 2014 pater
562 1960 754 2002 ardentis
769 1973 918 2002 massae
937 1961 1115 2017 fuligine

233 2026 394 2082 lippus,
413 2024 454 2066 A
468 2025 654 2082 carbone
669 2031 715 2066 et
746 2025 1002 2080 forcipibuS,
1027 2029 1114 2081 gla-

230 2089 412 2144 diosque
456 2094 636 2143 parante
681 2089 864 2141 Incude,
907 2096 954 2132 et
998 2091 1115 2134 luteo

229 2153 441 2205 Vulcano,
467 2154 523 2194 ad
553 2154 726 2194 rhetora
742 2152 888 2194 misit!
943 2155 1014 2196 De
1031 2156 1114 2197 hoc

229 2215 520 2270 Demosthene
538 2229 563 2257 a
596 2217 821 2269 Cicerone,
837 2230 864 2258 a
884 2218 1112 2260 Quintilia-

230 2292 303 2332 no,
333 2293 360 2322 a
391 2280 551 2331 Gellio,
587 2279 818 2333 multisque
852 2281 944 2321 aliis
975 2283 1110 2324 multa

227 2342 478 2395 referuntur
493 2344 547 2385 de
561 2344 799 2395 nativitate,
815 2344 868 2385 de
883 2345 1110 2398 industria,

228 2406 285 2448 de
305 2414 413 2460 arte,
431 2408 487 2449 de
503 2413 594 2448 tota
609 2409 711 2448 vita.
746 2409 847 2449 Fuit
864 2409 977 2450 enim
999 2410 1108 2452 Ora·

224 2477 364 2525 torum
379 2474 566 2514 omnium
581 2472 834 2524 Graecorum
849 2472 977 2514 facile
991 2475 1107 2527 priu-

226 2547 348 2589 ceps,
364 2537 438 2590 qui
458 2536 499 2579 in
521 2537 874 2589 pronunciatione
893 2550 1104 2581 summum

222 2594 450 2651 artificium
464 2600 716 2654 reponebat.
772 2601 858 2642 Hic
871 2603 1005 2649 multa
1019 2604 1103 2646 sibi

224 2677 251 2708 ι
269 2670 422 2712 natura
440 2665 655 2717 denegata
667 2664 808 2711 studio
826 2672 871 2707 et
889 2666 1103 2717 industria

218 2729 501 2782 comparavit.
555 2729 741 2771 Primam
776 2730 1100 2772 Rhetoricesli-

219 2796 354 2834 teram
367 2793 642 2845 pronuntiare
655 2805 738 2833 non
753 2794 940 2837 valebat.
971 2795 1098 2837 Hanc

212 2846 376 2908 lapillis
395 2855 459 2898 ori
487 2855 722 2901 inserendis
750 2856 994 2903 facillimam
1025 2871 1097 2900 ex·

216 2918 438 2970 pressione
473 2918 675 2960 reddidit.
730 2921 940 2965 Exilitate
977 2923 1095 2964 vocis

214 2979 592 3033 laborabat;brevi
608 2981 766 3036 effecit,
783 2990 832 3024 ut
850 2986 1094 3033 auditorum

213 3043 388 3086 auribus
407 3045 683 3088 vehementer
700 3045 934 3100 insonaret,
949 3048 1094 3091 fieret-

215 3120 300 3162 que
312 3114 435 3162 grata
449 3109 794 3164 omuibus,atque
809 3113 974 3164 suavis;
986 3116 1092 3155 mul-

192 3175 345 3226 &taque
358 3175 438 3217 alia
459 3181 623 3217 naturae
642 3176 749 3216 vitia
762 3179 954 3220 correxit
969 3186 1090 3222 tanto

212 3239 354 3280 studio
384 3246 432 3281 et
457 3239 685 3292 industria,
703 3247 751 3282 ut
781 3255 876 3284 cum
910 3245 1001 3298 ipsa
1019 3258 1090 3287 na-

213 3304 312 3341 tura
347 3313 558 3354 pugnasse
603 3305 913 3357 quodammodo
951 3309 1088 3350 videri

211 3365 360 3417 possit.
412 3367 628 3418 Habuisse
652 3368 767 3411 domi
786 3373 1005 3423 speculum
1025 3376 1086 3415 in-

212 3440 316 3481 gens
335 3429 509 3482 dicitur,
522 3432 575 3473 ad
590 3433 703 3486 quod
718 3435 904 3488 seipsum
919 3438 1085 3490 videns,

212 3500 379 3547 gestum
406 3494 623 3539 formaret.
689 3499 819 3554 Quid,
852 3503 963 3556 quod
1004 3504 1085 3546 sibi

1937 238 2075 293 1291

1195 367 1311 408 domi
1342 368 1481 409 locum
1502 368 1826 409 subterraneum
1852 373 2075 409 construx-

1198 431 1279 471 isse
1301 430 1461 484 ferunt,
1480 432 1523 471 in
1543 444 1668 485 quem
1690 443 1768 483 per
1785 430 1972 483 singulos
1987 433 2078 473 dies

1195 494 1269 535 ille
1307 496 1589 549 descendens,
1618 501 1783 549 gestum
1825 508 1876 536 ac
1914 503 2076 537 motum

1197 560 1389 611 corporis
1422 559 1625 611 fingebat,
1656 570 1891 611 vocemque
1909 561 2076 599 exerci-

1196 622 1347 663 tabat?
1402 624 1530 676 Saepe
1569 623 1698 663 etiam
1736 622 1844 662 dnos
1888 623 1956 663 vel
1986 629 2076 663 tres

1193 697 1378 737 menses,
1408 692 1456 726 nt
1476 685 1612 726 refert
1631 685 1909 737 Plutarchus,
1941 689 2076 728 conti·

1193 761 1279 789 nuo
1297 749 1412 790 domi
1431 750 1615 790 inclusus
1634 762 1717 789 non
1729 750 1939 803 cessabat,
1955 751 2075 793 abra-

1194 825 1240 853 sa
1259 818 1384 865 parte
1405 813 1619 866 capillitii,
1633 819 1679 853 ut
1700 815 1884 855 exeundi
1899 814 2075 857 faculta-

1194 880 1281 914 tem
1301 875 1384 915 sibi
1415 875 1500 928 ipsi
1533 876 1791 928 praeriperet
1802 893 1815 929 3
1854 875 2085 920 sermones

1191 937 1383 991 insuper,
1416 945 1462 978 et
1487 939 1660 990 negotia
1688 937 1793 979 foris
1820 941 1987 992 agitata
2018 944 2071 982 ad

1190 1000 1378 1042 studium
1403 1001 1635 1053 referebat,
1666 1003 1881 1056 multaque
1911 1005 1994 1045 alia
2010 1004 2073 1045 fa-

1190 1064 1350 1106 ciebat.
1407 1066 1474 1105 Ex
1501 1076 1585 1118 quo
1611 1065 1740 1106 facile
1768 1068 2074 1120 cognoscebat,

1189 1141 1236 1170 se
1268 1142 1352 1171 nou
1383 1131 1564 1172 multum
1602 1137 1771 1182 natura,
1802 1138 1847 1172 et
1884 1133 2071 1184 ingenio,

1187 1192 1263 1232 sed
1294 1193 1439 1234 studio
1476 1199 1522 1235 et
1559 1194 1878 1236 exercitatione
1912 1197 2070 1239 valere.

1191 1256 1342 1298 Oliver.

1242 1319 1449 1360 Patientia
1462 1321 1617 1362 duratis
1626 1321 1787 1362 auribus
1797 1323 1840 1362 in
1853 1324 2070 1366 actionibus

1184 1383 1379 1435 uteretur]
1407 1384 1479 1425 Ita
1497 1385 1636 1436 vulgo.
1683 1385 1828 1426 Verba
1846 1387 1888 1427 in
1903 1388 2066 1428 actioni-

1183 1445 1252 1486 bus
1269 1448 1478 1488 Winchel.
1499 1448 1596 1490 cod.
1614 1461 1700 1489 nou
1719 1449 1862 1491 habet.
1908 1451 2066 1505 Itaque

1183 1510 1343 1563 duplex
1363 1518 1430 1552 est
1449 1513 1539 1565 ejus
1557 1513 1643 1553 loci
1667 1513 1826 1564 lectio;
1858 1513 1951 1554 haec
1982 1516 2064 1555 sci-

1185 1574 1287 1614 licet
1315 1575 1629 1628 Wincheliana‚
1672 1577 1868 1630 patientia
1912 1580 2064 1620 duratis

1179 1637 1339 1678 auribus
1354 1643 1541 1691 uteretur,
1559 1653 1642 1681 non
1674 1641 1845 1694 quidem
1874 1649 2063 1683 contem-

1180 1702 1349 1752 nenda;
1381 1715 1525 1743 verum
1548 1705 1684 1744 altera
1703 1717 1790 1745 non
1817 1706 1956 1746 minus
1975 1708 2060 1748 ele-

1179 1775 1304 1816 ganS,
1349 1779 1444 1819 quae
1489 1767 1534 1807 in
1581 1768 1801 1809 codicibus
1848 1770 2063 1824 omnibus,

1178 1828 1355 1882 dempto
1374 1831 1687 1882 Wincheliano,
1708 1833 1948 1885 reperitur:
1990 1848 2059 1886 pa-

1175 1892 1320 1935 tientia
1337 1895 1492 1935 duratis
1507 1896 1725 1937 actionibus
1749 1901 1938 1939 uteretur.
1979 1899 2061 1940 Est

1175 1962 1318 1997 autem
1347 1958 1451 1998 actio
1481 1959 1689 2000 oratorius
1718 1969 1867 2013 gestus
1899 1968 1987 2004 tam
2014 1964 2058 2003 in

1177 2024 1551 2077 pronunciatione,
1584 2039 1709 2080 quam
1730 2033 1849 2068 motu
1868 2029 2058 2082 corporis

1176 2091 1443 2142 consistens;
1473 2099 1618 2145 atque,
1637 2098 1684 2134 ut
1712 2093 1804 2146 ipse
1828 2094 1984 2136 Cicero
2002 2096 2057 2137 de

1175 2153 1363 2195 Oratore
1383 2154 1548 2207 definit,
1569 2156 1691 2209 quasi
1709 2157 1903 2211 corporis
1925 2159 2055 2201 totius

1172 2219 1368 2271 quaedam
1404 2219 1665 2272 eloquentia,
1690 2233 1786 2261 cum
1822 2228 1994 2264 constet
2030 2236 2055 2264 e

1173 2294 1281 2322 voce
1309 2289 1440 2336 atque
1467 2289 1602 2334 motu,
1637 2296 1763 2336 quam
1795 2285 1838 2325 in
1866 2285 2053 2327 dicendo

1172 2357 1299 2385 uuam
1330 2346 1539 2387 dominari
1570 2346 1756 2389 affirmat
1786 2348 1843 2389 de
1863 2349 2051 2396 Oratore

1168 2408 1242 2451 lib.
1260 2421 1329 2451 111.
1358 2411 1483 2452 Tales
1501 2411 1633 2463 igitur
1652 2412 1848 2461 actiones
1868 2414 2053 2457 Demos·

1170 2472 1321 2518 thenes
1339 2473 1553 2526 patientia
1572 2486 1624 2514 ac
1644 2474 1795 2516 labore
1822 2476 1978 2518 durare
1998 2491 2048 2520 ac

1165 2537 1359 2579 stabilire
1393 2538 1544 2591 voluit,
1580 2543 1628 2579 ut
1657 2547 1808 2580 contra
1839 2541 2048 2583 clamores

1164 2614 1215 2643 ac
1234 2601 1428 2644 fremitus
1460 2603 1755 2656 obstrepentis
1784 2607 1933 2659 populi
1948 2619 2049 2648 con·

1164 2672 1331 2707 stantes
1351 2678 1402 2707 ac
1418 2667 1559 2712 firmas
1576 2667 1769 2708 haberet.
1800 2669 1923 2720 Pigh.

1217 2731 1286 2784 §2
1313 2731 1458 2783 Atque,
1487 2732 1575 2784 ξω]
1604 2731 1751 2772 Ionica
1770 2732 2047 2787 Philosophia

1162 2807 1188 2835 a
1206 2796 1386 2836 Thalete
1415 2796 1579 2836 initium
1605 2797 1790 2849 accepit,
1818 2810 1912 2851 quae
1943 2811 2044 2839 vero

1160 2861 1460 2913 cognominata
1473 2861 1721 2903 estItalica:
1737 2863 1827 2916 ejus
1843 2863 2044 2917 princeps

1158 2923 1242 2965 fuit
1272 2926 1543 2978 Pythagoras
1583 2917 1830 2967 Mnesarchi
1864 2929 2039 2969 annulo-

1158 3000 1252 3029 rum
1285 2988 1517 3041 sculptoris
1546 2987 1674 3041 filius,
1693 2996 1742 3030 ut
1771 2991 2042 3043 Hermippus

1157 3052 1234 3104 ait,
1253 3052 1358 3100 sive,
1391 3059 1440 3094 ut
1459 3052 1743 3094 Aristoxenus
1761 3055 1839 3104 ait,
1859 3055 2038 3106 Tyrrhe-

1156 3129 1249 3168 nus,
1265 3128 1319 3157 ex
1337 3129 1420 3162 una
1447 3118 1697 3169 insularum,
1726 3130 1866 3170 quam,
1884 3118 2037 3170 eiectis

1154 3180 1406 3233 Tyrrhenis,
1425 3180 1706 3222 Athenienses
1736 3179 2033 3232 possederunt.

1152 3245 1262 3285 Sunt
1298 3245 1370 3298 qui
1406 3245 1671 3286 Marmacum
1705 3244 1818 3283 illius
1863 3250 2030 3296 patrem

1151 3315 1366 3360 vocatum,
1402 3321 1528 3349 avum
1572 3307 1829 3359 Hsppasum,
1860 3311 2030 3348 atavum

1152 3372 1519 3425 Euthyphronem,
1560 3370 1741 3411 abavum
1789 3369 2030 3422 Cleonium,

1150 3436 1222 3490 qui
1251 3449 1305 3477 ex
1333 3435 1535 3476 Phliunte
1565 3431 1820 3486 profugerit,
1854 3433 1999 3474 dicant
2016 3450 2028 3485 ;

1149 3500 1446 3551 habitasseque
1467 3497 1731 3538 Marmacum
1741 3495 1872 3549 Sami,
1891 3501 2023 3550 atque
