2346 3996
237 2614 253 2625 α
326 2599 630 2639 Marathoniis.

351 294 493 347 1316

345 436 524 476 rumque
557 425 828 476 sententiam,
853 431 979 467 vocat
1007 428 1225 468 sordidum

344 488 533 528 studium
563 494 699 529 artem
730 489 951 540 pingendi.
1005 491 1074 530 Sic
1096 491 1226 532 etiam

342 552 574 592 Clearchus
620 552 891 592 Parrhasium
939 554 1227 606 reprehendit,

341 616 462 668 quasi
482 628 607 656 manu
627 615 840 655 sordidum
862 628 968 668 opus
986 615 1228 671 facientem,

341 685 386 720 et
417 679 675 732 penicillum,
705 685 972 731 cestrum,et
1002 682 1224 723 viriculum

340 749 616 795 tractantem,
631 750 678 785 ut
697 757 750 784 ex
768 758 821 786 eo
842 745 979 787 refert
990 746 1225 789 Athenaeus

340 809 418 849 lib.
439 820 519 849 xv.
551 809 682 851 Coler.

392 873 572 926 Phidioe]
601 873 751 915 Cicero
773 875 947 916 Tuscul.
963 877 1129 919 Quaest.
1149 877 1223 918 lib.

336 947 368 976 1.
425 935 542 979 Quid
563 937 677 977 enim
709 938 916 978 Phidias?
957 940 1021 979 sui
1041 940 1222 981 similem

338 1001 530 1053 speciem
561 1002 738 1042 inclusit
757 1002 799 1042 in
821 1003 975 1054 clypeo
995 1004 1223 1055 Minervae,

335 1076 435 1104 cum
467 1063 702 1104 inscribere
722 1076 806 1104 non
826 1065 993 1107 liceret.
1046 1066 1115 1106 De
1143 1067 1221 1107 hoc

334 1128 504 1169 Phidia.
534 1128 717 1168 diximus
747 1129 790 1168 in
827 1141 922 1181 cap.
952 1130 1005 1169 de
1040 1129 1222 1170 Fiducia

331 1192 406 1232 lib.
425 1202 499 1232 ιιι.
519 1203 760 1245 quanquam
780 1192 916 1232 multo
946 1193 1070 1243 plura
1088 1192 1221 1245 adjici

333 1261 526 1308 possent,
547 1267 643 1308 quae
665 1254 781 1307 apud
810 1255 999 1294 Plinium
1031 1255 1221 1307 aliosque

334 1325 534 1360 auctores
553 1319 772 1370 leguntur,
806 1329 858 1358 ea
891 1322 1059 1358 tantum
1095 1318 1218 1359 nobis

329 1381 595 1433 referuntur,
637 1394 732 1434 quae
789 1381 1011 1434 proposito
1072 1387 1219 1423 nostro

333 1446 611 1487 conveniunt.
645 1445 794 1486 Oliver.

383 1511 502 1552 ExT.
529 1512 551 1562 ξ
573 1513 594 1550 1
630 1508 914 1560 Themistoclis]
943 1507 1099 1549 Cicero
1114 1508 1220 1549 Tus-

331 1575 581 1615 culanarum
640 1573 938 1615 Quaestionum
994 1573 1106 1613 libro
1152 1585 1237 1615 lv,v

330 1640 343 1660 ‘
367 1636 544 1689 Noctu,’
562 1637 715 1690 inquit,
739 1643 750 1661 ‘
772 1637 1019 1678 ambulabat
1047 1637 1090 1676 in
1110 1638 1217 1690 pub-

328 1702 416 1743 lico
436 1702 765 1753 Themistocles,
798 1700 910 1754 quod
933 1712 1126 1741 somnum
1145 1714 1216 1741 ca-

328 1779 436 1819 pere
455 1778 539 1806 non
558 1770 716 1819 posset,
742 1764 1121 1819 quaerentibusque
1149 1776 1217 1804 re-

329 1831 587 1883 spondebat,
625 1830 836 1871 Miltiadis
865 1828 1067 1881 trophaeis
1106 1840 1152 1869 se
1191 1841 1217 1869 a

327 1906 477 1934 somno
492 1894 691 1934 suscitari
708 1907 719 1934 :
749 1892 970 1945 cogitabat
986 1891 1096 1932 enim
1113 1905 1216 1945 quo-

328 1957 457 1998 modo
474 1957 693 1999 Miltiadis
726 1957 904 2011 gloriam
934 1961 1083 2009 posset
1101 1957 1216 1997 adae·

329 2034 480 2074 quare,
509 2021 578 2062 vel
597 2022 729 2062 etiam
750 2019 984 2072 superare!
1038 2018 1141 2071 Qui,
1169 2024 1217 2060 ut

329 2085 512 2125 diximus
534 2097 660 2137 supra
678 2085 722 2124 in
742 2096 839 2136 cap.
859 2083 914 2123 de
932 2082 1139 2135 Ingratis,
1169 2088 1216 2124 et

328 2151 384 2190 de
416 2150 608 2197 Pietate,
640 2148 916 2190 Artafernem
945 2153 992 2187 et
1024 2147 1214 2199 Dathim,

327 2214 473 2266 Darii,
487 2214 714 2254 Persarum
728 2212 856 2266 regis,
872 2210 1123 2264 praefectos,
1140 2212 1214 2265 qui

328 2290 426 2319 cum
445 2282 622 2318 centum
642 2277 832 2318 millibus
845 2275 1057 2329 peditum,
1075 2282 1122 2316 et
1141 2277 1215 2316 de-

330 2354 425 2382 cem
462 2342 650 2382 millibus
689 2341 883 2395 equitum
917 2341 957 2380 in
997 2340 1214 2381 Graeciam

329 2413 536 2447 venerant
565 2406 771 2447 adversus
800 2405 1105 2456 Athenienses,
1121 2405 1214 2458 ipse

326 2484 424 2511 cum
446 2471 597 2511 decem
617 2470 801 2511 millibus
833 2468 1021 2519 armatis,
1038 2469 1215 2509 consilio

328 2542 371 2576 et
406 2535 567 2575 virtute
600 2548 675 2575 sua
713 2534 935 2586 superavit
971 2533 1014 2572 in
1053 2533 1214 2585 campis

685 2598 780 2640 Qua
797 2596 981 2637 victoria
1000 2597 1215 2637 excitatus

325 2662 653 2713 Themistocles,
671 2661 798 2713 paulo
821 2665 917 2711 post
938 2659 1214 2699 Artemisium

327 2731 374 2765 et
416 2725 633 2765 Salamina
678 2722 978 2777 gloriosissima
1030 2722 1216 2763 victoria

326 2788 582 2839 nobilitavit,
600 2794 648 2829 ut
680 2800 810 2840 supra
839 2787 1023 2826 diximus
1048 2787 1092 2825 in
1122 2798 1214 2838 cap.

328 2853 382 2894 de
402 2854 604 2906 Ingratis.
660 2854 772 2894 Nam
808 2864 904 2892 cum
933 2851 1082 2891 caeteri
1103 2851 1214 2891 exis·

327 2919 550 2968 timarent,
570 2930 594 2958 a
612 2917 807 2958 barbaris
827 2917 870 2956 in
893 2916 1146 2956 Marathone
1167 2927 1214 2955 re

327 2983 438 3023 male
476 2990 613 3035 gesta,
650 2981 808 3021 bellum
839 2991 885 3019 se
918 2980 962 3018 in
995 2986 1214 3031 posterum

327 3047 564 3096 sustulisse,
578 3044 888 3085 Themistocles
905 3055 998 3084 eam
1016 3055 1106 3082 rem
1127 3055 1213 3084 ma-

321 3111 467 3164 jorum
499 3109 782 3150 certaminum
815 3107 987 3148 initium
1021 3107 1214 3148 ducebat

329 3187 439 3225 esse,
459 3175 513 3214 ad
535 3186 669 3226 eaque
699 3171 898 3212 obeunda
929 3183 1007 3223 pro
1042 3170 1213 3210 Graecia

330 3238 532 3278 universa
578 3249 624 3277 se
655 3241 858 3288 tanquam
887 3234 931 3273 in
968 3234 1212 3285 palaestram

330 3303 470 3353 unxit,
486 3300 741 3352 assidueque
761 3298 985 3339 civitatem
1001 3296 1217 3347 exercuit,

331 3378 457 3418 quam
485 3364 734 3416 longissime
761 3361 908 3402 futura
935 3359 1213 3413 prospiciens.

336 3430 489 3469 Oliver.

383 3492 644 3534 Artemisium
662 3497 701 3533 et
728 3489 916 3542 Salamis]
958 3489 1056 3530 Duo
1090 3489 1212 3529 Grae-

334 3557 410 3599 ciae
451 3558 548 3599 loca
590 3570 621 3598 ,a
658 3555 942 3597 Themistocle
985 3551 1214 3595 nobilitata

925 311 1103 351 NOTAE
1147 312 1477 354 VARIORUM
1524 317 1589 355 ΙΝ

1291 430 1363 470 illa
1384 432 1567 483 gloriosa
1585 440 1629 475 et
1650 447 1786 487 prope
1803 435 2044 478 incredibili
2063 451 2170 492 pug-

1289 504 1344 531 na
1379 495 1535 543 navali,
1573 508 1658 548 qua
1689 498 1897 550 Xerxem,
1924 500 1997 552 qui
2031 505 2168 541 totam

1286 554 1421 596 ferme
1440 557 1586 598 Asiam
1606 560 1649 599 in
1677 561 1888 603 Graeciam
1915 563 2172 615 deportave-

1288 625 1373 670 rat,
1393 632 1443 659 eo
1457 622 1638 662 consilio
1657 626 1889 676 superavit,
1914 631 1960 666 et
1977 627 2020 666 in
2041 628 2170 680 patri-

1288 694 1354 721 am
1384 684 1568 735 turpiter
1600 685 1800 738 refugere
1824 689 1986 741 coegit,
2013 695 2064 730 ut
2081 702 2166 730 non

1289 762 1335 790 se
1355 751 1529 801 victum,
1544 753 1619 792 sed
1639 765 1663 792 a
1680 755 1967 796 Themistocle
1993 767 2166 797 conser-

1287 817 1430 852 vatum
1453 811 1583 854 fuisse
1615 815 1895 857 existimaret.
1950 818 2023 858 De
2049 819 2167 858 Sala-

1287 875 1401 915 mine
1421 876 1602 917 diximus
1623 879 1706 918 alio
1722 879 1843 920 loco:
1883 879 2163 923 Artemisium

1285 943 1443 989 autem,
1475 945 1524 980 ut
1558 942 1874 982 Demosthenes
1912 955 1991 994 pro
2023 944 2166 984 Ctesi-

1285 1000 1447 1052 phonte
1467 1001 1618 1054 refert,
1639 1009 1705 1044 est
1724 1004 2060 1056 promontorium
2079 1007 2166 1046 Eu-

1285 1062 1406 1103 boeae.
1440 1065 1587 1105 Oliver.

1337 1127 1592 1168 Dulcedinem
1616 1130 1757 1180 gloria»
1781 1143 1894 1182 poene
1920 1132 2062 1182 adjecit
2078 1133 2164 1183 glo-

1282 1191 1445 1244 riosam]
1472 1193 1543 1234 Ita
1563 1200 1624 1244 tu,
1644 1195 1782 1246 Pighi,
1794 1207 1849 1234 ex
1867 1195 2060 1236 omnibus
2080 1209 2167 1236 ma·

1283 1256 1528 1307 nuscriptis.
1594 1258 1707 1298 Nam
1751 1265 1882 1299 antea
1924 1260 2167 1312 legebatur,

1284 1318 1500 1359 Dulcedim·
1526 1320 1667 1370 glorioe
1692 1333 1805 1371 poene
1821 1322 1964 1371 adjecit
1977 1323 2161 1374 gloriam.

1282 1380 1344 1420 At
1363 1393 1444 1433 ego
1463 1382 1687 1422 lectionem
1709 1388 1824 1423 tuam
1851 1385 1988 1436 ipsam
2010 1385 2165 1436 jacen-

1277 1449 1370 1492 <tem
1405 1443 1539 1495 erigo,
1570 1446 1830 1486 Dulcedinem
1859 1447 2018 1498 glorioe,
2051 1460 2165 1499 pene

1281 1507 1422 1558 adjeci,
1437 1508 1679 1559 gloriosam!
1710 1510 1842 1550 Velut
1860 1510 2091 1562 exclamat,
2103 1515 2164 1562 et,

1282 1584 1307 1613 o
1323 1572 1611 1624 dulcedinem,
1633 1573 1786 1626 iuquit,
1807 1574 1974 1626 gloriae,
1994 1580 2160 1616 tantum

1280 1648 1363 1676 non
1381 1637 1577 1688 dixerim,
1595 1636 1847 1688 gloriosam!
1889 1636 2101 1678 Acumina
2116 1642 2163 1678 et

1282 1701 1559 1740 sententiolas
1580 1700 1741 1741 Valerii
1757 1701 1910 1741 nostri.
1937 1701 2049 1753 Dips.
2113 1749 2117 1753 p

1333 1766 1352 1816 §
1371 1768 1395 1804 3
1419 1764 1672 1805 Tolerabilior
1687 1764 1765 1816 est]
1794 1764 1879 1806 Qui
1900 1764 2081 1817 pessimo
2100 1763 2162 1804 fn-

1281 1828 1425 1868 cinore
1445 1828 1560 1868 illam
1580 1827 1662 1867 sibi
1682 1839 1888 1878 usurpare
1904 1827 2160 1882 voluerunt3

1279 1893 1417 1946 qualis
1434 1893 1670 1933 Pausanias
1688 1891 1950 1944 adolescens,
1968 1882 2040 1946 qni
2059 1893 2161 1933 Phi-

1278 1957 1447 2009 lippum
1485 1955 1752 1996 Macedoniae
1785 1967 1931 2008 regem
1967 1956 2158 2007 occidit3

1280 2020 1418 2073 qualis
1438 2020 1612 2072 ille,qui
1643 2019 1842 2071 Ephesiae
1872 2020 2027 2061 Dianae
2049 2026 2159 2061 tem-

1280 2085 1395 2137 plum
1417 2083 1626 2134 incendit,
1646 2083 1771 2135 cujus
1800 2095 1952 2124 nomen
1980 2097 2064 2128 non
2085 2097 2160 2136 po-

1277 2149 1409 2189 nitur.
1462 2147 1543 2187 His
1561 2148 1674 2188 enim
1690 2148 1822 2187 etiam
1841 2139 2078 2190 sceleribus
2097 2149 2160 2190 in-

1278 2217 1502 2252 notescere
1517 2212 1760 2253 voluernnt.
1817 2212 1968 2252 Oliver.

1333 2276 1401 2327 §4
1427 2273 1669 2325 Pausanias]
1697 2274 1896 2314 Valerius
1929 2286 1955 2314 a
1982 2273 2159 2316 sustino

1277 2343 1323 2378 et
1359 2338 1592 2378 Plutarcho
1624 2337 1840 2378 dissentit.
1907 2337 2004 2378 Non
2041 2337 2157 2378 enim

1278 2403 1441 2454 gloriae,
1481 2402 1557 2442 sed
1603 2401 1778 2441 ultionis
1830 2400 2066 2453 cupiditate
2100 2402 2156 2441 ad

1275 2466 1466 2519 Philippi
1479 2465 1641 2506 caedem
1653 2464 1909 2506 Pausaniam
1928 2464 2158 2516 impulsum

1277 2541 1371 2570 esse
1400 2529 1564 2579 dicunt,
1584 2529 1858 2578 adhortante,
1873 2532 1920 2567 ut
1939 2527 2032 2567 vult
2052 2527 2163 2568 Plu--

1278 2594 1467 2643 tarchus,
1503 2591 1769 2642 Alexandro,
1793 2596 1856 2632 vet
1896 2590 2156 2644 Olympiade

1277 2659 1410 2697 multo
1427 2658 1560 2709 magis
1585 2656 1811 2706 incitante,
1833 2656 2029 2708 quoniam
2059 2666 2157 2707 per·

1277 2721 1419 2773 iniquo
1457 2720 1597 2760 animo
1634 2718 1786 2768 ferret,
1824 2730 1870 2758 se
1902 2723 2092 2769 spretam
2129 2731 2155 2758 a

1276 2784 1496 2836 Philippo,
1521 2788 1567 2822 et
1597 2781 1721 2822 aliam
1751 2781 1834 2822 sibi
1863 2780 2156 2833 superinduci,

1275 2846 1416 2899 Attali
1433 2845 1548 2899 regis
1560 2844 1690 2886 filiam
1709 2844 2000 2897 Cleopatram.
2045 2843 2155 2885 Cum

1275 2910 1407 2962 igitur
1425 2909 1518 2950 dies
1537 2910 1781 2962 nuptiarum
1801 2914 1933 2960 esset,
1951 2914 2001 2949 ut
2019 2907 2157 2948 tradit

1276 2974 1491 3024 Justinus,
1526 2985 1604 3026 pro
1640 2973 1932 3025 magnitudine
1973 2971 2155 3013 duorum

1275 3051 1439 3091 regum,
1458 3044 1503 3078 et
1532 3037 1783 3078 collocantis
1809 3035 1958 3088 filiam,
1976 3041 2023 3076 et
2050 3047 2156 3074 nxo·

1277 3115 1366 3143 rem
1405 3102 1621 3153 ducentis,
1659 3099 1936 3153 apparatibus
1964 3097 2159 3150 insignis,

1275 3179 1355 3207 nec
1383 3166 1577 3206 ludorum
1614 3162 1927 3215 magnificentia
1964 3160 2154 3210 deesset,

1274 3236 1319 3270 et
1347 3230 1401 3270 ad
1421 3241 1567 3269 eorum
1600 3227 1895 3280 spectaculum
1923 3224 2152 3276 Philippus

1273 3294 1362 3333 sine
1399 3291 1646 3332 custodibus
1692 3288 1856 3330 medius
1893 3289 2008 3328 inter
2043 3288 2154 3328 duos

1273 3355 1561 3405 Alexandros,
1580 3353 1711 3394 filium
1733 3364 2155 3406 generumque,con-

1273 3423 1466 3470 sisteret,
1494 3418 1748 3467 Pausanias,
1786 3416 1940 3457 nobilis
1987 3415 2152 3456 adoles-

1274 3498 1393 3535 cens,
1430 3483 1588 3524 nemini
1621 3486 1860 3533 suspectus,
1893 3485 2151 3530 occupatum

1276 3548 1484 3602 angustiis
1503 3546 1751 3599 Philippum
1781 3545 1827 3585 in
1859 3543 2044 3586 transitu
2074 3542 2152 3583 ob-
