2288 3990
365 312 506 365 1052

362 440 523 480 tentius
570 439 723 481 rationi
767 441 1062 481 obnubilandae
1104 453 1231 482 vene-

360 514 475 553 num,
495 501 606 542 forte
625 503 814 553 epulanti
834 504 1231 554 nunciatum,»ades·

360 577 407 604 se
424 566 605 604 nobilem
635 566 784 605 Boium
812 577 907 605 cum
931 566 1077 606 liberis
1095 573 1229 606 trans·

358 627 517 678 fugam,
536 628 769 678 supplicem
790 633 953 679 petere,
973 635 1020 668 ut
1039 629 1079 668 in
1098 628 1225 668 fidem

355 704 452 731 eum
475 692 628 731 Consul
642 692 872 742 acciperet.
926 692 1113 733 Admisit
1131 705 1223 733 eum

356 755 405 794 L.
446 755 668 795 Quinctius
703 754 745 793 in
794 754 1129 806 tabernaculum,
1164 757 1226 796 lo·

354 823 553 868 quentem
599 829 677 868 per
711 818 992 869 interpretem
1036 819 1223 868 audivit;

351 879 426 919 sed
457 879 530 918 ubi
550 880 746 931 superior
773 881 1046 931 exprobratio
1065 882 1224 921 exoleti

348 942 488 981 animo
517 943 718 993 occurrit,
749 949 932 983 aestuare
963 944 1101 995 primo
1131 957 1224 984 san·

348 1004 441 1055 guis
461 1006 621 1055 coepit:
655 1018 752 1045 mox
777 1006 820 1045 in
846 1007 1137 1058 turpissimum
1158 1007 1221 1048 fa-

346 1068 465 1107 cinus
485 1068 710 1120 abripitur.
746 1070 930 1122 Ecquid,
948 1071 1086 1122 inquit
1105 1083 1219 1111 scor-

344 1135 406 1180 to,
433 1131 772 1183 quandoquidem
803 1133 1101 1183 gladiatorium
1131 1147 1216 1173 mu·

343 1205 423 1233 nus
442 1195 524 1233 mei
543 1206 671 1233 causa
699 1195 924 1246 reliquisti,
949 1196 1217 1247 sanguinario

341 1255 411 1295 hic
424 1256 669 1307 spectaculo
683 1257 827 1296 oculos
845 1269 1021 1308 pascere
1038 1258 1216 1297 lubitum

341 1320 438 1358 est?
493 1320 578 1359 Vix
604 1319 716 1359 serio
748 1320 916 1360 admisit
940 1320 1116 1370 Poemns,
1143 1321 1215 1360 ubi

339 1381 393 1420 ad
413 1387 559 1421 nutum
587 1381 718 1421 scorti
753 1381 910 1420 Consul
946 1382 1097 1421 stricto
1125 1395 1214 1421 mu-

338 1454 467 1483 crone
487 1444 529 1482 in
551 1444 722 1484 Gallum
741 1443 915 1492 involat,
934 1449 1068 1495 caput
1094 1443 1213 1496 ferit,

336 1512 458 1545 secat
487 1513 533 1546 et
566 1505 786 1545 dimidiata
819 1505 949 1546 verba
978 1506 1213 1560 abrumpit,

333 1566 571 1620 fugientem
602 1576 732 1622 atque
761 1570 949 1609 Deorum
982 1574 1110 1621 atque
1138 1572 1209 1611 ho-

333 1629 491 1670 minum
523 1630 651 1672 fidem
699 1632 854 1671 obnixe
898 1633 1210 1685 implorantem,

332 1696 468 1734 latere
489 1699 612 1734 tenus
635 1694 882 1746 transfodit,
902 1707 1092 1736 mensam
1114 1708 1208 1736 san-

329 1757 458 1807 guine
477 1757 661 1797 humano
694 1759 902 1809 aspergit,
923 1759 1042 1798 Deos
1066 1759 1210 1810 genia-

326 1819 391 1859 les
418 1819 711 1860 commaculat.
765 1819 905 1860 Atrox
932 1821 1114 1863 immane
1146 1821 1208 1862 fa·

328 1883 474 1922 cinus!
506 1884 689 1934 supplex
722 1892 897 1923 venerat
914 1885 1072 1935 Boius;
1108 1898 1206 1938 sup-

325 1944 498 1996 plicem,
515 1945 584 1985 cui
614 1957 762 1984 manus
787 1945 945 1985 inferre
975 1946 1069 1998 ipsa
1087 1954 1205 1988 vete-

324 2019 418 2047 rum
439 2008 587 2059 religio
606 2009 797 2057 vetabat,
816 2008 975 2049 indicta
1003 2017 1131 2050 causa
1151 2011 1204 2050 ad

325 2070 591 2122 voluptatem
620 2071 790 2111 Pathici
822 2084 980 2111 scurrae
1012 2084 1035 2111 e
1061 2074 1203 2114 medio

322 2132 453 2182 tollit,
496 2133 677 2173 humano
714 2145 866 2174 cruore
900 2135 1011 2175 iuter
1054 2136 1203 2188 epulas

321 2195 449 2245 ludit,
479 2197 625 2236 oculos
654 2196 852 2236 crudeles
887 2198 1040 2248 pascit.
1095 2199 1201 2240 Quis

317 2257 560 2299 mortalium
589 2259 704 2310 ipsos
734 2265 893 2308 sontes,
913 2273 1007 2300 cum
1028 2261 1081 2300 ad
1101 2274 1200 2313 sup-

317 2321 495 2372 plicium
552 2321 781 2373 ducuntur,
835 2324 1199 2364 commiseratione

317 2394 403 2423 non
425 2385 697 2437 prosequitur
714 2385 729 2423 ?
775 2384 815 2424 A
831 2386 1034 2436 sanguine
1054 2387 1199 2427 huma·

315 2458 373 2486 no
405 2447 535 2486 etiam
565 2447 667 2499 jure
705 2449 847 2488 occiso
879 2449 1082 2490 abhorret
1111 2451 1216 2490 anis

311 2521 430 2549 mus:
459 2511 550 2562 quis
570 2511 683 2550 inter
698 2513 846 2562 epulas
864 2513 1092 2554 cadentem
1110 2516 1196 2554 vel-

313 2572 381 2611 uti
418 2571 643 2611 humanam
682 2573 916 2625 victimam,
955 2576 1067 2615 inter
1099 2577 1197 2616 vina

312 2633 542 2673 stillantem
570 2634 832 2685 sanguinem,
850 2636 963 2675 iuter
983 2638 1130 2677 oscula
1150 2644 1197 2678 et

313 2695 531 2746 amplexus
577 2696 770 2735 natantia
804 2697 961 2737 lumina
1007 2705 1052 2738 et
1097 2711 1194 2740 cum

310 2763 449 2797 morte
484 2758 763 2798 colluctantia
793 2758 918 2798 siccis
955 2761 1089 2802 oculis
1130 2774 1192 2801 as-

309 2820 459 2873 picere
478 2820 642 2871 potuit?
701 2820 857 2873 Itaque
885 2834 971 2861 non
1000 2825 1193 2864 consula-

310 2883 370 2923 ris
414 2882 619 2935 dignitas,
662 2895 748 2923 non
791 2885 998 2924 autoritas
1045 2884 1191 2926 fratris

309 2947 360 2986 L.
380 2945 574 2985 Flaminii
592 2945 765 2986 Catonis
772 2946 984 2998 judicium
1000 2947 1194 2989 inhibere

308 3009 470 3061 potuit,
502 3019 640 3061 neque
668 3009 940 3060 ignominiam
977 3016 1189 3053 avertere.

307 3071 465 3112 Levior
485 3071 655 3123 quidem
674 3071 765 3111 haec
787 3083 912 3123 poena
924 3072 1094 3112 videtur
1113 3086 1190 3125 pro

308 3138 432 3174 tanto
468 3133 665 3182 crimine,
701 3134 778 3173 sed
815 3134 1049 3174 Censor-um
1096 3142 1190 3175 erat

307 3208 394 3236 non
427 3200 512 3235 tam
541 3195 710 3247 punire,
728 3206 856 3247 quam
889 3196 983 3235 loco
1004 3208 1191 3248 movere,

304 3259 542 3311 ignominia
566 3265 757 3299 mactare
789 3263 1005 3299 nocentes.
1061 3261 1185 3300 Vale-

304 3325 416 3364 rium
460 3321 684 3364 Antiatem
721 3321 847 3362 aliter
890 3321 984 3363 haec
1022 3321 1186 3362 referre

302 3384 482 3425 tradidit
511 3383 767 3436 Livins,sed
802 3384 922 3424 illum
950 3385 1184 3425 orationem

304 3447 479 3487 Catonis
509 3459 596 3487 non
633 3446 803 3499 legisse.
859 3447 1091 3488 Proditum
1129 3448 1182 3488 ab

300 3510 375 3552 illo
394 3515 460 3549 est
475 3509 713 3552 Placentiae
727 3508 931 3552 famosam
946 3509 1078 3553 fuisse
1097 3523 1185 3552 me·

939 327 1113 365 No'rAE
1155 325 1484 366 VARIORUM
1526 327 1591 366 IN

1293 443 1509 492 retricem‚
1527 454 1649 495 quam
1681 441 1871 483 efflictim
1903 443 2059 484 Consul
2089 443 2165 485 de.

1292 504 1476 555 peribat,
1524 505 1567 544 in
1621 506 1859 545 convivium
1909 505 2163 547 accersitam

1291 569 1516 608 Consulem
1538 570 1772 621 jactantem
1791 569 2022 620 audivisse,
2035 582 2161 623 quam

1287 631 1424 682 rigido
1438 632 1539 682 jure
1559 633 1599 671 in
1618 632 1875 673 facinorosos
1894 632 2158 688 animadver-

1288 699 1416 743 teret,
1435 701 1479 734 et
1514 707 1636 746 quam
1667 696 1789 736 multi
1819 697 1862 735 in
1881 696 2063 736 vinculis
2092 708 2159 736 es-

1284 761 1396 805 sent,
1415 755 1484 807 qui
1505 756 1703 796 Libitinae
1722 755 1990 797 offerrentur.
2016 756 2160 798 Avida

1285 818 1496 869 sanguinis
1514 819 1717 858 meretrix
1745 819 1999 871 supplicium
2027 819 2160 860 alicu·

1275 880 1348 931 jus
1374 893 1514 921 coram
1534 893 1579 920 se
1610 881 1758 933 peragi
1791 881 1946 932 poscit,
1973 881 2160 939 qnando-

1285 942 1455 994 quidem
1486 955 1696 996 nunquam
1731 944 1912 995 aliquem
1936 944 2076 982 securi
2093 941 2156 983 fe-

1282 1005 1357 1044 riri
1378 1006 1570 1047 vidisset.
1618 1006 1778 1046 Annuit
1810 1006 2026 1057 postulato
2045 1006 2155 1046 Con·

1283 1069 1363 1115 sul,
1381 1077 1426 1108 et
1446 1069 1579 1108 sontis
1605 1069 1806 1120 sanguine
1835 1069 1982 1120 epulas
2009 1075 2156 1110 conta-

1280 1129 1474 1172 minavit.
1528 1131 1639 1172 Vide
1655 1132 1818 1171 Livium
1835 1131 1908 1172 lib.
1923 1142 2088 1177 xxxrx.
2108 1136 2155 1173 et

1279 1194 1556 1243 Plutarchum
1575 1196 1618 1236 in
1639 1196 1814 1235 Catone.
1868 1195 2047 1247 Thysius.

1335 1257 1417 1297 Titi
1437 1258 1644 1308 Flaminii]
1673 1258 1757 1299 Qui
1783 1263 1918 1298 totam
1937 1257 2152 1298 Graeciam

1276 1320 1517 1371 subegerat,
1531 1326 1576 1360 et
1587 1320 1709 1371 jussu
1721 1321 1903 1360 Senatus
1919 1321 2150 1373 populique

1275 1383 1454 1422 Romani
1476 1383 1654 1422 liberam
1681 1381 1860 1431 fecerat,
1874 1386 1920 1421 et
1949 1383 2150 1435 Philippo

1274 1446 1364 1496 regi
1377 1445 1663 1485 Macedonum
1675 1457 1868 1497 magnam
1878 1445 2044 1497 imperii
2057 1457 2151 1497 par·

1274 1512 1358 1546 tem
1379 1508 1612 1558 ademerat,
1630 1520 1754 1560 quam
1773 1508 1815 1547 in
1835 1507 2004 1548 Graecia
2023 1515 2150 1548 oceu-

1272 1575 1463 1620 paverat.
1522 1570 1673 1610 Oliver.

1326 1633 1413 1672 Nec
1435 1633 1546 1684 pensi
1572 1633 1761 1684 duxerat]
1798 1633 1867 1673 Ita
1897 1633 2003 1674 Mss.
2029 1633 2144 1685 libri,

1271 1701 1455 1746 excepto
1475 1695 1759 1735 Winchelian.
1782 1706 1927 1735 omnes
1954 1707 2058 1748 quos
2083 1698 2145 1736 vi-

1269 1757 1328 1808 di,
1344 1757 1517 1797 habent.
1546 1758 1711 1809 Vulgo:
1743 1770 1812 1797 nee
1828 1758 2034 1808 indignum
2048 1771 2142 1810 pen·

1267 1821 1304 1860 si
1339 1822 1521 1860 duxerat.
1586 1820 1711 1860 Prior
1748 1827 1919 1861 vetusta
1952 1822 2144 1863 Romana

1269 1883 1449 1935 phrasis,
1489 1895 1571 1935 qua
1618 1888 1664 1923 et
1705 1883 1930 1923 Sallustius
1974 1883 2139 1924 utitur:

1268 1948 1279 1969 ‘
1299 1948 1450 1999 Neque
1488 1946 1646 1998 dicere,
1679 1959 1819 1999 neque
1845 1945 1990 1987 facere
2023 1947 2140 1999 quic-

1264 2021 1389 2061 quam
1420 2008 1540 2060 pensi
1559 2008 1778 2049 habebat!
1831 2009 1888 2049 Et
1907 2009 1978 2048 alii
2006 2021 2142 2061 saepe.
2170 2013 2174 2016 ”

1263 2072 1275 2093 ‘
1299 2071 1426 2111 Pensi
1445 2070 1633 2119 habere,'
1653 2070 1721 2110 vel
1737 2070 1910 2120 ducere,
1926 2070 2038 2110 idem
2057 2076 2142 2122 est,

1263 2132 1376 2186 quod
1407 2132 1681 2183 διαγινώσκειν,
1711 2133 1946 2184 discernere,
1975 2145 2138 2184 perpen-

1261 2198 1365 2246 dere,
1380 2197 1588 2246 ‹estimat-e,
1605 2195 1899 2248 magnifacere,
1911 2197 2141 2247 ponderare,

1259 2262 1388 2312 τιμᾷν.
1443 2260 1539 2299 Vox
1551 2259 1756 2309 indignum
1774 2271 1797 2298 e
1817 2259 1989 2299 dictatis
2009 2259 2139 2299 alicu-

1255 2322 1328 2373 jus
1364 2321 1648 2373 ludimagistri
1683 2320 1796 2361 haud
1825 2321 1955 2367 dubio
1992 2326 2139 2362 assuta

1260 2388 1341 2424 est.
1398 2383 1582 2433 Pighius.

1312 2446 1577 2498 Imaginibus]
1607 2445 1851 2498 Imaginum
1879 2446 1953 2498 Jus
1985 2445 2136 2486 nobili-

1260 2513 1361 2553 tatis
1389 2512 1592 2566 Romanae
1622 2510 1859 2562 proprium,
1890 2509 2042 2562 quibus
2069 2521 2135 2550 as-

1259 2574 1534 2615 cribebantur
1559 2573 1730 2613 nomina
1748 2575 1794 2611 et
1811 2571 1996 2623 insignia
2014 2569 2135 2612 facta

1257 2637 1444 2676 virorum
1458 2649 1468 2675 ε
1486 2634 1687 2688 quocirca
1701 2634 1755 2673 ad
1771 2634 1994 2685 imaginem
2008 2634 2133 2674 Lucii

1257 2698 1453 2737 Flaminii
1471 2698 1564 2737 vult
1583 2703 1707 2736 autor
1737 2695 2012 2743 ascribendos
2038 2705 2134 2743 esse

1255 2753 1399 2800 oculos
1432 2759 1731 2810 meretriculae,
1767 2756 1822 2797 ad
1850 2769 1953 2809 quos
1987 2756 2132 2798 oblec-

1255 2824 1407 2865 tandos
1428 2825 1598 2864 Gallum
1613 2822 1779 2874 percuti
1789 2822 1998 2874 jusserat,
2017 2821 2132 2862 sicut

1255 2887 1307 2928 ad
1330 2888 1552 2939 imaginem
1573 2887 1625 2926 T.
1645 2885 1839 2925 Flaminii
1861 2884 2006 2924 fratris
2021 2885 2131 2938 ejus,

1253 2955 1297 2989 et
1331 2962 1480 2990 manus
1509 2948 1703 3000 Philippi
1734 2947 1867 3000 Regis
1898 2947 2127 3000 supplices.

1251 3012 1360 3051 Bad.

1305 3076 1327 3126 ς
1348 3078 1373 3114 4
1398 3075 1505 3120 Quia
1521 3076 1569 3114 de
1583 3073 1759 3115 Fabricii
1774 3074 1934 3114 Luscini
1943 3074 2126 3125 censura]
2193 3100 2195 3102 -

1254 3136 1420 3176 Gellius
1455 3136 1530 3177 lib.
1550 3148 1615 3177 1v.
1645 3149 1743 3188 cap.
1766 3140 1806 3177 8.
1841 3137 1853 3158 ‘
1872 3133 2126 3185 Fabricius,’

1251 3199 1405 3251 inquit,
1425 3201 1438 3223 ‘
1455 3199 1660 3239 Luscinus
1694 3210 1849 3250 magna
1881 3197 2017 3249 gloria
2044 3197 2125 3249 vir,

1249 3262 1497 3313 magnisque
1513 3261 1638 3301 rebus
1655 3260 1785 3312 gestis
1805 3260 1903 3300 fuit.
1948 3260 2001 3300 P.
2023 3259 2126 3301 Cor·

1248 3324 1382 3363 nelius
1418 3323 1595 3363 Rufinus
1631 3335 1758 3362 manu
1795 3322 1966 3375 quidem
2012 3328 2122 3363 stre·

1248 3396 1354 3424 uuus
1391 3391 1436 3424 et
1468 3385 1653 3424 bellator
1679 3385 1830 3434 bonus,
1860 3383 2120 3438 militarique

1248 3448 1474 3499 disciplina
1493 3449 1656 3498 peritus
1677 3447 1901 3487 admodum
1928 3447 2026 3500 fuit,
2043 3447 2120 3488 sed

1247 3511 1369 3552 furax
1414 3512 1539 3552 homo
1572 3516 1619 3551 et
1659 3510 1837 3552 avaritia
1879 3511 1970 3552 acri
2013 3515 2121 3552 erat.
