2288 3990
556 318 816 360 VALERII
853 314 1104 354 MAXIM!
1153 314 1269 352 Lm.
1311 313 1350 350 1.
1392 311 1528 350 CAP.
1555 296 1606 350 S.

221 459 244 510 ξ
271 459 321 498 19
346 455 384 496 Δ
406 454 494 494 Tito
511 451 646 503 Livio]
679 450 777 491 Hoc
802 447 1051 489 miraculum

168 521 312 561 Livius
330 522 477 559 narrat
497 517 538 556 in
569 514 761 556 secunda
785 511 948 554 decade
970 509 1053 561 pri-

167 585 226 625 mi
246 581 398 624 Punici
428 581 546 632 belli,
571 591 696 633 quam
724 589 801 619 uos
822 574 1050 617 amisimus.

167 647 301 688 Aulus
327 645 492 687 Gellius
528 643 602 684 lib.
621 653 682 682 vt.
709 653 806 692 cap.
827 650 896 679 ιιι.
942 637 954 658 ‘
973 636 1053 676 Tu-

166 710 300 760 bero:
332 709 484 763 inquit,
507 709 522 732 ⁶
543 708 584 748 in
620 705 806 746 historiis
842 701 1050 753 scriptum

167 775 358 829 reliquit,
376 774 489 815 bello
509 772 644 826 primo
665 770 831 811 Punico
853 767 1051 808 Attilium

173 839 383 891 Regulum
413 838 639 879 Consulem
669 835 710 875 in
730 833 880 874 Africa
899 830 1052 873 castris

169 903 284 955 apud
304 900 544 954 Bagradam
573 898 729 940 flumen
751 897 918 949 positis,
944 907 1051 947 proe·

170 968 273 1008 lium
306 966 469 1020 grande
500 972 631 1020 atque
664 976 762 1005 acre
796 962 947 1003 fecisse
979 960 1052 1000 ad·

171 1043 318 1072 versus
341 1032 586 1084 serpentem
607 1028 827 1070 inusitatae
861 1025 1053 1069 immani-

149 1130 154 1132 s
172 1095 289 1145 tatis,
307 1107 486 1148 eumque
512 1106 666 1146 magna
687 1093 816 1134 totius
838 1090 1052 1132 exercitus

172 1157 506 1207 conflictatione,
543 1157 730 1199 ballistis
766 1156 895 1208 atque
937 1159 1055 1193 cata·

171 1223 302 1276 pultis
315 1223 389 1264 diu
401 1227 713 1276 oppugnatum,
726 1219 905 1272 ejusque
922 1217 1054 1258 inter·v

169 1285 276 1326 fecti
308 1286 482 1338 longum
516 1284 676 1325 corium
713 1281 846 1336 pedes
879 1285 1055 1321 centum

173 1355 220 1389 et
257 1348 409 1401 viginti
441 1349 620 1388 Romam
654 1343 846 1385 misisse?
889 1343 1055 1383 Plinius

174 1411 249 1451 tib.
265 1422 366 1451 vm.
384 1411 397 1434 ‘
414 1411 532 1451 Nota
551 1409 646 1457 est,’
665 1408 817 1462 iuquit,
834 1407 906 1447 ‘in
927 1406 1057 1446 Puni-

176 1475 238 1514 cis
257 1473 379 1513 bellis
407 1473 460 1513 ad
481 1471 638 1513 flumen
665 1471 908 1524 Bagradam
932 1483 956 1510 a
975 1471 1057 1510 Re-

177 1536 274 1589 gulo
307 1536 573 1588 Imperatore
601 1535 781 1575 ballistis
814 1534 1057 1574 tormentis-

176 1611 273 1653 que,
294 1604 341 1639 ut
371 1598 575 1651 oppidum
605 1597 791 1651 aliquod,
811 1603 1058 1649 expugnata

178 1674 355 1715 serpens
381 1670 553 1703 centum
579 1662 725 1714 viginti
747 1662 903 1714 pedum
924 1661 1058 1712 longi·

175 1726 342 1768 tudinet
363 1726 485 1778 pellis
513 1726 602 1778 ejus
630 1725 896 1778 maxillaeque
924 1737 1056 1778 usque

175 1789 229 1829 ad
250 1789 407 1830 bellum
439 1789 744 1830 Numantinum
775 1788 985 1828 duravere
1011 1788 1054 1828 in

178 1853 371 1906 templo!
428 1854 580 1896 Oliver.

227 1917 386 1969 Africa]
414 1917 678 1969 Vide-supra
701 1928 797 1968 cap.
817 1919 856 1956 l.
878 1917 898 1967 ξ
921 1918 960 1955 2.

226 1982 344 2034 Apud
389 1982 618 2032 Bagradam
643 1981 814 2033 flumen,
847 1979 937 2031 Sym]
970 1977 1055 2021 Qui

174 2051 335 2098 praeter
371 2045 545 2085 Uticam
598 2045 773 2095 labitur,
812 2044 883 2096 qui
922 2042 1056 2082 distat

174 2109 349 2160 triginta
375 2108 509 2149 millia
541 2120 741 2161 passuum
772 2120 797 2147 a
831 2106 1054 2158 Carthagi-

174 2183 243 2212 ne.
496 2179 498 2182 ’

227 2235 504 2287 Ballista-rum]
535 2237 730 2276 Formam
764 2235 957 2275 Ballistae
989 2247 1053 2274 sa·

175 2298 228 2338 tis
266 2298 451 2339 ubertim
488 2299 735 2339 Ammianus
774 2298 956 2338 tradidit
991 2297 1055 2337 his

175 2362 340 2402 verbis:
372 2362 385 2384 ‘
405 2362 620 2402 Dolantur
651 2374 751 2402 axes
784 2361 871 2400 duo
905 2360 1057 2413 querni

177 2426 245 2465 vel
265 2425 395 2474 ilicei,
425 2429 739 2476 curvanturque
766 2423 1058 2475 mediocriter,

176 2494 225 2529 ut
258 2488 497 2540 prominere
531 2487 756 2527 videantur
797 2488 841 2526 in
880 2487 1055 2539 gibbos:

174 2553 300 2605 hique
318 2553 361 2591 in
381 2551 551 2591 modum
581 2551 825 2592 serratoriae
851 2551 1056 2591 machinae

176 2623 504 2667 connectuntur,
531 2627 587 2655 ex
619 2621 797 2668 utroque
820 2616 956 2655 latere
985 2627 1056 2667 pa·

177 2675 337 2722 tenti'us
382 2678 618 2730 perforati;
660 2691 766 2731 quos
804 2679 933 2728 inter,
982 2690 1059 2729 per

174 2756 380 2784 cavernas
411 2743 534 2783 funes
574 2744 833 2795 colligantur
874 2742 1057 2791 robusti,

172 2819 439 2859 compagem,
459 2818 513 2846 ne
532 2806 731 2859 dissiliat,
753 2805 1054 2847 continentes.’

177 2871 246 2912 Ab
265 2871 344 2910 hac
362 2869 596 2910 medietate
620 2873 794 2911 restium
821 2872 958 2922 stylus
984 2883 1056 2910 ex-

177 2945 354 2986 surgens
391 2933 603 2986 obliquus,
634 2940 680 2974 et
711 2935 753 2973 iu
791 2934 962 2974 modum
994 2940 1057 2974 te·

178 2998 311 3038 monis
332 2997 492 3048 jugalis
524 3003 709 3048 erectus,
741 2999 803 3038 ita
827 3010 1055 3038 nervorum

177 3061 359 3102 modulis
372 3061 633 3112 implicatur,
649 3067 696 3101 ut
711 3062 836 3101 altius
850 3061 941 3101 tolli
961 3068 1056 3113 pos·-

177 3125 234 3165 ait
271 3129 315 3163 et
350 3123 573 3172 inclinatu
609 3125 924 3177 summitatique
962 3125 1055 3176 ejus

177 3188 275 3229 unci
303 3186 431 3229 ferrei
448 3187 718 3244 copulantur,
738 3200 762 3229 e
781 3189 932 3243 quibus
953 3195 1053 3243 peu*

1895 295 2005 348 997

1119 446 1195 486 det
1232 451 1419 498 stuppea
1456 445 1523 484 vel
1560 442 1703 483 ferrea
1739 440 1903 481 funda:
1935 439 2006 479 cui

1116 509 1233 561 ligno
1274 508 1572 550 fulcimentum
1607 505 1896 559 prosternitur
1942 503 2006 542 in-

1117 586 1221 625 gens
1253 574 1456 623 cilicium,
1490 573 1624 625 paleis
1657 574 1901 611 consertum
1929 568 2009 607 mi-

1117 637 1248 688 nutis,
1288 637 1438 677 validis
1476 636 1660 676 nexibus
1697 634 1926 684 illigatum,
1961 635 2007 670 et

1116 702 1303 742 locatum
1322 713 1452 753 super
1471 705 1701 752 congestos
1717 696 1921 749 cespites,
1937 694 2008 734 vel

1116 765 1334 806 latericios
1354 776 1553 816 aggeres.
1601 764 1715 804 Nam
1731 769 2007 801 muro-saxeo

1115 829 1357 881 hujusmodi
1389 830 1522 868 moles
1556 827 1772 880 imposita,
1799 822 2008 876 disjectat

1116 891 1321 947 quicquid
1354 892 1569 932 invenerit
1599 891 1764 941 subter,
1795 886 2010 929 ¹concussi-

1117 969 1198 998 one
1218 957 1425 1007 violenta,
1446 969 1529 996 non
1547 954 1755 1008 pondere.
1804 954 1912 1011 Cum
1931 950 2019 1003 igi«

1117 1027 1187 1063 tur
1206 1021 1261 1061 ad
1280 1021 1647 1062 concertationem
1667 1025 1841 1059 ventum
1856 1015 2008 1067 fuerit,

1117 1086 1259 1137 lapide
1278 1085 1463 1125 rotundo
1493 1083 1638 1123 fundae
1670 1082 1890 1134 imposito,
1910 1087 2011 1133 qua-

1118 1150 1231 1190 terni
1273 1149 1531 1189 altrinsecus
1563 1148 1749 1199 juvenes
1787 1143 2011 1197 repagula,

1119 1215 1274 1267 quibus
1293 1209 1559 1267 incorporati
1580 1217 1679 1253 sunt
1707 1210 1852 1261 funes,
1871 1208 2010 1262 expli-

1118 1289 1284 1333 cantes,
1303 1287 1518 1321 retrorsus
1539 1280 1698 1331 stylum
1728 1288 1864 1329 penes
1892 1277 2012 1315 nnci-

1120 1357 1218 1385 num
1240 1345 1472 1394 inclinant3
1501 1344 1648 1396 ,itaque
1679 1342 1851 1382 demum
1880 1339 2011 1380 subli-

1121 1408 1361 1448 mis'astans
1382 1407 1603 1459 magister,
1623 1407 1874 1455 claustrum,
1894 1402 2012 1457 quod

1120 1471 1251 1512 totius
1270 1471 1412 1522 operis
1431 1470 1622 1511 continet
1640 1464 1830 1520 vincula,
1843 1472 2011 1508 reserat

1120 1537 1274 1576 malleo
1293 1535 1398 1576 forti
1418 1548 1681 1588 percussum.
1737 1533 1865 1574 Unde
1892 1533 2013 1573 abso-

1119 1601 1236 1640 lutus
1266 1600 1355 1640 ictu
1376 1600 1544 1640 volucri
1574 1600 1711 1651 stylus
1741 1603 1788 1638 et
1820 1597 2012 1638 mollitu-

1119 1665 1218 1705 dine
1253 1659 1439 1705 offen‘sus
1473 1664 1620 1713 cilicii,
1651 1675 1800 1703 saxum
1838 1667 2010 1702 contorss

1119 1734 1239 1780 quet,
1261 1726 1468 1780 quidquid
1490 1726 1718 1766 incurrerit
1748 1725 2013 1766 collisurum.

1120 1794 1177 1833 Et
1195 1798 1413 1832 omentum
1430 1791 1599 1843 quidem
1622 1790 1881 1842 appellatur,
1895 1786 2012 1841 quod

1117 1869 1171 1896 ex
1211 1869 1261 1895 eo
1300 1856 1436 1896 omnis
1476 1854 1710 1907 explicatio
1749 1857 2004 1906 torquetur:

1115 1921 1292 1972 Scorpio
1313 1927 1472 1970 autem,
1492 1919 1693 1972 quoniam
1721 1919 1914 1958 aculeum
1936 1916 2010 1956 de-

1118 1996 1248 2036 super
1291 1983 1447 2022 habeat
1491 1988 1676 2022 erectus.
1747 1981 1829 2021 Cui
1877 1978 2009 2020 etiam

1119 2047 1283 2098 Onagri
1314 2046 1568 2086 vocabulum
1605 2044 1761 2085 indidit
1797 2051 1900 2083 aetas
1934 2054 2010 2082 no-

1118 2112 1244 2162 vella,
1262 2123 1311 2150 ea
1332 2123 1394 2160 re,
1432 2109 1544 2162 quod
1567 2109 1672 2148 asini
1699 2107 1797 2157 feri,
1819 2118 1914 2146 cum
1937 2117 2009 2145 ve-

1118 2175 1285 2214 natibus
1304 2173 1541 2230 agitantur,
1561 2172 1622 2213 ita
1655 2172 1820 2211 eminus
1840 2169 2007 2223 lapides

1118 2237 1384 2278 calcitrando
1418 2242 1518 2289 post
1551 2242 1674 2288 terga
1708 2235 1928 2286 emittunt,
1961 2237 2011 2273 ut

1118 2300 1344 2355 perforent
1384 2306 1567 2352 pectora
1609 2298 1896 2350 sequentium,
1934 2301 2010 2336 aut

1118 2363 1328 2404 diffractis
1354 2364 1518 2404 ossibus
1549 2362 1691 2414 capita
1719 2362 1813 2413 ipsa
1846 2360 2008 2413 displo-

1121 2428 1238 2468 dant.
1293 2428 1465 2479 Lipsius.

1177 2492 1336 2532 Crebris
1350 2497 1388 2531 et
1399 2488 1639 2542 ponderosis]
1668 2489 1697 2530 J
1701 2488 1902 2529 acuebant
1917 2487 2010 2526 vul·

1121 2569 1192 2607 go,
1229 2562 1275 2596 et
1313 2555 1547 2594 minoribus
1586 2552 1796 2602 Ballistis,
1838 2550 2006 2603 lapides
2030 2562 2043 2575 ⁴

1120 2618 1210 2658 fere
1228 2625 1460 2658 centenum
1494 2617 1657 2669 pondo:
1692 2622 1822 2669 atque
1843 2627 1893 2655 eo
1914 2627 2007 2655 sen·

1120 2696 1167 2723 su
1190 2683 1354 2723 Lucilio
1374 2683 1466 2735 ipsa
1483 2682 1654 2722 ballista
1674 2681 1924 2721 centenaria
1944 2680 2006 2720 di-

1119 2749 1246 2787 citur.
1303 2747 1363 2787 At
1393 2747 1624 2798 majoribus
1661 2746 1843 2798 amplius
1868 2746 2005 2797 jacie-

1116 2810 1296 2862 hanuet
1318 2811 1383 2850 vel
1404 2812 1564 2850 talenta
1583 2810 1681 2860 tria,
1697 2810 1738 2849 id
1758 2816 1841 2861 est,
1864 2809 2005 2861 pondo

1118 2878 1212 2915 300.
1261 2876 1423 2915 Nostra
1451 2875 1535 2914 ista
1567 2873 1744 2914 fulmina
1764 2874 1892 2913 hodie
1920 2885 2006 2913 non

1118 2941 1295 2993 capiunt
1327 2947 1401 2981 aut
1436 2942 1673 2992 pervehunt
1705 2942 1783 2981 hoc
1823 2940 2004 2992 pondus.

1118 3004 1262 3055 Igitur
1294 3016 1377 3044 non
1408 3005 1542 3044 solum
1570 3004 1906 3051 contundebant,
1928 3002 2003 3041 sed

1118 3067 1428 3119 diffringebant
1459 3068 1600 3108 omnia
1636 3073 1682 3107 et
1720 3063 2004 3120 disjiciebant.

1118 3132 1287 3186 Lipsius.
