2346 3996
591 315 852 357 vAnERn
896 314 1135 353 MAxnut
1184 316 1297 353 mu.
1342 315 1472 353 vm.
1511 317 1645 354 CAP.
1671 303 1724 354 9.

247 441 550 493 tempestatem
601 434 855 483 declinaret,
900 431 1015 484 quod
1062 432 1126 471 illi

247 503 523 545 fortunanon
539 497 766 538 concessit.
805 496 978 548 Hospes
1000 494 1126 545 enim,

249 580 334 621 quo
353 565 510 607 lautius
529 562 646 603 illum
678 560 918 611 exciperet,
940 558 1082 598 vinum
1103 570 1128 597 a

249 641 444 683 caupone
459 639 537 681 per
553 637 722 667 servum
741 623 951 676 deposcit.
979 622 1128 673 Caupo

250 695 388 735 latere
421 691 537 744 apud
561 688 773 742 hospitem
806 686 1002 727 Marcum
1041 683 1129 725 An-

251 757 412 797 tonium
442 767 495 796 ex
530 766 656 795 servo
689 749 927 803 cognoscit,
956 758 1132 801 remque

248 821 392 863 statim
405 820 458 861 ad
474 819 663 860 Marium
681 817 946 867 Cinnamque
958 811 1103 853 defert
1118 825 1131 862 3

251 897 337 940 quo
363 883 553 936 cognito,
568 883 762 923 delectos
785 878 943 919 milites
963 890 1059 918 cum
1081 877 1133 918 P.

253 947 483 998 Autronio,
499 946 581 997 vel,
600 951 648 984 ut
663 941 924 983 Plutarchus
940 941 1062 990 dicit,
1077 941 1132 984 Q,

254 1010 412 1062 Annio,
439 1009 491 1050 ad
524 1006 875 1049 facundissimum
918 1010 1133 1047 oratorem

255 1073 511 1115 eaedeudum
541 1071 732 1111 mittunt.
791 1070 843 1109 P.
882 1067 1136 1118 Autronius,

257 1137 333 1178 uhi
361 1134 415 1176 ad
443 1135 659 1188 hospitem
679 1132 814 1183 venit,
842 1130 975 1172 caedis
993 1131 1135 1171 minis-

256 1206 347 1242 tros
378 1199 557 1241 introire
589 1204 635 1239 et
653 1199 717 1239 M.
740 1196 972 1238 Antonium
1005 1197 1136 1237 inter-

255 1263 388 1305 ficere
413 1263 556 1316 jubet,
587 1262 680 1315 ipse
711 1260 826 1303 foras
859 1262 902 1302 in
924 1261 1139 1302 vestibulo

258 1334 514 1373 remoratur.
581 1327 643 1368 Hi
672 1338 789 1378 vero,
816 1332 1044 1380 postquam
1078 1327 1140 1366 iu-

259 1393 467 1445 trogressi
493 1397 606 1441 suut,
623 1403 768 1432 coram
789 1389 893 1432 data
918 1390 1044 1442 copia
1061 1401 1141 1430 cae-

261 1457 344 1509 dis,
362 1458 571 1498 maximus
587 1461 735 1496 orator
754 1455 821 1497 Μ.
849 1453 1061 1495 Antonius
1082 1453 1143 1494 sic

251 1533 337 1561 eos
354 1521 560 1561 orationis
591 1518 809 1560 suavitate
838 1517 1055 1568 demulsit,
1083 1517 1144 1557 sic

261 1584 508 1638 eloquentia
520 1595 596 1624 sua
613 1596 637 1623 a
654 1582 787 1624 caedis
800 1581 1042 1634 cupiditate
1059 1593 1144 1622 om-

262 1649 392 1702 nique
421 1648 587 1701 impetu
614 1646 834 1699 repressit,
852 1652 900 1686 ut
929 1645 982 1685 ad
1013 1643 1146 1685 Anto·

263 1713 399 1762 nium,
431 1723 478 1752 re
506 1711 695 1763 infecta,
739 1715 966 1762 stupe-ntes
1006 1708 1146 1749 redie-

263 1776 372 1827 rint,
387 1776 514 1829 plane
527 1774 742 1829 fatentes,
769 1786 814 1813 se
836 1772 1034 1813 oratione
1057 1772 1146 1812 vic-

263 1845 350 1890 tos,
394 1837 514 1879 illum
559 1837 762 1878 occidere
811 1849 892 1876 non
938 1835 1148 1887 potuisse,

265 1914 372 1956 quos
389 1901 442 1944 P.
463 1902 702 1943 Autronius
722 1902 1005 1954 increpitans,
1022 1901 1147 1941 stric-

265 1972 312 2008 to
332 1967 479 2020 gladio
493 1971 654 2008 tectum
676 1967 818 2018 irruit,
836 1973 882 2007 et
910 1965 1148 2008 Antonium

263 2032 512 2084 obtruncat,
537 2037 669 2085 eaput
699 2030 754 2070 ad
771 2030 959 2071 Marium
987 2029 1147 2082 defert,

266 2095 384 2148 quod
420 2095 687 2136 ille'mensae
726 2094 944 2147 imposuit,
979 2099 1028 2134 ut
1065 2105 1147 2134 non

268 2164 358 2199 tam
383 2159 480 2200 cibo
498 2171 625 2212 quam
644 2159 736 2211 ejus
756 2159 1004 2211 spectaculo
1021 2158 1149 2198 satia-

269 2226 405 2263 retur.
463 2223 645 2264 Constat
662 2223 774 2263 huuc
804 2222 869 2262 M.
898 2220 1150 2274 Antonium,

268 2292 387 2328 teste
416 2287 624 2329 Cicerone
651 2287 780 2327 Tusc.
814 2286 981 2329 Quaest.
1010 2285 1087 2328 lib.
1106 2298 1151 2328 v·

269 2350 458 2391 omnium
475 2362 562 2391 suae
583 2349 724 2391 aetatis
741 2348 877 2390 fuisse
894 2350 1152 2403 eloquentis-

268 2414 436 2456 simum.
467 2414 677 2455 Oliverius.

326 2478 372 2521 Is
396 2478 502 2519 enim
518 2479 621 2519 solus
638 2478 682 2518 in
699 2477 849 2518 ambitu
868 2489 1008 2529 expers
1026 2478 1153 2518 Anto·

269 2542 401 2584 nianae
430 2543 536 2584 vocis
562 2542 745 2594 steterat]
777 2542 828 2582 In
860 2541 1037 2593 ambitu,
1064 2542 1154 2583 sive

271 2607 448 2658 circulo,
482 2618 568 2647 uon
616 2607 840 2646 audiverat
888 2617 1037 2646 vocem
1075 2606 1155 2645 viri

270 2671 607 2726 eloquentissimi
655 2671 718 2711 M.
749 2669 940 2711 Antonii.
986 2671 1158 2722 Legunt

273 2734 443 2788 quidam
462 2735 513 2775 P.
529 2734 761 2786 Antonium,
781 2748 858 2787 pro
876 2735 1128 2775 Autronium.

325 2800 349 2852 ς
377 2801 402 2838 3
432 2799 563 2839 Divus
597 2810 744 2852 quoqne
766 2799 922 2851 Julius]
952 2799 1158 2840 Dolabel-

270 2867 357 2908 lam
378 2877 432 2906 ex
453 2865 618 2917 Sicilia,
638 2864 706 2905 cui
726 2870 889 2917 praetor
909 2863 1158 2917 praefuerat,

271 2930 608 2984 repetundarum
654 2929 799 2970 Caesar
844 2930 1158 2981 postulaverat.

274 2997 323 3038 1..
343 2996 473 3036 Cotta
491 2994 729 3035 Dolabellae
748 2995 1035 3047 patrocinium
1066 3007 1158 3035 sus-

274 3059 409 3113 cepit,
434 3058 556 3111 quus
593 3058 864 3110 authoritati,
896 3058 995 3112 quia
1024 3060 1159 3099 veluti

275 3130 501 3179 parentem
517 3123 634 3164 illum
655 3123 802 3163 Caesar
820 3122 985 3163 coleret
1013 3128 1059 3163 et
1084 3123 1159 3164 ob·

278 3193 490 3238 servaret,
508 3187 712 3227 resistere
724 3198 809 3227 non
830 3186 1051 3238 sustinuit,
1067 3192 1161 3227 tau-

279 3258 370 3294 tum
400 3263 479 3304 pro
514 3250 721 3291 concione
749 3249 879 3301 dixit,
909 3250 1160 3303 extorqueri

280 3315 360 3358 sibi
388 3328 559 3357 causam
589 3315 813 3368 optimam,
848 3314 1086 3356 ostendens
1114 3328 1160 3356 se

281 3378 399 3418 illum
417 3378 457 3417 vi
477 3377 734 3430 eloquentiae
752 3377 880 3418 facile
908 3377 1041 3419 fuisse
1061 3390 1165 3418 cou-

282 3441 508 3483 victurum.
524 3440 610 3483 Ubi
625 3442 854 3483 maximam
868 3443 948 3484 sibi
962 3443 1165 3496 eloquen-

281 3506 357 3547 tiae
371 3504 541 3545 laudem
559 3506 842 3557 comparavit.
877 3507 1028 3548 Oliver.

341 3567 545 3624 Columen]
569 3567 933 3613 sustentaculum.
980 3571 1164 3615 Constat

1930 301 2069 352 1301

1188 432 1359 484 quidem
1396 433 1609 474 Caesarem
1641 431 1871 485 plurimum
1902 431 2073 483 ingenio

1191 495 1390 547 valuisse,
1411 503 1473 549 ut,
1495 501 1607 539 teste
1623 496 1851 547 Cicerone,
1871 507 1966 535 cum
1987 496 2073 535 duo

1191 559 1291 609 siut,
1311 560 1462 612 quibus
1492 561 1738 601 excelluere
1758 559 1955 608 Romani,
1975 559 2007 598 si
2031 559 2075 598 in

1193 623 1354 662 utrovis
1375 620 1541 663 tantum
1562 635 1608 663 se
1627 623 1772 663 Caesar
1796 621 2078 671 exercuisset,

1193 697 1339 726 omnes
1358 685 1490 727 facile
1506 690 1765 739 superasset,
1780 693 1844 734 ut,
1858 685 2078 730 sitantum

1194 749 1469 802 eloquentiae,
1482 758 1687 803 quantum
1703 750 1765 790 rei
1781 748 1971 799 militari,
1990 753 2079 788 stu-

1195 812 1256 852 dii
1277 817 1322 852 et
1349 813 1506 853 laboris
1535 813 1826 865 imposuisset,
1852 810 1982 852 facile
2018 811 2080 852 di-

1196 876 1321 917 cendi
1342 878 1523 928 palmam
1544 877 1810 918 obtinuisset.
1840 877 1946 917 Otiv.

1251 940 1613 993 Peregrinandum]
1641 940 1710 981 Ad
1740 946 1923 981 externa
1940 951 2083 980 exem-

1197 1005 1271 1057 pla
1290 1005 1612 1045 transeundum.

1254 1069 1364 1110 Ex'r.
1412 1071 1435 1122 ξ
1458 1073 1479 1109 l
1527 1069 1784 1122 Pisistratus]
1832 1068 2085 1109 Calliditate

1198 1132 1266 1172 liic
1292 1133 1520 1185 plurimum
1537 1133 1693 1184 valuit,
1712 1138 1825 1173 teste
1845 1133 2088 1183 Macrobio,

1200 1208 1283 1249 qua
1298 1197 1573 1249 tyrannidem
1595 1198 1729 1250 magis
1743 1208 1869 1250 quam
1885 1197 2089 1249 eloquen-

1202 1261 1266 1300 tia
1302 1270 1538 1313 occupasse
1575 1261 1750 1303 dicitur.
1810 1260 2007 1301 Devictis
2045 1273 2091 1300 se

1203 1323 1314 1365 duce
1331 1324 1687 1376 Megarensibus,
1707 1335 1803 1365 cum
1825 1324 1980 1377 gratiae
2001 1325 2092 1376 plu-

1204 1388 1356 1428 rimum
1395 1396 1440 1429 et
1474 1388 1741 1429 auctoritatis
1781 1388 1896 1441 apud
1943 1399 2090 1430 omues

1206 1452 1408 1504 cepisset,
1431 1451 1617 1492 animum
1633 1451 1686 1491 ad
1705 1463 1881 1504 regnum
1902 1451 2092 1504 adjecit;

1207 1515 1546 1569 verberibusque
1560 1518 1816 1563 voluntariis
1834 1517 1947 1558 domi
1964 1516 2092 1559 affec-

1207 1585 1291 1631 tus,
1309 1581 1584 1634 laceratoque
1603 1592 1800 1633 corpore,
1819 1581 1890 1621 die
1908 1582 2092 1635 quadam

1207 1644 1250 1684 in
1267 1645 1483 1698 publicum
1502 1645 1679 1698 prodiit,
1694 1652 1757 1698 et,
1770 1646 1979 1688 advocata
1993 1659 2094 1691 con—

1208 1704 1347 1760 cio‘ne,
1381 1712 1560 1750 vulnera
1593 1711 1753 1763 populo
1793 1711 2002 1763 ostendit,
2041 1711 2095 1751 de

1208 1774 1468 1815 crudelitate
1497 1775 1757 1827 principum,
1786 1788 1811 1814 a
1841 1774 1995 1828 quibus
2014 1775 2097 1816 hoe

1206 1850 1255 1878 se
1293 1851 1461 1891 passum
1494 1836 1742 1889 simulabat,
1772 1839 1987 1891 queritur,
2024 1838 2098 1879 ad-

1208 1901 1368 1942 duntur
1385 1901 1560 1947 vocibus
1574 1902 1818 1954 lachrymae,
1831 1906 1876 1942 et
1888 1901 2100 1943 invidiosa

1210 1966 1404 2010 oratioue
1437 1964 1670 2006 multitudo
1703 1965 1880 2006 credula
1908 1965 2101 2008 incendi-

1210 2035 1309 2080 tur;
1341 2042 1486 2070 amore
1503 2028 1831 2082 plebisinvisum
1852 2041 1899 2070 se
1917 2029 2099 2071 Senatui

1213 2093 1594 2146 affirmat,obtinet
1613 2093 1666 2134 ad
1686 2093 1926 2135 custodiam
1947 2105 2101 2147 corpo-

1213 2161 1271 2200 ris
1300 2159 1365 2200 sui
1385 2158 1620 2199 satellitum
1649 2158 1870 2211 auxilium,
1900 2172 1977 2213 per
1998 2173 2102 2212 quos

1213 2223 1386 2265 tandem
1407 2222 1679 2275 tyrannidem
1698 2224 1943 2275 occupavit.
1998 2223 2103 2264 Fuit

1213 2293 1378 2338 autem,
1395 2291 1444 2327 ut
1478 2287 1662 2326 diximus
1683 2286 1725 2327 in
1756 2287 1903 2339 capite
1930 2287 1986 2328 de
2007 2287 2102 2328 Hu-

1215 2351 1440 2398 manitate‚
1474 2350 1684 2401 doctrina,
1716 2351 1906 2403 ingenio,
1937 2356 1983 2392 et
2014 2353 2101 2391 elo-

1216 2416 1392 2471 quentia
1424 2421 1560 2465 tauta,
1592 2419 1640 2454 ut
1673 2414 1726 2455 ab
1767 2413 2101 2456 Atheniensibus

1216 2482 1461 2536 imperium,
1502 2491 1666 2521 summa
1699 2480 1739 2520 vi
1767 2481 1997 2522 resistente
2025 2481 2101 2521 So-

1215 2549 1332 2598 lone,
1360 2546 1534 2587 tandem
1563 2545 1825 2586 obtinuerit:
1857 2545 2102 2599 trinamque

1218 2610 1421 2652 orationis
1455 2608 1616 2660 effecit,
1643 2615 1692 2650 ut
1729 2607 2015 2650 Athenienses
2043 2610 2106 2649 illi

1218 2687 1265 2716 se
1312 2673 1645 2726 libertatemque
1686 2674 1977 2726 subjicerent:
2022 2686 2103 2714 nec

1218 2739 1446 2792 quicquam
1467 2737 1621 2788 valuit,
1643 2737 1756 2791 quod
1772 2737 1902 2779 Solon
1916 2737 2107 2791 justissi-

1218 2814 1313 2844 mus
1341 2806 1388 2842 et
1415 2801 1688 2854 gravissimus
1716 2806 1879 2852 orator,
1897 2801 2107 2842 advocata

1219 2866 1440 2916 concione,
1460 2865 1503 2904 in
1521 2863 1742 2918 publicum
1759 2865 2039 2916 processerit,
2056 2870 2106 2904 ut

1221 2930 1407 2970 diximus
1435 2929 1481 2969 iu
1513 2929 1658 2982 capite
1692 2930 1744 2969 de
1765 2929 2104 2982 Ingratitudine‚

1221 3001 1267 3041 et
1299 2995 1472 3047 impium
1521 2992 1633 3033 illius
1674 2999 1873 3033 conatum
1918 2994 2108 3045 aperuit.

1221 3058 1412 3100 Tantum
1443 3059 1575 3110 igitur
1614 3057 1832 3097 Pisistrati
1864 3057 1998 3096 valuit
2017 3058 2106 3096 elo-

1219 3123 1411 3177 quentia,
1443 3122 1492 3163 ut
1523 3122 1641 3161 nulla
1675 3120 1842 3161 Solonis
1877 3120 2105 3171 sapientia,

1221 3187 1341 3228 nulla
1374 3187 1455 3238 vis,
1485 3186 1601 3226 nulla
1633 3184 1877 3238 eloquentia
1906 3184 2106 3223 resistere

1222 3250 1428 3302 potuerit.
1484 3249 1639 3290 Cicero
1677 3250 1731 3288 de
1775 3248 2005 3287 Pisistrato
2052 3247 2107 3287 de

1223 3313 1412 3354 Oratore
1446 3312 1555 3353 libro
1592 3324 1667 3352 111.
1735 3313 1747 3334 ‘
1777 3311 1886 3352 Quis
1934 3310 2106 3352 doctior

1223 3376 1377 3420 iisdem
1425 3375 1705 3427 temporibus,
1743 3381 1817 3414 aut
1850 3374 1969 3427 cujus
2016 3376 2104 3416 elo-

1224 3441 1403 3493 quentia
1427 3439 1564 3479 literis
1586 3437 1835 3477 instructior
1854 3436 1986 3478 fuisse
2016 3442 2104 3479 tra-

1226 3503 1360 3555 ditur,
1396 3514 1523 3556 quam
1560 3500 1794 3551 Pisistrati,
1840 3502 1914 3553 qui
1941 3501 2103 3553 primus

1225 3565 1405 3612 Homeri
1423 3564 1553 3606 libros
1570 3561 1768 3608 confusos
1794 3570 1921 3608 antea
1940 3565 2002 3610 sic
2022 3564 2107 3611 dis-
