2346 3996
555 299 818 340 VALERu
865 291 1658 344 MAX1M11AB.1x.cAP.l.

251 420 466 464 Numidico
493 419 642 472 castra]
671 421 779 462 Quae
811 423 939 472 pater
975 422 1074 459 suus

195 485 462 528 severissime
491 488 677 535 rexerat,
704 487 751 523 et
769 482 1014 522 instituerat
1030 483 1074 522 in

196 550 398 592 Numidia
415 553 566 590 contra
580 549 608 590 J
612 548 854 601 ugurtham,
869 546 970 600 quia
990 547 1075 599 pri-

194 628 304 667 mus,
321 619 519 656 correcta
537 613 766 666 disciplina
784 611 970 664 militari,
997 612 1074 654 Ju-

196 677 395 730 gurtham
420 676 503 717 sibi
536 675 731 717 diffidere
763 675 923 728 coegit,
953 675 1074 716 etad

193 753 339 781 veram
359 740 622 781 deditionem
642 741 826 781 animum
841 740 1074 793 applicare,

195 805 388 858 quamvis
407 805 536 845 Marii
556 804 745 845 factione
764 804 946 846 victoria
963 817 1074 844 sum-

194 879 281 914 ma,
299 880 424 921 quam
445 881 555 920 pene
575 868 618 908 in
649 868 844 908 manibus
870 867 1074 918 habebat,

193 930 248 971 ad
267 931 452 971 Marium
473 931 682 971 translata
700 937 783 971 est.
812 931 920 971 Bad.

249 995 272 1047 ᾗ
302 999 337 1036 6·
359 995 586 1035 Consimilis
620 994 807 1046 mutatio]
837 994 986 1046 Curio,
1019 994 1075 1034 ad

195 1072 322 1113 quem
359 1061 516 1102 Cicero
558 1061 725 1114 priores
762 1061 942 1102 secundi
975 1060 1074 1102 libri

194 1124 401 1176 epistolas
420 1125 587 1177 scribit,
619 1125 719 1167 trib.
739 1126 894 1178 plebis,
915 1125 1074 1179 princi-

194 1188 268 1240 pio
287 1186 562 1230 dissensionis
589 1190 772 1231 Caesaris
791 1195 922 1243 atque
950 1190 1076 1231 Pom-

194 1251 298 1303 peii,
330 1259 498 1304 patrem
519 1265 730 1307 avumque
750 1253 903 1294 habuit
935 1260 1075 1295 orato-

193 1326 262 1355 res
273 1315 470 1366 egregios
485 1320 529 1355 et
544 1317 938 1358 continentissimos
950 1318 1076 1370 viros,

192 1378 314 1430 cujus
335 1387 503 1431 patrem
528 1381 805 1421 clarissimum
836 1383 921 1422 suis
941 1382 1075 1422 laudi-

192 1441 271 1482 bus
300 1443 487 1482 omnium
521 1443 740 1484 fortunam
772 1449 1074 1497 superaturum

192 1503 323 1546 fuisse
345 1506 456 1546 dixit
487 1507 660 1559 Cicero,
689 1509 725 1548 si
745 1509 786 1548 ei
805 1511 1074 1562 contigisset,

193 1574 243 1609 ut
275 1570 386 1610 hunc
413 1571 644 1612 Curionem
672 1571 805 1612 filium
837 1579 935 1613 ante
956 1575 1076 1615 vide-

193 1639 277 1680 ret.
315 1647 439 1686 quam
478 1648 504 1675 a
543 1636 632 1676 vita
667 1637 936 1678 discederet:
978 1639 1074 1692 ipse

191 1708 294 1737 vero
314 1698 513 1738 tribunus
545 1699 683 1751 plebis
713 1699 869 1751 factus,
891 1703 1074 1744 Caesaris

189 1761 444 1814 actionibus,
460 1765 584 1816 cujus
611 1771 727 1806 esset
745 1766 1075 1819 inimicissimus,

190 1825 333 1878 primo
369 1824 570 1867 resistere
608 1829 759 1880 coepit,
789 1829 946 1870 deiude
976 1844 1073 1872 cum

189 1890 406 1930 luxuriose
437 1891 621 1932 vivendo
659 1890 757 1932 aeris
783 1894 911 1934 alieni
943 1896 1072 1947 pluri·

189 1965 305 1994 mum
325 1955 631 2007 contraxisset,
645 1956 707 1996 illi
721 1955 851 1997 facile
871 1960 1071 2000 concilia-

189 2023 257 2059 tus
275 2023 358 2067 est,
377 2024 439 2072 et,
451 2025 565 2060 teste
587 2021 803 2073 Appiano,
821 2023 1072 2074 pudicitiam

189 2074 274 2121 hon
305 2082 411 2122 satis
442 2083 663 2123 honestam
699 2084 899 2126 habuisse
933 2089 1073 2128 credi-

189 2149 289 2194 tux—3
316 2157 413 2184 nam
451 2145 746 2187 adolescentes
779 2149 870 2201 ejus
901 2151 1072 2192 domum

187 2207 536 2261 frequentabant,
599 2212 845 2252 muneribus
910 2215 1072 2257 illecti:

189 2284 287 2312 cnm
323 2273 497 2313 Caesare
522 2285 693 2327 quoque
730 2287 881 2326 parum
914 2279 1074 2329 pudice

188 2335 348 2376 vixisse
367 2337 654 2380 existimatur.
689 2339 840 2380 Oliver.

242 2399 392 2440 Forum
408 2402 600 2454 nostrum]
620 2403 747 2444 Cives
765 2405 959 2457 Romani,
975 2420 1073 2448 con-

192 2460 334 2501 tinens
355 2475 436 2515 pro
457 2471 682 2506 contento.

247 2527 538 2571 Gravissimum
557 2533 827 2586 supercilium]
847 2534 1070 2587 Rigidissi-

187 2604 301 2633 mam
318 2594 586 2638 societatem.

243 2657 417 2710 Etfilii]
446 2660 646 2701 Curionis
663 2661 826 2703 tribuni
847 2663 985 2715 plebis
1006 2664 1070 2704 in-

187 2724 258 2760 ter
275 2719 398 2762 initia
419 2722 521 2763 belli
541 2724 681 2764 civilis
709 2726 823 2779 quod
838 2726 955 2767 inter
976 2728 1071 2768 Cae-

185 2797 326 2827 sarem
368 2791 414 2827 et
459 2787 716 2840 Pompeium
760 2794 931 2841 gestum
989 2796 1069 2832 est.

190 2844 296 2892 oliv.

243 2912 500 2957 Contractum
515 2913 674 2964 fumosa
691 2914 861 2968 injuria]
891 2917 952 2958 Ut
979 2928 1069 2958 suae

186 2973 351 3016 libidini
370 2976 656 3024 satisfaceret,
687 2979 1070 3033 adolescentesque

185 3039 434 3080 muneribus
483 3042 529 3082 et
569 3041 710 3093 pretio
754 3050 1070 3095 corrumperet,

187 3101 342 3153 quibus
358 3102 638 3155 abuteretur;
653 3117 752 3144 nam
767 3106 960 3146 honestis
975 3119 1069 3147 ver-

186 3163 251 3204 bis
269 3176 360 3206 rem
387 3167 674 3219 turpissimam
695 3168 849 3210 innuit.
878 3169 989 3210 Oziv.

241 3229 266 3280 ξ
283 3231 310 3268 7
327 3229 470 3270 Publii
482 3235 614 3272 autem
631 3233 781 3284 Clodii]
803 3234 856 3274 P.
871 3234 1067 3275 Clodium

187 3288 299 3330 Deae
314 3291 456 3333 Florae
474 3305 598 3335 sacra
615 3295 814 3348 violasse,
830 3296 1068 3351 incestique

188 3363 308 3393 reum
326 3352 493 3396 factum
511 3369 605 3398 esse
625 3371 651 3398 a
669 3360 884 3412 corruptis
907 3361 1069 3413 judici-

187 3415 269 3455 bus
303 3416 561 3473 absolutum,
580 3422 762 3463 diximus
795 3424 838 3463 in
875 3436 974 3476 cap.
1011 3426 1067 3466 de

186 3478 405 3531 Testibus‚
446 3486 492 3521 et
540 3484 625 3524 alio
672 3486 782 3526 loco.
840 3487 1066 3529 Quomodo

189 3553 291 3582 vero
309 3544 528 3595 corruptio
546 3546 619 3586 illa
645 3546 761 3590 facta
779 3551 850 3602 sit,
867 3563 980 3592 nunc
1001 3564 1066 3591 os-

295 3609 441 3662 Delplz,
456 3617 496 3652 et
512 3613 606 3653 Var.
627 3615 733 3656 Clas.

987 3619 1071 3663 Val.
1096 3622 1148 3660 M
1148 3632 1213 3661 ux.

1875 293 2018 349 1329

1141 422 1295 463 tendit.
1353 425 1452 465 Non
1479 425 1656 466 tantum
1676 425 1873 478 pecunia,
1904 429 2017 479 quod

1141 486 1408 527 tolerabilius
1426 488 1596 540 fuisset,
1616 490 1690 530 scd
1712 490 1882 542 perdita
1896 491 2020 531 luxu-

1139 548 1219 599 ria,
1239 551 1352 602 quod
1375 552 1544 603 turpius
1566 552 1648 592 fuit
1665 565 1787 604 ;nam
1806 559 2021 594 matronas

1138 612 1362 666 ingenuas,
1387 615 1636 669 nobilesque
1666 629 1822 669 pueros
1854 618 2022 669 ingenti

1142 677 1283 728 pretio
1301 678 1524 731 conduxit,
1546 692 1650 733 quos
1665 680 1859 731 judicum
1880 681 2022 721 libidi-

1139 740 1183 779 ni
1236 741 1483 794 subjiceret.
1541 745 1601 783 Ut
1649 745 1759 784 enim
1810 746 2020 798 cujusque

1140 805 1328 846 studium
1365 805 1589 859 flagrabat,
1623 809 1683 849 sic
1721 810 1814 861 eJus
1848 810 2019 850 libidini

1139 869 1480 923 obtemperabat,
1495 878 1544 911 ut
1561 873 1654 912 aliis
1669 879 1822 925 scorta,
1838 874 1930 914 aliis
1947 887 2020 926 pe-

1140 935 1308 975 cuniam
1327 935 1545 988 praeberet
1561 952 1573 986 3
1603 936 1832 978 dummodo
1848 938 1928 977 sibi
1949 938 2024 978 ob-

1139 1000 1291 1040 noxios
1321 1000 1539 1051 redderet,
1558 1013 1582 1040 a
1602 1001 1756 1054 quibus
1777 1003 2020 1043 absolvere.-

1140 1067 1224 1115 tur,
1244 1075 1386 1116 neque
1406 1063 1612 1116 sumptui,
1631 1077 1770 1118 neque
1797 1066 2022 1107 modestiae

1140 1135 1229 1168 suae
1259 1133 1475 1179 parceret.
1515 1129 1621 1169 Oliv.
1678 1130 1872 1182 Contigit
1894 1130 1948 1170 A.
1967 1131 2024 1171 U.

1146 1200 1323 1232 ncxcu.

1194 1254 1459 1306 Sequestrem]
1491 1256 1796 1297 Mediam-icem
1831 1259 2024 1312 perjurii,

1140 1319 1240 1371 quia
1268 1320 1524 1360 concubitus
1559 1320 1620 1359 illi
1656 1333 1782 1360 causa
1812 1321 1947 1374 fuere,
1975 1330 2023 1364 ut

1140 1384 1387 1434 peJerareut
1438 1384 1612 1435 judices
1666 1385 1708 1423 in
1756 1385 2020 1427 absolvendo

1141 1445 1293 1487 Clodio
1341 1447 1651 1488 nocentissimo
1689 1454 1735 1488 et
1777 1449 2024 1501 turpissimo

1140 1510 1328 1551 homine.
1361 1512 1511 1552 Oliver.

1194 1576 1463 1628 Religionem]
1491 1577 1732 1627 Justitiam,
1750 1589 1848 1629 quae
1870 1578 2022 1618 violari

1137 1650 1222 1678 non
1256 1644 1403 1691 potest
1435 1640 1527 1678 sine
1548 1639 1737 1679 Deorum
1756 1645 2022 1693 contemptu.

1118 1702 1406 1754 Religionem]
1454 1702 1812 1744 observationem
1846 1703 2021 1757 jurisju-

1139 1766 1275 1807 randi.

1192 1830 1261 1881 §8
1293 1829 1540 1870 Tribunicius
1555 1829 1704 1881 viator]
1732 1828 1935 1871 Minister
1947 1830 2022 1871 tri·

1140 1891 1366 1946 hunorum,
1399 1895 1472 1947 qui
1508 1905 1563 1933 ex
1595 1894 1706 1946 agris
1737 1899 1959 1934 senatores
1979 1894 2022 1934 in

1138 1958 1299 1997 curiam
1322 1959 1466 1998 accire
1479 1964 1779 2010 consueverat,
1792 1971 1890 1999 nam
1910 1971 1935 2001 a
1953 1959 2024 2000 via

1137 2020 1152 2045 ⁶
1169 2021 1354 2061 viatores
1371 2021 1383 2039 '
1404 2027 1504 2062 sunt
1520 2023 1744 2074 appellati.
1778 2024 1885 2063 Oliv.

1195 2086 1366 2135 Ingenui
1397 2086 1622 2138 sanguinis]
1668 2087 1780 2127 Nam
1806 2088 1855 2127 >iu
1884 2088 2023 2128 libera

1138 2147 1264 2188 domo
1294 2154 1420 2189 natus
1452 2156 1563 2200 erat,
1600 2155 1646 2190 et
1674 2151 1767 2202 ipse
1795 2151 2020 2204 ingenuus,

1137 2211 1213 2250 sed
1235 2211 1289 2251 ad
1308 2212 1507 2252 servilem
1541 2225 1585 2253 se
1606 2212 1820 2253 fortunam
1842 2214 2021 2266 redege-

1137 2281 1204 2315 rat
1223 2276 1401 2315 viatoris
1419 2274 1607 2316 officium
1624 2278 1886 2329 exercendo,
1905 2279 2020 2331 quod

1136 2338 1329 2380 deforme
1361 2353 1532 2392 semper
1565 2340 1663 2391 fuit,
1689 2347 1818 2395 atque
1848 2343 2022 2383 servile.

1137 2402 1262 2443 Idem.

1191 2467 1355 2509 Metello
1393 2474 1431 2509 et
1459 2469 1639 2523 Scipioni
1671 2470 1909 2522 consulibus]
1947 2471 2019 2511 Ita

1135 2532 1278 2583 vulgo.
1334 2534 1571 2585 Collegium
1603 2536 1684 2576 hoc
1719 2536 1938 2575 consulum
1974 2536 2018 2574 in

1134 2592 1258 2635 fastis
1292 2608 1379 2636 non
1411 2599 1641 2649 reperitur.
1698 2599 1752 2639 In
1771 2599 1938 2640 winch.
1973 2603 2019 2639 et

1134 2657 1290 2701 Atreb.
1327 2662 1547 2714 hahemus,
1580 2663 1739 2703 Metello
1774 2668 1812 2704 et
1841 2663 2021 2715 Scipioni

1137 2713 1252 2763 Coss:
1292 2723 1545 2765 Auferenda
1562 2731 1629 2765 est
1648 2728 1816 2780 copula,
1831 2727 2019 2767 scriben-

1135 2784 1350 2839 dumque3
1378 2789 1543 2829 Metello
1582 2789 1760 2842 Scipioni
1790 2791 1935 2831 consuli
1972 2804 2018 2831 ac

1132 2849 1302 2890 tribunis
1315 2851 1453 2903 plebis.
1499 2853 1598 2892 Fuit
1619 2858 1762 2894 autem
1782 2855 1837 2897 Q.
1858 2854 2016 2894 Metel-

1114 2907 1197 2953 'lus
1222 2914 1367 2967 Scipio
1401 2918 1550 2956 consul
1579 2918 1775 2959 cum'Cn.
1807 2918 2017 2970 Pompeio

1131 2978 1295 3030 Magno
1314 2991 1474 3031 genero
1494 2993 1572 3021 suo
1592 2993 1676 3021 uon
1702 2981 1778 3021 diu
1799 2986 1899 3022 ante
1928 2981 2017 3020 bel-

1131 3041 1218 3080 lum
1257 3042 1411 3093 civile3
1461 3057 1545 3096 quo
1585 3045 1771 3085 maxime
1817 3050 2014 3095 tempore

1134 3105 1270 3145 Roma
1299 3107 1402 3146 luxu
1432 3113 1563 3160 atque
1592 3107 1743 3160 opibus
1773 3106 2013 3147 diffluebat.

1131 3168 1260 3209 Scioli
1279 3169 1377 3210 bina
1396 3172 1649 3223 cognomina
1662 3172 1754 3211 haec
1771 3172 1894 3210 unius
1916 3182 2012 3210 esse

1131 3232 1396 3286 ignorantes,
1414 3236 1670 3287 interposita
1701 3236 1872 3287 copula,
1903 3234 2010 3274 duos

1130 3297 1333 3338 fecerunt
1383 3299 1595 3347 consules,
1639 3298 1744 3338 moti
1798 3304 2012 3350 praeterea

1129 3361 1272 3401 verbis
1297 3361 1669 3413 subsequentibus,
1687 3361 1760 3400 ubi
1781 3361 1888 3400 dicit
1909 3373 2010 3401 auc-

1130 3430 1226 3465 tor:
1264 3426 1396 3476 epulas
1429 3425 1645 3464 consulibus
1673 3429 1710 3464 et
1736 3424 1905 3464 tribunis
1932 3437 2009 3463 nem

1127 3489 1392 3539 celebrandas,
1412 3490 1480 3528 sed
1504 3488 1771 3527 vindicandas.
1830 3488 1886 3527 Et
1905 3498 2007 3527 sane

1129 3551 1211 3591 fuit
1247 3554 1489 3594 convivium
1523 3551 1601 3591 hoc
1621 3565 1645 3590 a
1676 3549 1837 3591 viatore
1858 3550 2006 3590 datum

1806 3620 1831 3655 4
1861 3617 1897 3656 P
