2288 3990
587 317 850 358 νΑιΕηιι
900 314 1134 353 MAxmi
1188 314 1302 353 ωις.
1343 297 1662 351 11.-CAP.1.

206 453 295 483 Lu.
346 451 448 483 vm.
477 439 750 479 Cnsms'rm.
792 447 876 475 vn.
907 434 1087 474 Taum-

207 516 364 547 NAmA.
435 502 616 541 Omittit
662 500 756 539 haec
803 498 918 538 festa
964 503 1088 536 vetus

206 571 472 611 Romanum:
494 566 636 607 miror.
689 564 742 605 In
763 561 975 610 Rurestri,
994 566 1089 613 post

209 633 457 676 Parentalia
502 637 549 672 et
593 629 869 686 Lupercalia,
913 626 1090 678 legitur,

207 697 339 738 CARA
371 698 577 737 Coeum.
606 693 791 741 mallem,
819 693 938 731 Cam
973 690 1090 728 (Ioa-

204 771 311 801 ΝΑΤ.
340 759 384 800 id
404 765 488 810 est,
513 759 526 781 ‘
543 757 758 799 Charistia
784 753 1093 807 cognatorum!

205 824 314 864 Dies
359 823 432 864 ille
475 827 591 862 totus
636 821 808 861 deditus
855 817 1089 859 conviviis:

204 888 307 928 hinc
355 886 537 928 eundem
583 887 595 910 ‘
619 887 796 926 Festum
841 885 1062 936 epularum
1079 881 1090 898 '

207 940 424 991 dixerunt.
480 950 566 991 Sed
609 961 706 989 mea
741 949 835 988 haec
875 947 1091 999 suspici03

207 1027 306 1055 nam
343 1016 423 1056 hoc
456 1014 627 1055 nomine
664 1013 826 1053 diutins
859 1012 967 1063 dies,
1007 1023 1092 1064 quo

204 1080 365 1120 Petrus
384 1078 617 1132 Apostolus
638 1076 884 1118 cathedram
905 1075 948 1115 in
969 1074 1093 1116 Anti-

205 1144 326 1184 ochia
346 1143 504 1195 erexit,
523 1144 650 1194 vulgo
671 1142 813 1182 dictus
826 1148 916 1182 est:
940 1140 1095 1181 incidit

205 1206 278 1248 ille
316 1207 360 1247 in
394 1206 508 1247 idem
543 1212 732 1259 tempus,
765 1219 849 1259 quo
871 1207 1094 1247 celebrata

207 1271 388 1322 antiqua
403 1270 632 1312 Charistia.
678 1271 864 1323 Neapolis
881 1273 932 1311 acl
953 1271 1095 1312 Fuscos

209 1335 361 1376 Ovidii.

262 1397 387 1439 Sacra
401 1397 561 1450 memae]
589 1399 766 1451 Epulas.
808 1399 920 1440 Nam
935 1400 1094 1450 omnia,

209 1476 303 1517 quae
329 1464 488 1503 mensis
511 1471 802 1517 apponuntur,
821 1472 994 1505 sacrata
1018 1478 1094 1517 pu-

208 1527 429 1578 tabantur,
442 1528 544 1581 quia
555 1540 608 1568 ex
623 1529 690 1568 his
707 1535 934 1582 antequam
949 1542 1095 1569 vesce-

207 1596 371 1640 rentur,
390 1591 599 1642 primitias
617 1605 789 1644 semper
819 1594 917 1633 Deo
948 1591 1097 1632 offere·

207 1654 327 1696 bant.
379 1654 505 1696 Sacra
525 1655 685 1707 mensoe]
714 1657 881 1697 Mensae
909 1657 1095 1709 antiquis

205 1723 332 1759 erant
377 1730 530 1758 sacrae.
598 1720 801 1772 Synesius
845 1720 982 1773 Epist.
1026 1724 1094 1761 57.

206 1779 390 1834 Τράπεζα
419 1780 492 1832 μὲν
524 1781 623 1836 ἱερόν
652 1798 692 1823 τι
725 1785 874 1836 χρῆμα,
915 1785 961 1824 δι’
992 1782 1040 1832 ἧς
1074 1786 1095 1824 ὁ

206 1845 459 1896 θεὸςτιμᾶται
476 1846 604 1899 φίλιός
619 1863 666 1888 τε
680 1846 744 1888 καὶ
763 1846 897 1899 ξένιος.
944 1849 996 1889 ld
1013 1856 1096 1901 est,

209 1912 352 1952 Mensa
368 1924 482 1953 sacro
501 1915 680 1964 quoedam
704 1926 768 1954 res
790 1918 864 1964 est,
889 1926 962 1966 per
981 1927 1096 1966 quam

207 1974 319 2015 Deus
329 1975 516 2016 amicitiae
525 1976 750 2017 conciliator
763 1981 877 2030 atque
890 1978 1095 2030 hospitalis

205 2036 434 2088 honoratur.
489 2040 548 2080 Et
567 2039 784 2082 Arnobius
817 2043 891 2083 lib.
909 2054 960 2084 n.
991 2045 1002 2066 ‘
1018 2044 1094 2084 Sa-

208 2112 306 2142 cras
335 2100 481 2144 facitis
513 2116 682 2145 mensas
709 2106 939 2147 salinorum
962 2120 1094 2159 appo-

207 2165 293 2206 situ
312 2170 358 2206 et
372 2166 640 2224 simulachris
655 2169 875 2210 Deorum?
908 2171 1094 2223 771ysius.

204 2249 210 2253 ·
261 2231 332 2282 §9
359 2229 562 2272 Senectuti
582 2231 793 2285 juventus]
821 2233 950 2286 Apud
985 2237 1095 2274 anti-

207 2293 430 2345 quissimos
456 2294 749 2337 Romanorum
783 2310 920 2349 neque
950 2300 1096 2350 generi

207 2369 351 2410 neque
373 2359 566 2410 pecuniae
583 2362 859 2412 praestantior
871 2363 1003 2403 honos
1020 2364 1096 2404 tri-

208 2419 284 2460 bui
316 2433 444 2473 quam
466 2423 586 2463 aetati
606 2424 787 2465 solitus:
820 2427 1094 2480 maioresque

210 2489 315 2524 natu
325 2485 591 2526 aminoribus
602 2488 868 2540 colebantur,
888 2490 941 2529 ad
959 2491 1096 2531 Deum

209 2558 346 2599 prope
363 2554 409 2589 et
428 2557 654 2601 parentum
684 2552 847 2594 vicem:
883 2560 1014 2608 atque
1053 2558 1096 2597 in

209 2611 322 2651 omni
342 2611 454 2663 loco,
475 2615 601 2667 inque
615 2617 729 2655 omni
744 2619 891 2668 specie
908 2619 1095 2670 honoris,

210 2675 375 2726 priores
394 2677 669 2731 potioresque
689 2680 823 2720 habiti
844 2694 868 2721 a
895 2684 1096 2724 convivio

211 2751 396 2792 quoqne,
424 2748 470 2781 ut
485 2743 696 2795 scriptum
718 2752 782 2785 est
803 2746 846 2786 in
862 2747 1096 2800 antiquita-

211 2802 346 2855 tibus,
375 2805 561 2846 seniores
595 2819 620 2846 a
651 2809 886 2850 minoribus
924 2811 1095 2853 domum

211 2865 558 2912 deducebantur:
592 2884 775 2925 eumque
794 2887 954 2915 morem
975 2889 1096 2916 acce-

210 2931 326 2983 pisse
346 2933 560 2974 Romanos
576 2948 601 2974 a
633 2936 974 2980 Lacedaemoniis
1010 2949 1094 2981 tra·

213 2994 350 3036 ditum
384 3002 478 3038 est:
509 2999 622 3049 apud
657 3013 762 3052 quos
782 3002 970 3056 Lycurgi
990 3005 1095 3057 legi-

214 3057 294 3098 bus
314 3060 447 3112 major
466 3074 606 3103 rerum
627 3067 814 3107 omnium
843 3069 975 3110 honos
1009 3084 1093 3113 ma-

204 3120 295 3173 jori
315 3124 437 3164 aetati
457 3125 710 3169 habebatur.
762 3131 850 3172 Sed
869 3140 1095 3189 postquam

214 3185 379 3227 soboles
399 3187 565 3230 civitati
584 3196 830 3236 necessaria
846 3197 934 3238 visa
953 3205 1034 3251 est,
1052 3206 1099 3242 et

214 3249 268 3290 ad
316 3252 479 3304 prolem
536 3257 686 3307 populi
739 3257 1096 3314 frequentandam

207 3315 402 3364 praemiis
420 3323 548 3370 atque
561 3320 855 3365 invitamentis
872 3340 972 3368 usus
986 3329 1093 3371 fuit:

215 3381 307 3418 tum
343 3383 540 3434 antelati,
578 3385 834 3437 quibusdam
872 3392 914 3431 in
950 3394 1096 3447 rebus,

217 3440 290 3491 qui
302 3453 495 3495 uxorem,
512 3447 668 3500 quique
688 3451 846 3493 liberos
865 3453 1095 3510 haberent,

217 3502 448 3546 senioribus
466 3520 605 3562 neque
624 3513 798 3566 liberos,
817 3529 955 3570 neque
989 3534 1095 3562 uxo-

217 3574 286 3605 res
307 3564 574 3615 habentibus.
629 3576 701 3617 Sic
732 3581 877 3632 capite
904 3585 1093 3636 septimo

1895 297 2036 351 1003

1154 434 1259 484 legis
1300 432 1446 483 Julian,
1497 432 1629 484 priori
1677 443 1731 471 ex
1781 428 2036 471 Consulibus

1153 496 1292 537 fasces
1313 497 1507 539 sumendi
1528 501 1720 550 potestas
1749 494 1812 543 fit,
1853 505 1936 533 non
1966 494 2037 546 qui

1154 563 1296 613 plures
1317 574 1450 602 annos
1466 569 1592 602 natus
1611 568 1695 611 est,
1715 559 1790 599 sed
1805 558 1876 612 qui
1895 557 2039 608 plures

1154 628 1307 667 liberos
1327 641 1450 680 qnam
1472 628 1639 680 collega
1677 631 1752 666 aut
1782 624 1826 664 in
1857 635 1933 663 sua
1964 635 2041 674 po-

1155 696 1316 730 testate
1337 691 1484 743 habet,
1503 698 1578 732 aut
1602 692 1713 731 bello
1744 688 1902 730 amisit.
1955 687 2040 727 Sed

1154 754 1188 793 si
1207 766 1284 806 par
1295 755 1469 807 utrique
1488 767 1689 796 numerus
1708 754 1942 794 liberorum
1961 759 2044 803 est,

1155 819 1349 870 maritus,
1361 826 1435 858 aut
1453 820 1523 871 qui
1544 819 1585 858 in
1601 831 1776 860 numero
1792 817 2041 858 maritorum

1155 887 1238 934 est,
1285 882 1518 935 praefertur
1542 897 1552 923 :
1603 883 1635 922 si
1673 894 1775 922 vero
1823 880 1950 920 ambo
1997 887 2045 920 et

1155 948 1318 998 mariti,
1347 954 1394 989 et
1414 955 1562 1000 patres
1597 947 2043 997 totidemliberorum

1155 1018 1271 1063 sunt,
1294 1019 1383 1053 tum
1405 1013 1476 1053 ille
1497 1013 1706 1065 pristinus
1725 1012 1861 1052 honos
1882 1012 2045 1052 instau-

1155 1084 1293 1128 ratur,
1321 1081 1367 1116 et
1395 1076 1469 1130 qui
1504 1076 1644 1129 major
1678 1082 1783 1116 natu
1813 1081 1894 1127 est,
1926 1075 2047 1127 prior

1154 1141 1299 1184 fasces
1323 1142 1470 1183 sumit.
1523 1143 1663 1195 Super
1694 1141 1760 1181 his
1791 1146 1952 1191 autem,
1974 1140 2046 1192 qui

1155 1214 1232 1249 aut
1269 1208 1448 1248 coelibes
1484 1207 1610 1248 ambo
1643 1213 1761 1258 sunt,
1792 1212 1869 1247 aut
1898 1218 2045 1258 parem

1155 1285 1380 1313 numerum
1400 1271 1582 1312 filiorum
1602 1271 1781 1321 habent,
1809 1274 1885 1310 aut
1904 1269 2047 1309 mariti

1157 1345 1272 1389 sunt,
1313 1344 1360 1377 et
1396 1338 1556 1377 liberos
1592 1348 1678 1376 non
1717 1335 1898 1384 habent,
1942 1333 2048 1373 nihil

1157 1402 1366 1454 scriptum
1387 1400 1429 1440 in
1448 1402 1544 1452 lege.
1560 1400 1614 1440 de
1639 1404 1770 1439 aetate
1799 1404 1883 1438 est.
1940 1396 2051 1436 Soli-

1157 1473 1224 1508 tos
1258 1473 1402 1507 tamen
1438 1465 1582 1515 audio,
1611 1465 1685 1518 qui
1723 1464 1819 1515 lege
1857 1461 2047 1514 potiores

1158 1535 1320 1580 essent,
1352 1528 1490 1570 fasces
1526 1529 1653 1581 primi
1685 1526 1844 1567 mensis
1874 1526 2050 1577 collegis

1157 1594 1413 1645 concedere,
1426 1600 1501 1634 aut
1521 1594 1647 1646 longe
1668 1597 1798 1633 aetate
1817 1590 2051 1644 prioribus,

1158 1664 1234 1699 ant
1249 1658 1532 1699 nobilioribus
1547 1659 1701 1707 multo,
1721 1664 1794 1696 aut
1814 1655 2050 1695 secuudum

1156 1724 1425 1764 consulatum
1446 1722 1709 1763 ineuntibus.
1746 1721 1800 1761 A.
1823 1719 1995 1760 Gellius.

1210 1791 1395 1843 Aliquem
1412 1803 1464 1831 ex
1490 1790 1687 1842 patribus]
1714 1788 1886 1828 Vixisse
1918 1787 2050 1826 etiam

1155 1856 1308 1908 majori
1344 1868 1399 1896 ex
1438 1862 1564 1907 parte
1605 1851 1911 1893 adolescentiae
1952 1864 2049 1891 cum

1157 1919 1708 1971 senioribttsjiiventutem,
1726 1916 1890 1956 indicat
1909 1916 2050 1955 Varro

1157 1985 1270 2037 apud
1320 1984 1527 2033 Nonium,
1569 1982 1690 2035 cujus
1735 1982 1877 2022 locum
1923 1980 2051 2032 vulgo

1155 2057 1408 2104 corruptum
1461 2051 1522 2090 sic
1555 2050 1676 2102 lego:
1725 2049 1900 2088 ‘Multo
1938 2060 2050 2100 prae-

1156 2115 1233 2154 diti
1256 2114 1420 2167 pudore
1444 2120 1488 2155 et
1509 2113 1719 2167 pudicitia
1735 2112 2052 2162 adolescentes,

1158 2179 1362 2219 vixerunt
1384 2191 1480 2219 cuin
1511 2178 1672 2230 majore
1695 2183 1818 2229 parte
1839 2176 1934 2228 ejus
1955 2188 2051 2228 gra-

1158 2243 1253 2282 duis
1291 2249 1522 2296 antequam
1563 2243 1778 2295 stipendia
1823 2240 2052 2283 facerent!

1157 2308 1329 2348 vitiose
1351 2308 1482 2347 etiam
1505 2307 1713 2359 scriptum
1735 2305 1894 2357 fuerat,
1919 2306 2051 2345 ‘Var-

1161 2383 1208 2410 ro
1237 2370 1312 2411 lib.
1345 2383 1398 2411 11.
1432 2372 1485 2410 de
1517 2371 1624 2411 Vita
1656 2370 1770 2421 Pop.
1801 2368 1940 2409 Rom!
1972 2381 2051 2421 pro

1158 2435 1259 2476 ‘lib.
1296 2434 1342 2476 1.'
1401 2435 1514 2475 Nam
1552 2435 1629 2475 lib.
1668 2447 1700 2475 1.
1751 2433 1807 2474 de
1844 2433 2051 2473 Patribus

1159 2498 1425 2551 scripserat3
1469 2498 1657 2538 secundo
1688 2499 1741 2538 de
1771 2498 1904 2538 Victu
1938 2499 2051 2550 Pop.

1159 2563 1287 2604 Rom.
1318 2570 1369 2604 ut
1398 2563 1489 2616 ipse
1513 2563 1742 2615 profitetur
1759 2562 1860 2602 alibi
1882 2562 2049 2602 Varro:

1156 2628 1168 2648 ‘
1185 2626 1335 2667 Primo
1359 2627 1413 2667 (le
1436 2639 1482 2667 re
1511 2626 1727 2678 familiari,
1757 2639 1808 2667 ac
1836 2626 2053 2679 patribus,

1157 2693 1347 2732 secundo
1367 2692 1422 2732 de
1455 2692 1609 2733 victuis
1629 2692 1944 2732 consuetudine
1963 2692 2051 2744 pri·

1158 2755 1359 2809 migenia,
1379 2757 1511 2797 tertio
1535 2757 1588 2802 de
1610 2756 1849 2809 disciplinis
1867 2756 2052 2809 priscis?

1163 2819 1292 2861 Celer.

1219 2884 1453 2925 Voluntaria
1472 2884 1660 2936 statione]
1689 2884 1832 2925 Statio
1852 2897 1931 2938 pro
1953 2885 2053 2937 vigi-

1159 2948 1216 2988 lia
1251 2949 1342 2989 sive
1373 2949 1570 2989 excubiis
1601 2951 1877 3000 μεταφορικῶς.
1939 2951 2050 2990 Nam

1158 3012 1272 3063 apud
1292 3014 1541 3053 Suetonium
1564 3018 1609 3053 et
1627 3014 1731 3052 alios
1754 3026 1830 3065 pro
1853 3013 2051 3053 excubiis

1160 3077 1414 3117 militaribus
1453 3070 1682 3130 accipitur,
1718 3084 1767 3117 ut
1796 3083 1842 3117 et
1875 3091 1899 3116 a
1935 3077 2050 3118 JCto

1159 3140 1232 3182 lib.
1251 3153 1322 3183 111.
1340 3139 1388 3182 ff.
1422 3142 1477 3182 de
1509 3154 1556 3181 re
1578 3143 1664 3182 mil.
1725 3142 1853 3181 Haud
1885 3142 2050 3191 vulgari

1161 3204 1423 3255 significatu,
1453 3206 1593 3245 Statio
1615 3206 1913 3245 haereditatum
1944 3204 2050 3244 ‹livi-

1161 3274 1232 3308 tur
1262 3269 1306 3309 in
1332 3270 1467 3310 veteri
1490 3271 1659 3322 lapide:
1690 3280 1948 3310 PETRONIAE.
1980 3280 2051 3309 SA-

1160 3343 1302 3374 BmAE.
1350 3345 1506 3375 FtLIAE.
1545 3345 1583 3374 L.
1616 3344 1837 3375 PETRoNJ.
1873 3344 2050 3373 samm.

1161 3407 1483 3438 PRocvnA‘ron.
1517 3408 1663 3437 Aves.
1695 3407 2049 3438 sTAT10N18.111‹:-

1158 3470 1446 3502 REDtTATVM.
1477 3463 1602 3501 Idem.

1173 3534 1176 3540 ’
1213 3524 1413 3575 Brerique
1429 3536 1654 3575 progressu,
1683 3524 1772 3576 Sym]
1802 3524 1919 3567 Mire
1948 3538 2051 3566 con-

1158 3589 1389 3627 taminatus
1415 3590 1483 3626 est
1514 3587 1647 3629 locus.
1667 3587 1839 3646 Vulgo:
1870 3588 2051 3643 brevique
