2288 3990
358 283 463 338 980

413 414 676 468 Multiplicem
693 416 838 470 orbem]
857 417 908 458 In
925 418 1078 457 multas
1097 417 1234 469 spiras

360 485 406 519 et
441 491 592 531 gyros:
627 480 843 532 significat
874 485 1014 520 autem
1050 481 1234 531 longitu-

360 543 505 583 dinem
551 544 778 596 serpenfis,
815 556 900 598 qua
943 545 1237 596 multipliciter

359 606 577 647 involutus
594 613 702 647 erat.

412 671 598 722 Antium]
637 671 832 723 Antium,
858 672 1104 713 Latinorum
1141 685 1238 725 por-

360 738 446 784 tus,
476 734 520 774 iu
539 734 684 786 Italia,
711 735 947 776 Ptolemaeo
967 742 1094 777 teste.
1149 736 1239 776 An·

359 797 489 837 tiates
511 798 647 837 Livio.
703 799 801 839 Diei
822 800 975 840 itinere
995 801 1156 841 distare
1182 801 1238 841 ab

359 860 494 911 Urbe,
524 860 674 901 scribit
691 861 945 914 Procopius,
974 864 1040 903 cui
1063 863 1106 902 in
1124 863 1240 903 Sam-

359 924 519 964 nitibus
537 930 650 965 sunt.
706 925 912 977 Anthium,
924 924 1097 966 Ἀνθείαν
1113 939 1241 967 voca-

359 991 448 1026 tam
487 986 638 1027 scribit
672 987 936 1039 Stephanus:
977 995 1022 1029 et
1059 990 1239 1030 eandem

359 1049 709 1100 Antium,’‘Av·rzov
725 1056 862 1092 vocat.
919 1053 1025 1093 Con.
1045 1052 1238 1095 AN'rm'r.

359 1113 473 1154 Lm.
494 1125 560 1154 iv.
581 1114 786 1166 ῙΤΑιιοΑ,
803 1115 930 1156 habet
943 1127 1138 1155 nummus
1154 1117 1240 1155 Ne·

359 1178 490 1228 ronis,
535 1178 578 1217 in
625 1179 782 1219 Goltzii
826 1180 1058 1221 Thesauro.
1134 1180 1239 1219 Cabo

356 1239 524 1280 d’Antio
575 1242 824 1282 Petrarchae
853 1248 899 1282 et
930 1242 1127 1284 Leandro
1164 1243 1238 1282 Al-

359 1303 485 1344 berto
506 1309 585 1344 est.
640 1303 763 1345 Antii
782 1305 908 1345 hodie
941 1306 1042 1344 nihil
1075 1311 1239 1357 praeter

357 1368 503 1408 ruinas
537 1373 698 1419 extare,
724 1368 799 1408 sed
833 1374 879 1408 et
916 1369 1005 1420 ejus
1042 1369 1235 1420 vestigiis

358 1442 471 1470 nunc
490 1431 755 1483 Neptunium
786 1431 1060 1481 aedificatum,
1090 1433 1237 1472 volunt

357 1493 679 1546 volaterranus,
705 1492 913 1540 mondus,
949 1499 994 1534 et
1014 1493 1234 1534 Ciofnnus.

364 1558 556 1598 Ortelius.

414 1623 602 1674 Insulam,
630 1622 695 1663 ubi
728 1625 908 1676 templum
939 1623 1128 1674 dicatum]
1158 1623 1234 1663 Su-

358 1697 437 1736 pra
460 1692 633 1738 pontem
656 1686 900 1726 Palatinum
930 1687 983 1726 ad
1012 1700 1102 1739 pas.
1121 1695 1237 1726 octo-

360 1750 610 1801 gintajacet
628 1750 762 1789 insula
779 1750 994 1802 Tiberina,
1015 1751 1133 1802 cujus
1155 1752 1236 1790 ori-

360 1825 415 1864 go
443 1813 534 1854 haec
564 1819 656 1854 est:
687 1814 922 1868 Tarquinio
951 1813 1149 1866 Superbo
1183 1813 1238 1854 ob

360 1868 574 1919 Lucretiae
605 1886 798 1933 stuprum
829 1880 931 1920 urbe
952 1880 1090 1932 pulso,
1108 1879 1239 1919 Sena·

360 1947 428 1982 tus
447 1947 609 1982 caetera
627 1943 717 1995 ejus
738 1943 851 1983 bona
870 1943 1025 1995 populo
1043 1941 1240 1982 auferen-

359 2004 416 2043 da
432 2006 666 2046 concessit:
698 2005 774 2046 sed
795 2006 907 2058 quod
928 2008 970 2046 in
990 2017 1141 2057 campo
1165 2006 1239 2046 Ti-

359 2067 526 2117 berino,
542 2081 667 2120 quem
686 2069 777 2120 ipse
788 2070 1038 2122 Tarquinius
1052 2075 1239 2120 severat,

359 2129 500 2171 fuerat
521 2130 793 2183 frumentum,
820 2133 933 2172 aliud
965 2134 1008 2172 in
1036 2134 1146 2172 arcis
1165 2132 1237 2172 ad-

360 2195 442 2234 buc
467 2195 633 2246 jacens,
662 2196 778 2236 aliud
812 2196 854 2235 in
885 2197 1051 2247 culmis,
1079 2195 1238 2236 auferri

360 2259 518 2298 nemini
555 2260 762 2311 permisit,
796 2271 941 2300 verum
976 2266 1025 2300 ut
1061 2272 1237 2300 execra-

359 2320 459 2369 bile,
495 2321 741 2373 jaciendum
776 2323 817 2362 in
856 2322 1012 2363 flumen
1044 2335 1135 2363 esse
1165 2322 1237 2362 de·

360 2385 510 2424 crevit.
567 2386 691 2427 Quod
712 2399 808 2427 cum
829 2387 990 2426 aestivis
1021 2387 1237 2426 caloribus

358 2455 472 2488 esset
493 2450 617 2490 solito
636 2450 847 2496 humilius,
862 2451 998 2502 paleae
1014 2449 1146 2490 fundo
1165 2450 1237 2490 ad-

357 2512 589 2562 haerentes,
616 2514 844 2565 limumque
864 2512 1063 2554 fluctibus
1085 2514 1238 2554 advec-

359 2579 452 2614 tum
471 2576 755 2628 excipientes,
769 2578 946 2617 insulam
965 2578 1071 2618 hanc
1093 2578 1237 2629 paula-

361 2638 438 2678 tim
454 2637 650 2679 effecere.
682 2639 831 2691 Opera
850 2640 1004 2680 deinde
1025 2641 1238 2681 hominum

359 2701 519 2742 factum
540 2715 633 2743 esse
657 2704 857 2756 opinatur
886 2705 1045 2755 Livius,
1073 2711 1122 2744 ut
1148 2705 1238 2756 ejus

359 2778 458 2807 area
490 2766 611 2807 firma
638 2773 766 2820 esset,
793 2769 924 2809 etiam
962 2769 1015 2808 ad
1046 2769 1238 2808 Deorum

361 2831 524 2881 templa
559 2830 864 2873 sustinendum.
917 2833 1066 2873 Habet
1095 2839 1237 2872 autem

359 2894 454 2933 liaec
475 2893 610 2933 insula
628 2893 803 2935 formam
822 2895 1011 2947 biremis,
1034 2902 1082 2936 ut
1113 2897 1238 2936 intel-

359 2957 557 3007 ligamus,
586 2962 750 3008 partem
770 2957 1031 3009 superiorem
1052 2971 1238 3010 proram,

361 3019 606 3060 inferiorem
625 3032 726 3059 vero
757 3021 932 3073 puppim
964 3034 1070 3062 esse.
1127 3024 1236 3062 Lon-

360 3083 508 3135 gitudo
526 3083 620 3135 ejus
639 3082 790 3123 stadiis
809 3084 937 3135 paulo
966 3084 1105 3125 minus
1135 3085 1238 3125 duo-

361 3148 442 3188 bus
485 3145 730 3199 perficitur:
772 3146 957 3186 latitudo
1002 3159 1104 3187 vero
1146 3161 1237 3199 pas.

362 3208 682 3263 quinquaginta.
736 3209 804 3248 De
840 3208 921 3248 hac
954 3215 1053 3248 sunt
1091 3209 1239 3249 Ovidii

362 3273 403 3311 hi
424 3285 594 3313 versus:
623 3273 637 3296 ‘
652 3271 871 3312 Scinditur
885 3271 928 3310 in
942 3271 1130 3322 geminas
1147 3285 1239 3323 par-

283 3328 292 3334 ‘
362 3342 426 3374 tes
447 3333 718 3375 circumfluus
738 3334 887 3385 amnis,
911 3334 1057 3373 Insula
1086 3347 1238 3374 nomon

361 3398 507 3447 hahet,
540 3399 804 3450 laterumque
842 3410 867 3437 a
901 3401 1024 3449 parte
1061 3397 1238 3437 duorum

364 3462 558 3514 Porrigit
578 3463 758 3515 aequales
778 3461 918 3502 media
936 3461 1092 3501 tellure
1111 3462 1241 3501 lacer-

364 3524 457 3564 tos!
532 3526 640 3566 Tota
687 3532 781 3566 crat
817 3524 1060 3578 AEsculapio
1105 3536 1238 3577 sacra,

955 299 1130 339 NOTAE
1171 299 1499 342 VAffloRUM
1545 302 1608 342 IN

1299 426 1478 472 propter
1516 421 1607 474 ejus
1651 421 1949 462 simulachrum
1989 434 2042 462 ex
2079 423 2179 476 Epi·

1299 483 1434 524 dauro
1470 485 1512 524 in
1553 497 1646 524 eam
1689 484 1935 535 advectum,
1963 491 2013 525 ut
2045 485 2179 527 refert

1300 546 1459 588 Livius.
1514 547 1580 585 De
1601 558 1652 586 eo
1673 547 1843 586 Plinius
1862 548 1992 587 etiam
2013 547 2074 588 sic
2093 559 2178 589 me·

1299 609 1446 649 minit:
1471 609 1483 631 ‘
1499 607 1634 661 Atqui
1651 609 1798 661 anguis
1814 608 2083 662 AEsculapius
2097 611 2181 650 Ro-

1300 686 1412 714 mam
1444 674 1652 714 advectus
1683 679 1766 726 est,
1792 674 2007 727 vulgoque
2039 676 2180 728 pasci-

1301 744 1388 790 tur,
1425 743 1470 779 et
1507 740 1551 779 in
1597 737 1821 779 domibus!
1875 738 1999 778 Unde
2043 736 2182 778 forma

1302 803 1439 854 navis,
1459 815 1544 856 qua
1560 803 1858 842 simulachrum
1875 801 2102 842 advectum
2122 802 2184 841 di-

1304 865 1432 916 citur,
1471 877 1556 906 non
1592 865 1719 905 modo
1755 864 1906 905 insulae
1945 869 2014 904 est
2049 864 2180 905 data:

1302 939 1449 968 verum
1470 928 1687 968 memoriae
1708 927 1802 980 ejus
1821 926 1884 967 rei
1903 939 2050 978 causa,
2063 926 2182 966 navis

1303 992 1433 1032 etiam
1470 1005 1524 1032 ex
1559 991 1705 1044 lapide
1739 990 1894 1031 Thasio
1923 989 2107 1041 sculpta,
2139 989 2183 1029 in

1303 1054 1492 1107 ejusdem
1514 1054 1660 1094 insulae
1681 1053 1819 1106 puppi
1838 1052 2047 1092 collocata
2073 1049 2183 1092 fuit:

1302 1131 1396 1172 quae
1416 1119 1547 1159 etiam
1566 1117 1693 1158 hodie
1713 1116 1883 1167 visitur,
1911 1116 2016 1155 etin
2045 1115 2183 1154 altero

1302 1183 1391 1235 ejus
1435 1183 1572 1222 latere
1626 1180 1839 1232 serpentis
1895 1178 2184 1219 simulacrum.

1301 1245 1430 1287 AEdcs
1460 1244 1652 1296 ejusdem
1684 1243 1769 1284 Dei
1801 1241 1944 1295 posita
1973 1246 2084 1292 erat,
2109 1240 2183 1280 ubi

1303 1320 1417 1347 nunc
1445 1308 1504 1348 D.
1535 1305 1840 1346 Bartholomaei
1870 1309 1938 1344 est
1963 1303 2184 1356 templum.

1302 1374 1369 1414 De
1391 1385 1475 1427 qua
1495 1373 1615 1413 Sext.
1636 1370 1864 1423 Pompeius
1879 1370 1942 1410 sic
1960 1369 2154 1409 meminit
2171 1383 2182 1408 :

1300 1438 1313 1461 ‘
1329 1437 1380 1478 In
1401 1437 1540 1477 insula
1551 1434 1798 1487 AEsculapio
1813 1433 1932 1474 facta
1949 1432 2035 1473 fuit
2052 1431 2184 1482 aedes,

1300 1500 1413 1554 quod
1434 1499 1587 1553 aegroti
1606 1511 1633 1539 a
1655 1497 1834 1538 medicis
1862 1508 1981 1549 aqua·
1999 1495 2184 1536 maxime

1300 1561 1626 1604 sustententur)
1681 1559 1883 1613 Ejusdem
1911 1571 2006 1599 esse
2034 1559 2182 1599 tutelae

1301 1627 1532 1667 draconem
1549 1622 1804 1676 aiunt,quod
1818 1621 2182 1672 vigilantissimum

1302 1690 1358 1730 sit
1379 1690 1559 1730 animal:
1590 1701 1686 1742 quae
1709 1699 1776 1728 res
1797 1685 1851 1726 ad
1881 1685 2084 1726 tuendam
2114 1696 2183 1724 va-

1302 1753 1540 1794 letudinem
1561 1751 1716 1804 aegroti
1748 1750 1935 1791 maxima
1964 1753 2047 1790 est.
2102 1749 2182 1790 Ca-

1301 1827 1378 1856 nes
1395 1815 1654 1856 adhibentur
1685 1815 1779 1867 ejus
1811 1813 1990 1866 templo,
2017 1811 2118 1865 quia
2146 1811 2183 1851 is

1303 1881 1505 1922 uberibus
1526 1880 1645 1921 canis
1665 1879 1722 1920 sit
1733 1879 1934 1920 nutritus.
1967 1876 2182 1918 Bacillum

1301 1946 1431 1986 habet
1467 1944 1693 1996 nodosum,
1733 1943 1847 1997 quod
1885 1940 2183 1982 difficultatem

1301 2008 1516 2061 significat
1553 2008 1674 2049 artis.
1729 2008 1896 2048 Laurea
1936 2009 2183 2055 coronatur,

1302 2072 1416 2125 quod
1437 2085 1484 2112 ea
1503 2071 1630 2112 arbor
1650 2071 1928 2124 plurimorum
1961 2068 2017 2109 sit
2048 2079 2184 2108 reme-

1301 2136 1481 2175 diorum.
1519 2135 1634 2177 Huic
1653 2135 1823 2186 gallinae
1838 2132 2182 2173 immolabantur.

1303 2197 1446 2252 Aliqui
1463 2211 1566 2239 vero
1582 2199 1746 2247 volunt,
1772 2195 1911 2237 aedem
1928 2196 2037 2236 lianc
2055 2194 2099 2234 in
2119 2195 2181 2234 in-

1302 2262 1393 2302 sula
1425 2260 1556 2302 fuisse
1593 2261 1891 2309 constitutam,
1918 2258 2032 2312 quod
2062 2256 2183 2298 fluxu

1302 2331 1347 2365 et
1367 2332 1486 2365 motu
1505 2337 1710 2378 aquarum
1731 2322 1819 2364 ‘aer
1851 2323 1909 2363 sit
1940 2321 2180 2371 salubrior;

1302 2389 1489 2442 alioquin
1508 2394 1554 2429 et
1573 2393 1700 2429 extra
1717 2386 1868 2427 urbem
1887 2385 2089 2429 collocari
2110 2395 2184 2429 so·

1301 2453 1432 2501 lebat,
1451 2453 1562 2505 quod
1577 2452 1743 2492 Plinius
1765 2451 1894 2492 etiam
1915 2447 2182 2502 affirmatssliis

1301 2515 1470 2555 verbis:
1501 2517 1513 2538 ⁴
1532 2515 1638 2556 Ideo
1657 2513 1837 2577 Romani
1868 2514 2074 2565 templum
2088 2512 2183 2553 ΖΕΒ-

1302 2579 1476 2632 culapii‚
1520 2579 1653 2619 etiam
1694 2589 1790 2619 cum
1834 2576 2100 2628 reciperetur
2146 2576 2182 2614 is

1303 2642 1434 2693 Deus,
1449 2646 1573 2681 extra
1591 2640 1740 2680 urbem
1756 2638 1925 2689 fecisse,
1937 2638 2181 2695 iterumque

1302 2707 1503 2747 ininsula
1532 2703 1792 2747 traduntur?
1847 2703 1946 2744 Hoc
1975 2701 2181 2754 templum

1303 2769 1551 2809 Lucretium
1586 2773 1814 2820 praetorem
1850 2765 2008 2807 tabulis
2051 2764 2182 2817 pictis

1303 2843 1357 2872 ex
1385 2831 1533 2884 praeda
1559 2829 1850 2882 exornavisse,
1877 2831 2182 2870 commemorat

1303 2896 1450 2936 Livius
1463 2895 1596 2936 tertio
1610 2896 1719 2935 Dec.
1736 2893 1910 2946 quintae.
1929 2891 2165 2932 Martianus.

1360 2960 1555 3011 Templum
1573 2955 1811 3007 dedicatum]
1839 2955 1968 2995 Nunc
1989 2954 2032 2995 S.
2050 2953 2181 2996 Joan-

1301 3022 1367 3062 nis
1389 3021 1614 3072 Colevitae,
1631 3021 1675 3060 in
1693 3019 1832 3059 insula
1846 3016 2073 3071 Tyberina.
2125 3016 2180 3056 In

1300 3087 1379 3126 hoc
1413 3084 1679 3125 incubabant
1710 3081 1884 3134 aegroti,
1926 3078 2180 3121 valetudinis

1301 3161 1455 3190 causa:
1485 3148 1599 3189 unde
1617 3147 1689 3201 qui
1719 3145 1866 3186 morbo
1895 3145 2065 3185 levatus
2093 3154 2179 3182 non

1301 3219 1412 3264 erat,
1442 3213 1555 3265 apud
1576 3213 1778 3253 Plautum
1797 3209 1862 3250 his
1893 3208 2036 3248 verbis
2061 3207 2181 3250 iucu-

1302 3283 1370 3317 sat
1391 3279 1554 3318 Deum:
1585 3275 1800 3326 ‘Migrare
1821 3277 1986 3313 certum
2006 3276 2074 3311 est
2084 3271 2178 3322 jam

1303 3352 1413 3379 nunc
1435 3353 1458 3379 c
1477 3339 1576 3379 fano
1595 3337 1728 3386 foras,
1747 3334 1929 3380 Quando
1948 3332 2180 3383 AEsculapii

1302 3404 1364 3442 ita
1398 3404 1535 3443 sentio
1567 3398 1853 3442 sententiam:
1908 3397 2051 3448 Prope
2078 3395 2177 3439 ¹hoc

1303 3466 1506 3517 templum
1554 3465 1595 3504 in
1634 3464 1772 3508 horto,
1812 3459 1929 3500 navis
1964 3464 2032 3498 est
2066 3469 2176 3509 prae-

1304 3528 1443 3581 longa,
1474 3539 1527 3569 ex
1564 3526 1715 3568 Thasio
1751 3523 1909 3576 lapide,
1955 3521 2073 3574 cujus
2114 3521 2176 3559 in-
