<?xml version="1.0" encoding="UTF-8"?>
<!DOCTYPE html PUBLIC "-//W3C//DTD XHTML 1.0 Transitional//EN"
    "http://www.w3.org/TR/xhtml1/DTD/xhtml1-transitional.dtd">
<html xmlns="http://www.w3.org/1999/xhtml" xml:lang="en" lang="en">
 <head>
  <title>
</title>
<meta http-equiv="Content-Type" content="text/html;charset=utf-8" />
  <meta name='ocr-system' content='tesseract 3.04.00' />
  <meta name='ocr-capabilities' content='ocr_page ocr_carea ocr_par ocr_line ocrx_word'/>
</head>
<body>
  <div class='ocr_page' id='page_1' title='image "./factorumdictorum03valeuoft_0290.png"; bbox 0 0 2320 4004; ppageno 0'>
   <div class='ocr_carea' id='block_1_1' title="bbox 364 308 506 362">
    <p class='ocr_par' dir='ltr' id='par_1_1' title="bbox 364 308 506 362">
     <span class='ocr_line' id='line_1_1' title="bbox 364 308 506 362; baseline 0.007 -1"><span class='ocrx_word' id='word_1_1' title='bbox 364 308 506 362; x_wconf 75' lang='lat'>1190</span> 
     </span>
    </p>
   </div>
   <div class='ocr_carea' id='block_1_2' title="bbox 341 440 1240 3605">
    <p class='ocr_par' dir='ltr' id='par_1_2' title="bbox 360 440 1240 925">
     <span class='ocr_line' id='line_1_2' title="bbox 362 440 1240 493; baseline 0.001 -12"><span class='ocrx_word' id='word_1_2' title='bbox 362 451 470 492; x_wconf 85' lang='lat' dir='ltr'><strong><em>rem,</em></strong></span> <span class='ocrx_word' id='word_1_3' title='bbox 488 451 623 493; x_wconf 87' lang='lat' dir='ltr'><strong><em>usque</em></strong></span> <span class='ocrx_word' id='word_1_4' title='bbox 642 443 909 481; x_wconf 87' lang='lat' dir='ltr'><strong><em>senectutem</em></strong></span> <span class='ocrx_word' id='word_1_5' title='bbox 938 440 1120 482; x_wconf 87' lang='lat' dir='ltr'><strong><em>eundem</em></strong></span> <span class='ocrx_word' id='word_1_6' title='bbox 1150 441 1240 482; x_wconf 86' lang='lat' dir='ltr'><strong><em>vix-</em></strong></span> 
     </span>
     <span class='ocr_line' id='line_1_3' title="bbox 362 504 1237 553; baseline 0.001 -7"><span class='ocrx_word' id='word_1_7' title='bbox 362 505 464 553; x_wconf 80' lang='lat' dir='ltr'><strong><em>isse,</em></strong></span> <span class='ocrx_word' id='word_1_8' title='bbox 510 504 667 543; x_wconf 90' lang='lat' dir='ltr'><strong><em>lectum</em></strong></span> <span class='ocrx_word' id='word_1_9' title='bbox 708 509 791 544; x_wconf 87' lang='lat' dir='ltr'><strong><em>est.</em></strong></span> <span class='ocrx_word' id='word_1_10' title='bbox 858 505 1060 545; x_wconf 83' lang='lat' dir='ltr'><strong>Traditur</strong></span> <span class='ocrx_word' id='word_1_11' title='bbox 1106 506 1237 547; x_wconf 85' lang='lat' dir='ltr'><strong><em>etiam</em></strong></span> 
     </span>
     <span class='ocr_line' id='line_1_4' title="bbox 362 569 1237 619; baseline 0.006 -12"><span class='ocrx_word' id='word_1_12' title='bbox 362 569 474 607; x_wconf 86' lang='lat' dir='ltr'><strong><em>hanc</em></strong></span> <span class='ocrx_word' id='word_1_13' title='bbox 506 579 622 619; x_wconf 82' lang='lat' dir='ltr'><strong><em>saepe</em></strong></span> <span class='ocrx_word' id='word_1_14' title='bbox 643 580 751 607; x_wconf 77' lang='lat' dir='ltr'><strong><em>eum</em></strong></span> <span class='ocrx_word' id='word_1_15' title='bbox 762 574 918 608; x_wconf 84' lang='lat' dir='ltr'><strong><em>exacta</em></strong></span> <span class='ocrx_word' id='word_1_16' title='bbox 936 575 1067 610; x_wconf 81' lang='lat' dir='ltr'><strong><em>aetate</em></strong></span> <span class='ocrx_word' id='word_1_17' title='bbox 1088 583 1237 612; x_wconf 90' lang='lat' dir='ltr'><strong><em>vocem</em></strong></span> 
     </span>
     <span class='ocr_line' id='line_1_5' title="bbox 365 631 1238 683; baseline 0.003 -11"><span class='ocrx_word' id='word_1_18' title='bbox 365 643 605 683; x_wconf 83' lang='lat' dir='ltr'>usurpasse,</span> <span class='ocrx_word' id='word_1_19' title='bbox 627 631 756 671; x_wconf 87' lang='lat' dir='ltr'><strong><em>Multo</em></strong></span> <span class='ocrx_word' id='word_1_20' title='bbox 774 632 952 673; x_wconf 88' lang='lat' dir='ltr'><strong><em>miserius</em></strong></span> <span class='ocrx_word' id='word_1_21' title='bbox 966 634 1051 674; x_wconf 85' lang='lat' dir='ltr'><strong><em>seni</em></strong></span> <span class='ocrx_word' id='word_1_22' title='bbox 1075 635 1238 675; x_wconf 81' lang='lat' dir='ltr'><strong><em>exilium</em></strong></span> 
     </span>
     <span class='ocr_line' id='line_1_6' title="bbox 361 695 1238 752; baseline 0.005 -17"><span class='ocrx_word' id='word_1_23' title='bbox 361 707 456 736; x_wconf 88' lang='lat' dir='ltr'><strong><em>esse.</em></strong></span> <span class='ocrx_word' id='word_1_24' title='bbox 512 695 673 734; x_wconf 89' lang='lat' dir='ltr'><strong><em>Verum</em></strong></span> <span class='ocrx_word' id='word_1_25' title='bbox 695 700 879 747; x_wconf 87' lang='lat' dir='ltr'><strong><em>constat,</em></strong></span> <span class='ocrx_word' id='word_1_26' title='bbox 896 702 1047 738; x_wconf 86' lang='lat' dir='ltr'><strong><em>autore</em></strong></span> <span class='ocrx_word' id='word_1_27' title='bbox 1073 698 1238 752; x_wconf 86' lang='lat' dir='ltr'><strong><em>Diony-</em></strong></span> 
     </span>
     <span class='ocr_line' id='line_1_7' title="bbox 361 757 1237 812; baseline 0.006 -14"><span class='ocrx_word' id='word_1_28' title='bbox 361 758 424 798; x_wconf 84' lang='lat' dir='ltr'><strong><em>sio</em></strong></span> <span class='ocrx_word' id='word_1_29' title='bbox 444 757 800 811; x_wconf 87' lang='lat' dir='ltr'><strong><em>Halicarnassaeo,</em></strong></span> <span class='ocrx_word' id='word_1_30' title='bbox 831 759 946 812; x_wconf 86' lang='lat' dir='ltr'><strong><em>quod</em></strong></span> <span class='ocrx_word' id='word_1_31' title='bbox 964 773 1059 802; x_wconf 90' lang='lat' dir='ltr'><strong><em>eum</em></strong></span> <span class='ocrx_word' id='word_1_32' title='bbox 1079 767 1237 803; x_wconf 86' lang='lat' dir='ltr'><strong><em>matro-</em></strong></span> 
     </span>
     <span class='ocr_line' id='line_1_8' title="bbox 360 823 1235 875; baseline 0.009 -16"><span class='ocrx_word' id='word_1_33' title='bbox 360 833 428 860; x_wconf 83' lang='lat' dir='ltr'><strong><em>nae</em></strong></span> <span class='ocrx_word' id='word_1_34' title='bbox 449 833 619 870; x_wconf 89' lang='lat' dir='ltr'><strong><em>annum,</em></strong></span> <span class='ocrx_word' id='word_1_35' title='bbox 640 826 689 861; x_wconf 94' lang='lat' dir='ltr'><strong><em>ut</em></strong></span> <span class='ocrx_word' id='word_1_36' title='bbox 719 823 917 875; x_wconf 82' lang='lat' dir='ltr'><strong>Brutum,</strong></span> <span class='ocrx_word' id='word_1_37' title='bbox 946 824 1096 866; x_wconf 85' lang='lat' dir='ltr'><strong><em>Romae</em></strong></span> <span class='ocrx_word' id='word_1_38' title='bbox 1118 826 1235 866; x_wconf 84' lang='lat' dir='ltr'><strong><em>luxe-</em></strong></span> 
     </span>
     <span class='ocr_line' id='line_1_9' title="bbox 361 884 672 925; baseline 0.006 -2"><span class='ocrx_word' id='word_1_39' title='bbox 361 888 476 923; x_wconf 90' lang='lat' dir='ltr'><strong><em>runt.</em></strong></span> <span class='ocrx_word' id='word_1_40' title='bbox 508 884 672 925; x_wconf 63' lang='lat' dir='ltr'><strong><em>Ozinen·</em></strong></span> 
     </span>
    </p>

    <p class='ocr_par' dir='ltr' id='par_1_3' title="bbox 360 950 1232 1068">
     <span class='ocr_line' id='line_1_10' title="bbox 418 950 1232 1002; baseline 0.009 -13"><span class='ocrx_word' id='word_1_41' title='bbox 418 951 516 989; x_wconf 86' lang='lat' dir='ltr'><strong><em>Cum</em></strong></span> <span class='ocrx_word' id='word_1_42' title='bbox 537 950 698 1001; x_wconf 85' lang='lat' dir='ltr'><strong><em>infulis]</em></strong></span> <span class='ocrx_word' id='word_1_43' title='bbox 741 950 795 991; x_wconf 91' lang='lat' dir='ltr'><strong><em>Id</em></strong></span> <span class='ocrx_word' id='word_1_44' title='bbox 816 957 898 1002; x_wconf 88' lang='lat' dir='ltr'><strong><em>est,</em></strong></span> <span class='ocrx_word' id='word_1_45' title='bbox 917 959 1073 995; x_wconf 90' lang='lat' dir='ltr'><strong><em>ornatu</em></strong></span> <span class='ocrx_word' id='word_1_46' title='bbox 1093 966 1232 995; x_wconf 89' lang='lat' dir='ltr'><strong><em>sacer-</em></strong></span> 
     </span>
     <span class='ocr_line' id='line_1_11' title="bbox 360 1014 1020 1068; baseline 0.003 -13"><span class='ocrx_word' id='word_1_47' title='bbox 360 1014 511 1064; x_wconf 86' lang='lat' dir='ltr'><strong><em>dotali,</em></strong></span> <span class='ocrx_word' id='word_1_48' title='bbox 530 1015 771 1067; x_wconf 86' lang='lat' dir='ltr'><strong><em>praesertim</em></strong></span> <span class='ocrx_word' id='word_1_49' title='bbox 792 1016 833 1055; x_wconf 93' lang='lat' dir='ltr'><strong><em>in</em></strong></span> <span class='ocrx_word' id='word_1_50' title='bbox 862 1016 1020 1068; x_wconf 86' lang='lat' dir='ltr'><strong><em>capite.</em></strong></span> 
     </span>
    </p>

    <p class='ocr_par' dir='ltr' id='par_1_4' title="bbox 350 1077 1235 2972">
     <span class='ocr_line' id='line_1_12' title="bbox 416 1077 1235 1133; baseline 0.007 -18"><span class='ocrx_word' id='word_1_51' title='bbox 416 1077 545 1123; x_wconf 85' lang='lat' dir='ltr'><strong><em>Quam</em></strong></span> <span class='ocrx_word' id='word_1_52' title='bbox 579 1077 645 1117; x_wconf 78' lang='lat' dir='ltr'><strong><em>ubi</em></strong></span> <span class='ocrx_word' id='word_1_53' title='bbox 663 1077 780 1131; x_wconf 82' lang='lat' dir='ltr'><strong><em>filius</em></strong></span> <span class='ocrx_word' id='word_1_54' title='bbox 809 1081 966 1130; x_wconf 81' lang='lat' dir='ltr'><strong><em>aspexit</em></strong></span> <span class='ocrx_word' id='word_1_55' title='bbox 983 1081 1172 1133; x_wconf 86' lang='lat' dir='ltr'><em>(propere</em></span> <span class='ocrx_word' id='word_1_56' title='bbox 1189 1086 1235 1122; x_wconf 92' lang='lat' dir='ltr'><strong><em>ut</em></strong></span> 
     </span>
     <span class='ocr_line' id='line_1_13' title="bbox 359 1141 1233 1194; baseline 0.006 -14"><span class='ocrx_word' id='word_1_57' title='bbox 359 1152 491 1181; x_wconf 81' lang='lat' dir='ltr'><strong><em>amens</em></strong></span> <span class='ocrx_word' id='word_1_58' title='bbox 523 1141 663 1181; x_wconf 85' lang='lat' dir='ltr'><strong><em>matris</em></strong></span> <span class='ocrx_word' id='word_1_59' title='bbox 697 1143 936 1193; x_wconf 78' lang='lat' dir='ltr'><strong><em>complexum</em></strong></span> <span class='ocrx_word' id='word_1_60' title='bbox 965 1143 1098 1194; x_wconf 85' lang='lat' dir='ltr'><strong><em>petiit.</em></strong></span> <span class='ocrx_word' id='word_1_61' title='bbox 1154 1145 1233 1185; x_wconf 87' lang='lat' dir='ltr'><strong><em>Illa</em></strong></span> 
     </span>
     <span class='ocr_line' id='line_1_14' title="bbox 357 1204 1233 1258; baseline 0.003 -13"><span class='ocrx_word' id='word_1_62' title='bbox 357 1217 409 1245; x_wconf 84' lang='lat' dir='ltr'><strong><em>ex</em></strong></span> <span class='ocrx_word' id='word_1_63' title='bbox 424 1204 599 1256; x_wconf 82' lang='lat' dir='ltr'><strong><em>precibus</em></strong></span> <span class='ocrx_word' id='word_1_64' title='bbox 615 1205 657 1245; x_wconf 88' lang='lat' dir='ltr'><strong><em>in</em></strong></span> <span class='ocrx_word' id='word_1_65' title='bbox 675 1205 778 1245; x_wconf 86' lang='lat' dir='ltr'><strong><em>iram</em></strong></span> <span class='ocrx_word' id='word_1_66' title='bbox 805 1219 917 1246; x_wconf 86' lang='lat' dir='ltr'><strong><em>versa</em></strong></span> <span class='ocrx_word' id='word_1_67' title='bbox 948 1208 1021 1258; x_wconf 87' lang='lat' dir='ltr'><strong><em>ait,</em></strong></span> <span class='ocrx_word' id='word_1_68' title='bbox 1047 1207 1159 1257; x_wconf 81' lang='lat' dir='ltr'><strong><em>Sine,</em></strong></span> <span class='ocrx_word' id='word_1_69' title='bbox 1188 1214 1233 1249; x_wconf 88' lang='lat' dir='ltr'><strong><em>ut</em></strong></span> 
     </span>
     <span class='ocr_line' id='line_1_15' title="bbox 352 1269 1233 1321; baseline 0.006 -14"><span class='ocrx_word' id='word_1_70' title='bbox 352 1269 580 1321; x_wconf 82' lang='lat' dir='ltr'><strong><em>priusquam</em></strong></span> <span class='ocrx_word' id='word_1_71' title='bbox 613 1269 853 1321; x_wconf 81' lang='lat' dir='ltr'><strong><em>complexum</em></strong></span> <span class='ocrx_word' id='word_1_72' title='bbox 882 1270 1086 1321; x_wconf 82' lang='lat' dir='ltr'><strong><em>accipiam,</em></strong></span> <span class='ocrx_word' id='word_1_73' title='bbox 1111 1271 1233 1312; x_wconf 88' lang='lat' dir='ltr'><strong><em>sciam</em></strong></span> 
     </span>
     <span class='ocr_line' id='line_1_16' title="bbox 357 1331 1235 1385; baseline 0.006 -14"><span class='ocrx_word' id='word_1_74' title='bbox 357 1344 410 1372; x_wconf 90' lang='lat' dir='ltr'><strong><em>an</em></strong></span> <span class='ocrx_word' id='word_1_75' title='bbox 443 1333 494 1371; x_wconf 89' lang='lat' dir='ltr'><strong><em>ad</em></strong></span> <span class='ocrx_word' id='word_1_76' title='bbox 528 1331 691 1382; x_wconf 78' lang='lat' dir='ltr'><strong><em>hostem,</em></strong></span> <span class='ocrx_word' id='word_1_77' title='bbox 723 1345 777 1371; x_wconf 88' lang='lat' dir='ltr'><strong><em>an</em></strong></span> <span class='ocrx_word' id='word_1_78' title='bbox 803 1334 855 1372; x_wconf 87' lang='lat' dir='ltr'><strong><em>ad</em></strong></span> <span class='ocrx_word' id='word_1_79' title='bbox 873 1333 1010 1385; x_wconf 86' lang='lat' dir='ltr'><strong><em>filium</em></strong></span> <span class='ocrx_word' id='word_1_80' title='bbox 1036 1334 1206 1375; x_wconf 79' lang='lat' dir='ltr'><strong><em>venerim</em></strong></span> <span class='ocrx_word' id='word_1_81' title='bbox 1221 1349 1235 1376; x_wconf 91' lang='lat'><strong><em>.·</em></strong></span> 
     </span>
     <span class='ocr_line' id='line_1_17' title="bbox 356 1395 1231 1446; baseline 0.006 -12"><span class='ocrx_word' id='word_1_82' title='bbox 356 1395 562 1446; x_wconf 85' lang='lat' dir='ltr'><strong><em>captivane</em></strong></span> <span class='ocrx_word' id='word_1_83' title='bbox 583 1407 635 1434; x_wconf 89' lang='lat' dir='ltr'><strong><em>an</em></strong></span> <span class='ocrx_word' id='word_1_84' title='bbox 655 1400 780 1435; x_wconf 88' lang='lat' dir='ltr'><strong><em>mater</em></strong></span> <span class='ocrx_word' id='word_1_85' title='bbox 802 1396 844 1435; x_wconf 84' lang='lat' dir='ltr'><strong><em>in</em></strong></span> <span class='ocrx_word' id='word_1_86' title='bbox 877 1396 958 1436; x_wconf 85' lang='lat' dir='ltr'><strong><em>tuis</em></strong></span> <span class='ocrx_word' id='word_1_87' title='bbox 983 1398 1127 1437; x_wconf 85' lang='lat' dir='ltr'><strong><em>castris</em></strong></span> <span class='ocrx_word' id='word_1_88' title='bbox 1143 1399 1231 1440; x_wconf 87' lang='lat' dir='ltr'><strong><em>sim.</em></strong></span> 
     </span>
     <span class='ocr_line' id='line_1_18' title="bbox 358 1458 1232 1510; baseline 0.007 -14"><span class='ocrx_word' id='word_1_89' title='bbox 358 1458 407 1497; x_wconf 88' lang='lat' dir='ltr'><strong><em>In</em></strong></span> <span class='ocrx_word' id='word_1_90' title='bbox 428 1459 498 1498; x_wconf 83' lang='lat' dir='ltr'><strong><em>hoc</em></strong></span> <span class='ocrx_word' id='word_1_91' title='bbox 515 1471 575 1498; x_wconf 88' lang='lat' dir='ltr'><strong><em>me</em></strong></span> <span class='ocrx_word' id='word_1_92' title='bbox 594 1459 712 1508; x_wconf 87' lang='lat' dir='ltr'><strong><em>longa</em></strong></span> <span class='ocrx_word' id='word_1_93' title='bbox 728 1459 826 1509; x_wconf 81' lang='lat' dir='ltr'><strong><em>vita,</em></strong></span> <span class='ocrx_word' id='word_1_94' title='bbox 853 1466 893 1500; x_wconf 84' lang='lat' dir='ltr'><strong><em>et</em></strong></span> <span class='ocrx_word' id='word_1_95' title='bbox 921 1461 1063 1510; x_wconf 78' lang='lat' dir='ltr'><strong><em>infelix</em></strong></span> <span class='ocrx_word' id='word_1_96' title='bbox 1079 1467 1232 1503; x_wconf 80' lang='lat' dir='ltr'><strong><em>senecta</em></strong></span> 
     </span>
     <span class='ocr_line' id='line_1_19' title="bbox 355 1521 1231 1572; baseline 0.007 -12"><span class='ocrx_word' id='word_1_97' title='bbox 355 1521 499 1572; x_wconf 78' lang='lat' dir='ltr'><strong><em>traxit,</em></strong></span> <span class='ocrx_word' id='word_1_98' title='bbox 530 1525 575 1561; x_wconf 89' lang='lat' dir='ltr'><strong><em>ut</em></strong></span> <span class='ocrx_word' id='word_1_99' title='bbox 602 1523 770 1572; x_wconf 82' lang='lat' dir='ltr'><strong><em>exulem,</em></strong></span> <span class='ocrx_word' id='word_1_100' title='bbox 797 1523 935 1564; x_wconf 88' lang='lat' dir='ltr'><strong><em>deinde</em></strong></span> <span class='ocrx_word' id='word_1_101' title='bbox 953 1528 991 1564; x_wconf 90' lang='lat' dir='ltr'><strong><em>te</em></strong></span> <span class='ocrx_word' id='word_1_102' title='bbox 1009 1525 1155 1566; x_wconf 77' lang='lat' dir='ltr'><strong><em>hostem</em></strong></span> <span class='ocrx_word' id='word_1_103' title='bbox 1173 1527 1231 1566; x_wconf 80' lang='lat' dir='ltr'><strong><em>vi-</em></strong></span> 
     </span>
     <span class='ocr_line' id='line_1_20' title="bbox 354 1582 1233 1636; baseline 0.008 -13"><span class='ocrx_word' id='word_1_104' title='bbox 354 1585 484 1624; x_wconf 89' lang='lat' dir='ltr'><strong><em>derem</em></strong></span> <span class='ocrx_word' id='word_1_105' title='bbox 499 1582 520 1625; x_wconf 73' lang='lat'><strong><em>:1</em></strong></span> <span class='ocrx_word' id='word_1_106' title='bbox 549 1585 723 1624; x_wconf 74' lang='lat' dir='ltr'><strong><em>Potuisti</em></strong></span> <span class='ocrx_word' id='word_1_107' title='bbox 747 1586 926 1636; x_wconf 83' lang='lat' dir='ltr'><strong><em>populari</em></strong></span> <span class='ocrx_word' id='word_1_108' title='bbox 956 1587 1057 1628; x_wconf 83' lang='lat' dir='ltr'><strong><em>hanc</em></strong></span> <span class='ocrx_word' id='word_1_109' title='bbox 1086 1593 1233 1630; x_wconf 83' lang='lat' dir='ltr'><strong><em>terram</em></strong></span> 
     </span>
     <span class='ocr_line' id='line_1_21' title="bbox 356 1650 1233 1701; baseline 0.009 -14"><span class='ocrx_word' id='word_1_110' title='bbox 356 1660 443 1699; x_wconf 81' lang='lat' dir='ltr'><strong><em>quoe</em></strong></span> <span class='ocrx_word' id='word_1_111' title='bbox 474 1652 514 1688; x_wconf 84' lang='lat' dir='ltr'><strong><em>te</em></strong></span> <span class='ocrx_word' id='word_1_112' title='bbox 547 1650 701 1699; x_wconf 85' lang='lat' dir='ltr'><strong><em>genuit,</em></strong></span> <span class='ocrx_word' id='word_1_113' title='bbox 733 1653 849 1701; x_wconf 77' lang='lat' dir='ltr'><strong><em>atque</em></strong></span> <span class='ocrx_word' id='word_1_114' title='bbox 885 1650 1018 1693; x_wconf 73' lang='lat' dir='ltr'><strong><em>aluit?</em></strong></span> <span class='ocrx_word' id='word_1_115' title='bbox 1074 1654 1166 1694; x_wconf 84' lang='lat' dir='ltr'><strong><em>Nisi</em></strong></span> <span class='ocrx_word' id='word_1_116' title='bbox 1193 1660 1233 1695; x_wconf 85' lang='lat' dir='ltr'><strong><em>te</em></strong></span> 
     </span>
     <span class='ocr_line' id='line_1_22' title="bbox 350 1712 1230 1766; baseline 0.008 -15"><span class='ocrx_word' id='word_1_117' title='bbox 350 1712 583 1764; x_wconf 82' lang='lat' dir='ltr'><strong><em>peperissem</em></strong></span> <span class='ocrx_word' id='word_1_118' title='bbox 627 1713 751 1753; x_wconf 84' lang='lat' dir='ltr'><strong><em>Roma</em></strong></span> <span class='ocrx_word' id='word_1_119' title='bbox 794 1726 871 1753; x_wconf 89' lang='lat' dir='ltr'><strong><em>non</em></strong></span> <span class='ocrx_word' id='word_1_120' title='bbox 911 1715 1230 1766; x_wconf 75' lang='lat' dir='ltr'><strong><em>oppugnaretur?</em></strong></span> 
     </span>
     <span class='ocr_line' id='line_1_23' title="bbox 355 1771 1232 1830; baseline 0.007 -15"><span class='ocrx_word' id='word_1_121' title='bbox 355 1771 563 1827; x_wconf 82' lang='lat' dir='ltr'><strong><em>Multaque</em></strong></span> <span class='ocrx_word' id='word_1_122' title='bbox 601 1775 757 1828; x_wconf 82' lang='lat' dir='ltr'><strong><em>insuper</em></strong></span> <span class='ocrx_word' id='word_1_123' title='bbox 800 1777 972 1829; x_wconf 82' lang='lat' dir='ltr'><strong><em>addidit,</em></strong></span> <span class='ocrx_word' id='word_1_124' title='bbox 1018 1779 1159 1830; x_wconf 86' lang='lat' dir='ltr'><strong><em>quibus</em></strong></span> <span class='ocrx_word' id='word_1_125' title='bbox 1193 1785 1232 1821; x_wconf 86' lang='lat' dir='ltr'><strong><em>et</em></strong></span> 
     </span>
     <span class='ocr_line' id='line_1_24' title="bbox 354 1839 1233 1895; baseline 0.008 -17"><span class='ocrx_word' id='word_1_126' title='bbox 354 1839 507 1890; x_wconf 79' lang='lat' dir='ltr'><strong><em>uxoris,</em></strong></span> <span class='ocrx_word' id='word_1_127' title='bbox 541 1852 588 1879; x_wconf 90' lang='lat' dir='ltr'><strong><em>ac</em></strong></span> <span class='ocrx_word' id='word_1_128' title='bbox 622 1840 870 1892; x_wconf 83' lang='lat' dir='ltr'><strong><em>parvulorum</em></strong></span> <span class='ocrx_word' id='word_1_129' title='bbox 892 1842 1059 1895; x_wconf 79' lang='lat' dir='ltr'><strong><em>fletibus</em></strong></span> <span class='ocrx_word' id='word_1_130' title='bbox 1092 1849 1233 1892; x_wconf 85' lang='lat' dir='ltr'><strong><em>motus,</em></strong></span> 
     </span>
     <span class='ocr_line' id='line_1_25' title="bbox 354 1905 1230 1961; baseline 0.009 -20"><span class='ocrx_word' id='word_1_131' title='bbox 354 1907 518 1956; x_wconf 74' lang='lat' dir='ltr'><strong><em>matrem</em></strong></span> <span class='ocrx_word' id='word_1_132' title='bbox 535 1905 781 1956; x_wconf 77' lang='lat' dir='ltr'><strong><em>complexus)</em></strong></span> <span class='ocrx_word' id='word_1_133' title='bbox 804 1905 1070 1958; x_wconf 68' lang='lat' dir='ltr'><strong><em>Exi-pugnasti,</em></strong></span> <span class='ocrx_word' id='word_1_134' title='bbox 1087 1908 1230 1961; x_wconf 84' lang='lat' dir='ltr'><strong><em>inquit,</em></strong></span> 
     </span>
     <span class='ocr_line' id='line_1_26' title="bbox 353 1966 1230 2018; baseline 0.007 -12"><span class='ocrx_word' id='word_1_135' title='bbox 353 1966 442 2018; x_wconf 49' lang='grc' dir='ltr'><strong><em>ζα]</em></strong></span> <span class='ocrx_word' id='word_1_136' title='bbox 482 1966 592 2008; x_wconf 87' lang='lat' dir='ltr'><strong><em>Haec</em></strong></span> <span class='ocrx_word' id='word_1_137' title='bbox 611 1967 752 2008; x_wconf 91' lang='lat' dir='ltr'><strong><em>omnia</em></strong></span> <span class='ocrx_word' id='word_1_138' title='bbox 770 1966 936 2009; x_wconf 87' lang='lat' dir='ltr'><strong><em>duobus</em></strong></span> <span class='ocrx_word' id='word_1_139' title='bbox 953 1971 1230 2012; x_wconf 83' lang='lat' dir='ltr'><strong><em>semicirculis</em></strong></span> 
     </span>
     <span class='ocr_line' id='line_1_27' title="bbox 354 2028 1231 2087; baseline 0.007 -18"><span class='ocrx_word' id='word_1_140' title='bbox 354 2028 520 2070; x_wconf 86' lang='lat' dir='ltr'><strong><em>inclusa</em></strong></span> <span class='ocrx_word' id='word_1_141' title='bbox 545 2035 728 2082; x_wconf 85' lang='lat' dir='ltr'><strong><em>nugator</em></strong></span> <span class='ocrx_word' id='word_1_142' title='bbox 757 2032 909 2084; x_wconf 86' lang='lat' dir='ltr'><strong><em>aliquis</em></strong></span> <span class='ocrx_word' id='word_1_143' title='bbox 928 2044 952 2072; x_wconf 90' lang='lat' dir='ltr'><strong><em>e</em></strong></span> <span class='ocrx_word' id='word_1_144' title='bbox 970 2032 1092 2073; x_wconf 87' lang='lat' dir='ltr'><strong><em>Livio</em></strong></span> <span class='ocrx_word' id='word_1_145' title='bbox 1110 2037 1231 2087; x_wconf 86' lang='lat' dir='ltr'><strong><em>quasi</em></strong></span> 
     </span>
     <span class='ocr_line' id='line_1_28' title="bbox 355 2092 1228 2147; baseline 0.008 -15"><span class='ocrx_word' id='word_1_146' title='bbox 355 2092 409 2132; x_wconf 77' lang='lat' dir='ltr'><strong><em>ad</em></strong></span> <span class='ocrx_word' id='word_1_147' title='bbox 451 2092 630 2133; x_wconf 88' lang='lat' dir='ltr'><strong><em>verbum</em></strong></span> <span class='ocrx_word' id='word_1_148' title='bbox 676 2093 907 2147; x_wconf 85' lang='lat' dir='ltr'><strong><em>desumpta</em></strong></span> <span class='ocrx_word' id='word_1_149' title='bbox 951 2096 1125 2138; x_wconf 80' lang='lat' dir='ltr'><strong><em>Valerio</em></strong></span> <span class='ocrx_word' id='word_1_150' title='bbox 1167 2099 1228 2139; x_wconf 89' lang='lat' dir='ltr'><strong><em>in-</em></strong></span> 
     </span>
     <span class='ocr_line' id='line_1_29' title="bbox 352 2155 1229 2208; baseline 0.009 -13"><span class='ocrx_word' id='word_1_151' title='bbox 352 2155 509 2206; x_wconf 83' lang='lat' dir='ltr'><strong><em>texuit,</em></strong></span> <span class='ocrx_word' id='word_1_152' title='bbox 525 2167 621 2208; x_wconf 86' lang='lat' dir='ltr'><strong><em>quae</em></strong></span> <span class='ocrx_word' id='word_1_153' title='bbox 640 2155 683 2196; x_wconf 89' lang='lat' dir='ltr'><strong><em>in</em></strong></span> <span class='ocrx_word' id='word_1_154' title='bbox 699 2157 941 2198; x_wconf 89' lang='lat' dir='ltr'><strong><em>melioribus</em></strong></span> <span class='ocrx_word' id='word_1_155' title='bbox 953 2159 1073 2200; x_wconf 86' lang='lat' dir='ltr'><strong><em>libris</em></strong></span> <span class='ocrx_word' id='word_1_156' title='bbox 1084 2173 1229 2203; x_wconf 88' lang='lat' dir='ltr'><strong><em>manu-</em></strong></span> 
     </span>
     <span class='ocr_line' id='line_1_30' title="bbox 354 2218 1230 2276; baseline 0.008 -18"><span class='ocrx_word' id='word_1_157' title='bbox 354 2218 528 2271; x_wconf 82' lang='lat' dir='ltr'><strong><em>scriptis</em></strong></span> <span class='ocrx_word' id='word_1_158' title='bbox 549 2229 633 2258; x_wconf 90' lang='lat' dir='ltr'><strong><em>non</em></strong></span> <span class='ocrx_word' id='word_1_159' title='bbox 653 2219 879 2272; x_wconf 81' lang='lat' dir='ltr'><strong><em>habentur,</em></strong></span> <span class='ocrx_word' id='word_1_160' title='bbox 901 2220 944 2262; x_wconf 90' lang='lat' dir='ltr'><strong><em>in</em></strong></span> <span class='ocrx_word' id='word_1_161' title='bbox 963 2222 1059 2262; x_wconf 91' lang='lat' dir='ltr'><strong><em>aliis</em></strong></span> <span class='ocrx_word' id='word_1_162' title='bbox 1078 2229 1230 2276; x_wconf 86' lang='lat' dir='ltr'><strong><em>postea</em></strong></span> 
     </span>
     <span class='ocr_line' id='line_1_31' title="bbox 352 2281 1230 2341; baseline 0.008 -20"><span class='ocrx_word' id='word_1_163' title='bbox 352 2282 396 2321; x_wconf 90' lang='lat' dir='ltr'><strong><em>in</em></strong></span> <span class='ocrx_word' id='word_1_164' title='bbox 434 2281 625 2334; x_wconf 84' lang='lat' dir='ltr'><strong><em>margine</em></strong></span> <span class='ocrx_word' id='word_1_165' title='bbox 671 2282 873 2334; x_wconf 85' lang='lat' dir='ltr'><strong><em>adjuncta</em></strong></span> <span class='ocrx_word' id='word_1_166' title='bbox 918 2291 1038 2326; x_wconf 55' lang='lat' dir='ltr'><strong><em>sunt„</em></strong></span> <span class='ocrx_word' id='word_1_167' title='bbox 1083 2287 1230 2341; x_wconf 83' lang='lat' dir='ltr'><strong><em>Atque</em></strong></span> 
     </span>
     <span class='ocr_line' id='line_1_32' title="bbox 351 2346 1230 2399; baseline 0.007 -13"><span class='ocrx_word' id='word_1_168' title='bbox 351 2346 468 2399; x_wconf 87' lang='lat' dir='ltr'><strong><em>prius</em></strong></span> <span class='ocrx_word' id='word_1_169' title='bbox 506 2347 608 2386; x_wconf 89' lang='lat' dir='ltr'><strong><em>mihi</em></strong></span> <span class='ocrx_word' id='word_1_170' title='bbox 645 2347 873 2388; x_wconf 86' lang='lat' dir='ltr'><strong><em>videbatur</em></strong></span> <span class='ocrx_word' id='word_1_171' title='bbox 913 2353 1000 2389; x_wconf 89' lang='lat' dir='ltr'><strong><em>tam</em></strong></span> <span class='ocrx_word' id='word_1_172' title='bbox 1048 2351 1230 2392; x_wconf 88' lang='lat' dir='ltr'><strong><em>verbosa</em></strong></span> 
     </span>
     <span class='ocr_line' id='line_1_33' title="bbox 350 2410 1228 2456; baseline 0.008 -7"><span class='ocrx_word' id='word_1_173' title='bbox 350 2410 446 2450; x_wconf 78' lang='lat' dir='ltr'><strong><em>liaec</em></strong></span> <span class='ocrx_word' id='word_1_174' title='bbox 483 2411 711 2451; x_wconf 87' lang='lat' dir='ltr'><strong><em>altercatio</em></strong></span> <span class='ocrx_word' id='word_1_175' title='bbox 755 2411 947 2452; x_wconf 84' lang='lat' dir='ltr'><strong><em>Veturiae</em></strong></span> <span class='ocrx_word' id='word_1_176' title='bbox 994 2415 1143 2455; x_wconf 86' lang='lat' dir='ltr'><strong><em>matris</em></strong></span> <span class='ocrx_word' id='word_1_177' title='bbox 1174 2416 1228 2456; x_wconf 87' lang='lat' dir='ltr'><strong><em>ab</em></strong></span> 
     </span>
     <span class='ocr_line' id='line_1_34' title="bbox 352 2474 1229 2533; baseline 0.009 -21"><span class='ocrx_word' id='word_1_178' title='bbox 352 2474 541 2525; x_wconf 88' lang='lat' dir='ltr'><strong><em>exempli</em></strong></span> <span class='ocrx_word' id='word_1_179' title='bbox 578 2474 792 2515; x_wconf 88' lang='lat' dir='ltr'><strong><em>brevitate</em></strong></span> <span class='ocrx_word' id='word_1_180' title='bbox 825 2475 1064 2528; x_wconf 83' lang='lat' dir='ltr'><strong><em>discedere,</em></strong></span> <span class='ocrx_word' id='word_1_181' title='bbox 1102 2484 1229 2533; x_wconf 88' lang='lat' dir='ltr'><strong><em>atque</em></strong></span> 
     </span>
     <span class='ocr_line' id='line_1_35' title="bbox 353 2536 1227 2594; baseline 0.01 -19"><span class='ocrx_word' id='word_1_182' title='bbox 353 2536 405 2576; x_wconf 81' lang='lat' dir='ltr'><strong><em>ad</em></strong></span> <span class='ocrx_word' id='word_1_183' title='bbox 446 2536 820 2578; x_wconf 83' lang='lat' dir='ltr'><strong><em>demonstrandam</em></strong></span> <span class='ocrx_word' id='word_1_184' title='bbox 849 2540 1065 2581; x_wconf 87' lang='lat' dir='ltr'><strong><em>Coriolani</em></strong></span> <span class='ocrx_word' id='word_1_185' title='bbox 1090 2543 1227 2594; x_wconf 88' lang='lat' dir='ltr'><strong><em>pieta-</em></strong></span> 
     </span>
     <span class='ocr_line' id='line_1_36' title="bbox 352 2601 1228 2655; baseline 0.007 -15"><span class='ocrx_word' id='word_1_186' title='bbox 352 2604 440 2640; x_wconf 87' lang='lat' dir='ltr'><strong><em>tem</em></strong></span> <span class='ocrx_word' id='word_1_187' title='bbox 469 2612 552 2640; x_wconf 90' lang='lat' dir='ltr'><strong><em>non</em></strong></span> <span class='ocrx_word' id='word_1_188' title='bbox 577 2601 802 2642; x_wconf 89' lang='lat' dir='ltr'><strong><em>admodum</em></strong></span> <span class='ocrx_word' id='word_1_189' title='bbox 822 2604 998 2655; x_wconf 86' lang='lat' dir='ltr'><strong><em>requiri,</em></strong></span> <span class='ocrx_word' id='word_1_190' title='bbox 1018 2617 1162 2646; x_wconf 88' lang='lat' dir='ltr'><strong><em>verum</em></strong></span> <span class='ocrx_word' id='word_1_191' title='bbox 1181 2612 1228 2646; x_wconf 93' lang='lat' dir='ltr'><strong><em>ut</em></strong></span> 
     </span>
     <span class='ocr_line' id='line_1_37' title="bbox 351 2662 1227 2719; baseline 0.009 -18"><span class='ocrx_word' id='word_1_192' title='bbox 351 2662 571 2703; x_wconf 86' lang='lat' dir='ltr'><strong><em>veteribus</em></strong></span> <span class='ocrx_word' id='word_1_193' title='bbox 603 2664 724 2704; x_wconf 82' lang='lat' dir='ltr'><strong><em>libris</em></strong></span> <span class='ocrx_word' id='word_1_194' title='bbox 753 2667 925 2717; x_wconf 88' lang='lat' dir='ltr'><strong><em>penitus</em></strong></span> <span class='ocrx_word' id='word_1_195' title='bbox 955 2668 1142 2719; x_wconf 84' lang='lat' dir='ltr'><strong><em>excludi,</em></strong></span> <span class='ocrx_word' id='word_1_196' title='bbox 1163 2676 1227 2709; x_wconf 89' lang='lat' dir='ltr'><strong><em>at-</em></strong></span> 
     </span>
     <span class='ocr_line' id='line_1_38' title="bbox 352 2727 1228 2784; baseline 0.007 -19"><span class='ocrx_word' id='word_1_197' title='bbox 352 2738 435 2779; x_wconf 89' lang='lat' dir='ltr'><strong><em>que</em></strong></span> <span class='ocrx_word' id='word_1_198' title='bbox 453 2738 537 2767; x_wconf 85' lang='lat' dir='ltr'><strong><em>non</em></strong></span> <span class='ocrx_word' id='word_1_199' title='bbox 559 2727 743 2778; x_wconf 89' lang='lat' dir='ltr'><strong><em>Valerii,</em></strong></span> <span class='ocrx_word' id='word_1_200' title='bbox 761 2729 838 2768; x_wconf 91' lang='lat' dir='ltr'><strong><em>sed</em></strong></span> <span class='ocrx_word' id='word_1_201' title='bbox 859 2727 951 2769; x_wconf 89' lang='lat' dir='ltr'><strong><em>fere</em></strong></span> <span class='ocrx_word' id='word_1_202' title='bbox 971 2731 1077 2770; x_wconf 86' lang='lat' dir='ltr'><strong><em>Livii</em></strong></span> <span class='ocrx_word' id='word_1_203' title='bbox 1106 2731 1228 2784; x_wconf 89' lang='lat' dir='ltr'><strong><em>ipsis·</em></strong></span> 
     </span>
     <span class='ocr_line' id='line_1_39' title="bbox 352 2788 1227 2845; baseline 0.01 -18"><span class='ocrx_word' id='word_1_204' title='bbox 352 2788 459 2828; x_wconf 89' lang='lat' dir='ltr'><strong><em>sima</em></strong></span> <span class='ocrx_word' id='word_1_205' title='bbox 491 2801 584 2829; x_wconf 87' lang='lat' dir='ltr'><strong><em>esse</em></strong></span> <span class='ocrx_word' id='word_1_206' title='bbox 622 2791 754 2831; x_wconf 89' lang='lat' dir='ltr'><strong><em>verba</em></strong></span> <span class='ocrx_word' id='word_1_207' title='bbox 792 2792 1092 2845; x_wconf 88' lang='lat' dir='ltr'><strong><em>animadverti,</em></strong></span> <span class='ocrx_word' id='word_1_208' title='bbox 1128 2794 1227 2836; x_wconf 84' lang='lat' dir='ltr'><strong><em>hinc</em></strong></span> 
     </span>
     <span class='ocr_line' id='line_1_40' title="bbox 352 2853 1226 2911; baseline 0.011 -21"><span class='ocrx_word' id='word_1_209' title='bbox 352 2863 524 2903; x_wconf 89' lang='lat' dir='ltr'><strong><em>prorsus</em></strong></span> <span class='ocrx_word' id='word_1_210' title='bbox 552 2853 806 2894; x_wconf 86' lang='lat' dir='ltr'><strong><em>eliminanda</em></strong></span> <span class='ocrx_word' id='word_1_211' title='bbox 834 2857 995 2908; x_wconf 87' lang='lat' dir='ltr'><strong><em>putavi,</em></strong></span> <span class='ocrx_word' id='word_1_212' title='bbox 1024 2863 1226 2911; x_wconf 89' lang='lat' dir='ltr'><strong><em>tanquam</em></strong></span> 
     </span>
     <span class='ocr_line' id='line_1_41' title="bbox 353 2915 1227 2972; baseline 0.01 -18"><span class='ocrx_word' id='word_1_213' title='bbox 353 2926 448 2968; x_wconf 88' lang='lat' dir='ltr'><strong><em>quae</em></strong></span> <span class='ocrx_word' id='word_1_214' title='bbox 469 2915 593 2956; x_wconf 90' lang='lat' dir='ltr'><strong><em>sedes</em></strong></span> <span class='ocrx_word' id='word_1_215' title='bbox 615 2917 773 2957; x_wconf 85' lang='lat' dir='ltr'><strong><em>alienas</em></strong></span> <span class='ocrx_word' id='word_1_216' title='bbox 793 2926 1070 2970; x_wconf 83' lang='lat' dir='ltr'><strong><em>occuparant.</em></strong></span> <span class='ocrx_word' id='word_1_217' title='bbox 1103 2922 1227 2972; x_wconf 81' lang='lat' dir='ltr'><strong><em>Pigh.</em></strong></span> 
     </span>
    </p>

    <p class='ocr_par' dir='ltr' id='par_1_5' title="bbox 341 2979 1227 3414">
     <span class='ocr_line' id='line_1_42' title="bbox 407 2979 1227 3034; baseline 0.01 -16"><span class='ocrx_word' id='word_1_218' title='bbox 407 2979 679 3031; x_wconf 77' lang='lat' dir='ltr'><strong><em>Expugnasti,</em></strong></span> <span class='ocrx_word' id='word_1_219' title='bbox 715 2981 858 3034; x_wconf 82' lang='lat' dir='ltr'><strong><em>inquit,</em></strong></span> <span class='ocrx_word' id='word_1_220' title='bbox 885 2987 925 3022; x_wconf 88' lang='lat' dir='ltr'><strong><em>et</em></strong></span> <span class='ocrx_word' id='word_1_221' title='bbox 957 2983 1089 3025; x_wconf 81' lang='lat' dir='ltr'><strong><em>vicisti</em></strong></span> <span class='ocrx_word' id='word_1_222' title='bbox 1124 2986 1227 3026; x_wconf 87' lang='lat' dir='ltr'><strong><em>iram</em></strong></span> 
     </span>
     <span class='ocr_line' id='line_1_43' title="bbox 341 3044 1226 3101; baseline 0.009 -19"><span class='ocrx_word' id='word_1_223' title='bbox 341 3047 489 3091; x_wconf 63' lang='lat' dir='ltr'><strong><em>meam,</em></strong></span> <span class='ocrx_word' id='word_1_224' title='bbox 501 3044 656 3096; x_wconf 85' lang='lat' dir='ltr'><strong><em>patria,</em></strong></span> <span class='ocrx_word' id='word_1_225' title='bbox 666 3046 859 3096; x_wconf 84' lang='lat' dir='ltr'><strong><em>precibus,</em></strong></span> <span class='ocrx_word' id='word_1_226' title='bbox 874 3047 963 3099; x_wconf 55' lang='grc' dir='ltr'><strong><em>ξω]</em></strong></span> <span class='ocrx_word' id='word_1_227' title='bbox 995 3048 1065 3088; x_wconf 85' lang='lat' dir='ltr'><strong><em>Ita</em></strong></span> <span class='ocrx_word' id='word_1_228' title='bbox 1084 3050 1226 3101; x_wconf 87' lang='lat' dir='ltr'><strong><em>vulgo.</em></strong></span> 
     </span>
     <span class='ocr_line' id='line_1_44' title="bbox 352 3105 1226 3157; baseline 0.009 -11"><span class='ocrx_word' id='word_1_229' title='bbox 352 3105 543 3147; x_wconf 85' lang='lat' dir='ltr'><strong><em>Confusa</em></strong></span> <span class='ocrx_word' id='word_1_230' title='bbox 573 3107 683 3157; x_wconf 85' lang='lat' dir='ltr'><strong><em>haec,</em></strong></span> <span class='ocrx_word' id='word_1_231' title='bbox 720 3110 843 3149; x_wconf 86' lang='lat' dir='ltr'><strong><em>mala.</em></strong></span> <span class='ocrx_word' id='word_1_232' title='bbox 882 3111 1056 3152; x_wconf 88' lang='lat' dir='ltr'><strong><em>Scribo:</em></strong></span> <span class='ocrx_word' id='word_1_233' title='bbox 1094 3114 1226 3154; x_wconf 84' lang='lat' dir='ltr'><strong><em>vicisti</em></strong></span> 
     </span>
     <span class='ocr_line' id='line_1_45' title="bbox 348 3170 1225 3225; baseline 0.009 -16"><span class='ocrx_word' id='word_1_234' title='bbox 348 3170 452 3210; x_wconf 87' lang='lat' dir='ltr'><strong><em>iram</em></strong></span> <span class='ocrx_word' id='word_1_235' title='bbox 470 3183 593 3211; x_wconf 88' lang='lat' dir='ltr'><strong><em>meam</em></strong></span> <span class='ocrx_word' id='word_1_236' title='bbox 610 3172 755 3223; x_wconf 86' lang='lat' dir='ltr'><strong><em>patria,</em></strong></span> <span class='ocrx_word' id='word_1_237' title='bbox 772 3173 948 3224; x_wconf 86' lang='lat' dir='ltr'><strong><em>precibus</em></strong></span> <span class='ocrx_word' id='word_1_238' title='bbox 965 3174 1078 3225; x_wconf 77' lang='lat' dir='ltr'><strong><em>hujus</em></strong></span> <span class='ocrx_word' id='word_1_239' title='bbox 1094 3178 1225 3216; x_wconf 75' lang='lat' dir='ltr'><strong><em>admo-</em></strong></span> 
     </span>
     <span class='ocr_line' id='line_1_46' title="bbox 350 3234 1224 3291; baseline 0.009 -19"><span class='ocrx_word' id='word_1_240' title='bbox 350 3234 417 3284; x_wconf 88' lang='lat' dir='ltr'><strong><em>tis,</em></strong></span> <span class='ocrx_word' id='word_1_241' title='bbox 442 3234 552 3284; x_wconf 74' lang='lat' dir='ltr'><strong><em>cujus</em></strong></span> <span class='ocrx_word' id='word_1_242' title='bbox 577 3239 688 3274; x_wconf 86' lang='lat' dir='ltr'><strong><em>utero</em></strong></span> <span class='ocrx_word' id='word_1_243' title='bbox 718 3240 772 3287; x_wconf 89' lang='lat' dir='ltr'><strong><em>te,</em></strong></span> <span class='ocrx_word' id='word_1_244' title='bbox 801 3236 886 3288; x_wconf 60' lang='lat' dir='ltr'><strong><em>isa]</em></strong></span> <span class='ocrx_word' id='word_1_245' title='bbox 916 3237 955 3278; x_wconf 94' lang='grc' dir='ltr'>Ο</span> <span class='ocrx_word' id='word_1_246' title='bbox 978 3240 1132 3291; x_wconf 88' lang='lat' dir='ltr'><strong><em>patria,</em></strong></span> <span class='ocrx_word' id='word_1_247' title='bbox 1151 3241 1224 3291; x_wconf 89' lang='lat' dir='ltr'><strong><em>ait,</em></strong></span> 
     </span>
     <span class='ocr_line' id='line_1_47' title="bbox 343 3295 1223 3347; baseline 0.01 -13"><span class='ocrx_word' id='word_1_248' title='bbox 343 3295 438 3347; x_wconf 87' lang='lat' dir='ltr'><strong><em>jam</em></strong></span> <span class='ocrx_word' id='word_1_249' title='bbox 475 3296 656 3336; x_wconf 86' lang='lat' dir='ltr'><strong><em>animum</em></strong></span> <span class='ocrx_word' id='word_1_250' title='bbox 694 3310 833 3338; x_wconf 88' lang='lat' dir='ltr'><strong><em>meum</em></strong></span> <span class='ocrx_word' id='word_1_251' title='bbox 865 3299 1000 3339; x_wconf 89' lang='lat' dir='ltr'><strong><em>vicisti</em></strong></span> <span class='ocrx_word' id='word_1_252' title='bbox 1031 3302 1118 3341; x_wconf 87' lang='lat' dir='ltr'><strong><em>telo</em></strong></span> <span class='ocrx_word' id='word_1_253' title='bbox 1146 3303 1223 3344; x_wconf 86' lang='lat' dir='ltr'><strong><em>hoc</em></strong></span> 
     </span>
     <span class='ocr_line' id='line_1_48' title="bbox 349 3363 1050 3414; baseline 0.007 -16"><span class='ocrx_word' id='word_1_254' title='bbox 349 3365 637 3400; x_wconf 85' lang='lat' dir='ltr'><strong><em>maternarum</em></strong></span> <span class='ocrx_word' id='word_1_255' title='bbox 657 3373 848 3412; x_wconf 89' lang='lat' dir='ltr'><strong><em>precum.</em></strong></span> <span class='ocrx_word' id='word_1_256' title='bbox 877 3363 1050 3414; x_wconf 81' lang='lat' dir='ltr'><strong><em>Lipsius.</em></strong></span> 
     </span>
    </p>

    <p class='ocr_par' dir='ltr' id='par_1_6' title="bbox 349 3423 1223 3605">
     <span class='ocr_line' id='line_1_49' title="bbox 403 3423 1223 3478; baseline 0.007 -16"><span class='ocrx_word' id='word_1_257' title='bbox 403 3423 590 3463; x_wconf 81' lang='lat' dir='ltr'><strong><em>Precibus</em></strong></span> <span class='ocrx_word' id='word_1_258' title='bbox 607 3424 719 3475; x_wconf 73' lang='lat' dir='ltr'><strong><em>liujus</em></strong></span> <span class='ocrx_word' id='word_1_259' title='bbox 733 3426 967 3476; x_wconf 88' lang='lat' dir='ltr'><strong><em>admonitus,</em></strong></span> <span class='ocrx_word' id='word_1_260' title='bbox 984 3428 1095 3478; x_wconf 83' lang='lat' dir='ltr'><strong><em>cujus</em></strong></span> <span class='ocrx_word' id='word_1_261' title='bbox 1112 3431 1223 3468; x_wconf 82' lang='lat' dir='ltr'><strong><em>utero</em></strong></span> 
     </span>
     <span class='ocr_line' id='line_1_50' title="bbox 349 3490 1222 3540; baseline 0.009 -16"><span class='ocrx_word' id='word_1_262' title='bbox 349 3491 551 3538; x_wconf 86' lang='lat' dir='ltr'><strong><em>conceptus</em></strong></span> <span class='ocrx_word' id='word_1_263' title='bbox 574 3500 671 3539; x_wconf 86' lang='lat' dir='ltr'><strong><em>sum,</em></strong></span> <span class='ocrx_word' id='word_1_264' title='bbox 700 3492 755 3539; x_wconf 87' lang='lat' dir='ltr'><strong><em>te,</em></strong></span> <span class='ocrx_word' id='word_1_265' title='bbox 782 3490 952 3540; x_wconf 82' lang='lat' dir='ltr'><strong><em>quamvis</em></strong></span> <span class='ocrx_word' id='word_1_266' title='bbox 968 3491 1108 3531; x_wconf 79' lang='lat' dir='ltr'><strong><em>merito</em></strong></span> <span class='ocrx_word' id='word_1_267' title='bbox 1125 3492 1222 3532; x_wconf 83' lang='lat' dir='ltr'><strong><em>mihi</em></strong></span> 
     </span>
     <span class='ocr_line' id='line_1_51' title="bbox 349 3548 1220 3605; baseline 0.009 -17"><span class='ocrx_word' id='word_1_268' title='bbox 349 3548 512 3590; x_wconf 82' lang='lat' dir='ltr'><strong><em>invisam</em></strong></span> <span class='ocrx_word' id='word_1_269' title='bbox 548 3550 667 3604; x_wconf 80' lang='lat' dir='ltr'><strong><em>dono]</em></strong></span> <span class='ocrx_word' id='word_1_270' title='bbox 714 3552 784 3592; x_wconf 82' lang='lat' dir='ltr'><strong><em>lta</em></strong></span> <span class='ocrx_word' id='word_1_271' title='bbox 825 3553 964 3605; x_wconf 85' lang='lat' dir='ltr'><strong><em>vulgo.</em></strong></span> <span class='ocrx_word' id='word_1_272' title='bbox 1019 3554 1141 3595; x_wconf 83' lang='lat' dir='ltr'><strong><em>Dicit</em></strong></span> <span class='ocrx_word' id='word_1_273' title='bbox 1175 3567 1220 3596; x_wconf 86' lang='lat' dir='ltr'><strong><em>se</em></strong></span> 
     </span>
    </p>
   </div>
   <div class='ocr_carea' id='block_1_3' title="bbox 934 324 1595 366">
    <p class='ocr_par' dir='ltr' id='par_1_7' title="bbox 934 324 1595 366">
     <span class='ocr_line' id='line_1_52' title="bbox 934 324 1595 366; baseline 0.003 -3"><span class='ocrx_word' id='word_1_274' title='bbox 934 324 1112 364; x_wconf 84' lang='lat' dir='ltr'><strong><em>No&#39;rAE</em></strong></span> <span class='ocrx_word' id='word_1_275' title='bbox 1157 325 1486 365; x_wconf 84' lang='lat' dir='ltr'>VARIORUM</span> <span class='ocrx_word' id='word_1_276' title='bbox 1527 327 1595 366; x_wconf 84' lang='lat' dir='ltr'><strong><em>IN</em></strong></span> 
     </span>
    </p>
   </div>
   <div class='ocr_carea' id='block_1_4' title="bbox 1283 441 2213 3606">
    <p class='ocr_par' dir='ltr' id='par_1_8' title="bbox 1297 441 2213 1003">
     <span class='ocr_line' id='line_1_53' title="bbox 1302 441 2180 503; baseline 0.01 -22"><span class='ocrx_word' id='word_1_277' title='bbox 1302 441 1462 483; x_wconf 85' lang='lat' dir='ltr'><strong><em>donare</em></strong></span> <span class='ocrx_word' id='word_1_278' title='bbox 1478 443 1676 496; x_wconf 78' lang='lat' dir='ltr'><strong><em>patriam,</em></strong></span> <span class='ocrx_word' id='word_1_279' title='bbox 1690 444 1765 486; x_wconf 88' lang='lat' dir='ltr'><strong><em>sed</em></strong></span> <span class='ocrx_word' id='word_1_280' title='bbox 1781 457 1862 486; x_wconf 89' lang='lat' dir='ltr'><strong><em>uon</em></strong></span> <span class='ocrx_word' id='word_1_281' title='bbox 1879 447 1967 499; x_wconf 90' lang='lat' dir='ltr'><strong><em>cui,</em></strong></span> <span class='ocrx_word' id='word_1_282' title='bbox 1985 449 2052 489; x_wconf 85' lang='lat' dir='ltr'><strong><em>vel</em></strong></span> <span class='ocrx_word' id='word_1_283' title='bbox 2074 461 2180 503; x_wconf 71' lang='lat' dir='ltr'><strong><em>qna·</em></strong></span> 
     </span>
     <span class='ocr_line' id='line_1_54' title="bbox 1301 506 2178 552; baseline 0.011 -9"><span class='ocrx_word' id='word_1_284' title='bbox 1301 516 1398 545; x_wconf 88' lang='lat' dir='ltr'><strong><em>uam</em></strong></span> <span class='ocrx_word' id='word_1_285' title='bbox 1426 517 1488 545; x_wconf 89' lang='lat' dir='ltr'><strong><em>re.</em></strong></span> <span class='ocrx_word' id='word_1_286' title='bbox 1547 506 1658 546; x_wconf 88' lang='lat' dir='ltr'><strong><em>Haec</em></strong></span> <span class='ocrx_word' id='word_1_287' title='bbox 1694 507 1796 548; x_wconf 87' lang='lat' dir='ltr'><strong><em>item</em></strong></span> <span class='ocrx_word' id='word_1_288' title='bbox 1827 509 1957 551; x_wconf 83' lang='lat' dir='ltr'><strong><em>verba</em></strong></span> <span class='ocrx_word' id='word_1_289' title='bbox 1985 523 2088 551; x_wconf 80' lang='lat' dir='ltr'><strong><em>sane</em></strong></span> <span class='ocrx_word' id='word_1_290' title='bbox 2114 513 2178 552; x_wconf 91' lang='lat' dir='ltr'><strong><em>in-</em></strong></span> 
     </span>
     <span class='ocr_line' id='line_1_55' title="bbox 1300 566 2176 627; baseline 0.011 -21"><span class='ocrx_word' id='word_1_291' title='bbox 1300 566 1455 608; x_wconf 87' lang='lat' dir='ltr'><strong><em>farcito</em></strong></span> <span class='ocrx_word' id='word_1_292' title='bbox 1487 569 1740 620; x_wconf 87' lang='lat' dir='ltr'><strong><em>glossemate</em></strong></span> <span class='ocrx_word' id='word_1_293' title='bbox 1778 577 1877 612; x_wconf 88' lang='lat' dir='ltr'><strong><em>sunt</em></strong></span> <span class='ocrx_word' id='word_1_294' title='bbox 1919 572 2176 627; x_wconf 85' lang='lat' dir='ltr'><strong><em>depravata,</em></strong></span> 
     </span>
     <span class='ocr_line' id='line_1_56' title="bbox 1301 629 2179 687; baseline 0.014 -18"><span class='ocrx_word' id='word_1_295' title='bbox 1301 643 1397 684; x_wconf 83' lang='lat' dir='ltr'><strong><em>quae</em></strong></span> <span class='ocrx_word' id='word_1_296' title='bbox 1418 643 1523 683; x_wconf 90' lang='lat' dir='ltr'><strong><em>pure</em></strong></span> <span class='ocrx_word' id='word_1_297' title='bbox 1543 637 1673 686; x_wconf 85' lang='lat' dir='ltr'><strong><em>atque</em></strong></span> <span class='ocrx_word' id='word_1_298' title='bbox 1692 629 1914 687; x_wconf 76' lang='lat' dir='ltr'><strong><em>eleganter</em></strong></span> <span class='ocrx_word' id='word_1_299' title='bbox 1932 637 1994 678; x_wconf 84' lang='lat' dir='ltr'><strong><em>ita</em></strong></span> <span class='ocrx_word' id='word_1_300' title='bbox 2019 639 2064 679; x_wconf 89' lang='lat' dir='ltr'><strong><em>in</em></strong></span> <span class='ocrx_word' id='word_1_301' title='bbox 2082 640 2179 680; x_wconf 86' lang='lat' dir='ltr'><strong><em>Ma·</em></strong></span> 
     </span>
     <span class='ocr_line' id='line_1_57' title="bbox 1298 694 2173 752; baseline 0.013 -19"><span class='ocrx_word' id='word_1_302' title='bbox 1298 694 1506 746; x_wconf 89' lang='lat' dir='ltr'><strong><em>nuscript.</em></strong></span> <span class='ocrx_word' id='word_1_303' title='bbox 1537 696 1756 738; x_wconf 75' lang='lat' dir='ltr'><strong><em>omnibus=</em></strong></span> <span class='ocrx_word' id='word_1_304' title='bbox 1784 699 1961 750; x_wconf 84' lang='lat' dir='ltr'><strong><em>precibus</em></strong></span> <span class='ocrx_word' id='word_1_305' title='bbox 1977 702 2088 752; x_wconf 54' lang='lat' dir='ltr'><strong><em>largius</em></strong></span> <span class='ocrx_word' id='word_1_306' title='bbox 2104 704 2173 743; x_wconf 79' lang='lat' dir='ltr'><strong><em>ad-</em></strong></span> 
     </span>
     <span class='ocr_line' id='line_1_58' title="bbox 1297 758 2175 814; baseline 0.013 -18"><span class='ocrx_word' id='word_1_307' title='bbox 1297 758 1427 806; x_wconf 89' lang='lat' dir='ltr'><strong><em>motis,</em></strong></span> <span class='ocrx_word' id='word_1_308' title='bbox 1456 758 1564 808; x_wconf 69' lang='lat' dir='ltr'><strong><em>cujus</em></strong></span> <span class='ocrx_word' id='word_1_309' title='bbox 1598 765 1709 799; x_wconf 87' lang='lat' dir='ltr'><strong><em>utero</em></strong></span> <span class='ocrx_word' id='word_1_310' title='bbox 1745 765 1800 811; x_wconf 87' lang='lat' dir='ltr'><strong><em>te,</em></strong></span> <span class='ocrx_word' id='word_1_311' title='bbox 1830 764 2005 814; x_wconf 77' lang='lat' dir='ltr'><strong><em>quamvis</em></strong></span> <span class='ocrx_word' id='word_1_312' title='bbox 2032 766 2175 807; x_wconf 81' lang='lat' dir='ltr'><strong><em>merito</em></strong></span> 
     </span>
     <span class='ocr_line' id='line_1_59' title="bbox 1298 820 2213 880; baseline 0.01 -21"><span class='ocrx_word' id='word_1_313' title='bbox 1298 821 1395 860; x_wconf 79' lang='lat' dir='ltr'><strong><em>mihi</em></strong></span> <span class='ocrx_word' id='word_1_314' title='bbox 1408 820 1587 873; x_wconf 84' lang='lat' dir='ltr'><strong><em>invisam,</em></strong></span> <span class='ocrx_word' id='word_1_315' title='bbox 1606 824 1720 864; x_wconf 82' lang='lat' dir='ltr'><strong><em>dono.</em></strong></span> <span class='ocrx_word' id='word_1_316' title='bbox 1749 824 1944 876; x_wconf 87' lang='lat' dir='ltr'><strong><em>Pighius.</em></strong></span> <span class='ocrx_word' id='word_1_317' title='bbox 2211 877 2213 880; x_wconf 88' lang='lat'><strong><em>.</em></strong></span> 
     </span>
     <span class='ocr_line' id='line_1_60' title="bbox 1373 885 2173 940; baseline 0.008 -17"><span class='ocrx_word' id='word_1_318' title='bbox 1373 885 1612 926; x_wconf 84' lang='lat' dir='ltr'><strong><em>Verecundia</em></strong></span> <span class='ocrx_word' id='word_1_319' title='bbox 1654 888 1896 928; x_wconf 82' lang='lat' dir='ltr'><strong><em>detrectandi</em></strong></span> <span class='ocrx_word' id='word_1_320' title='bbox 1942 888 2173 940; x_wconf 75' lang='lat' dir='ltr'><strong><em>ministerii]</em></strong></span> 
     </span>
     <span class='ocr_line' id='line_1_61' title="bbox 1298 947 2120 1003; baseline 0.007 -16"><span class='ocrx_word' id='word_1_321' title='bbox 1298 947 1477 989; x_wconf 88' lang='lat' dir='ltr'><strong><em>Scilicet</em></strong></span> <span class='ocrx_word' id='word_1_322' title='bbox 1496 949 1644 1000; x_wconf 88' lang='lat' dir='ltr'><strong><em>ccepti,</em></strong></span> <span class='ocrx_word' id='word_1_323' title='bbox 1663 956 1707 990; x_wconf 87' lang='lat' dir='ltr'><strong><em>et</em></strong></span> <span class='ocrx_word' id='word_1_324' title='bbox 1728 951 1894 992; x_wconf 85' lang='lat' dir='ltr'><strong><em>Volscis</em></strong></span> <span class='ocrx_word' id='word_1_325' title='bbox 1910 953 2120 1003; x_wconf 86' lang='lat' dir='ltr'><strong><em>promissi.</em></strong></span> 
     </span>
    </p>

    <p class='ocr_par' dir='ltr' id='par_1_9' title="bbox 1295 1010 2206 1116">
     <span class='ocr_line' id='line_1_62' title="bbox 1351 1010 2206 1067; baseline 0.007 -16"><span class='ocrx_word' id='word_1_326' title='bbox 1351 1013 1373 1064; x_wconf 59' lang='grc' dir='ltr'><strong>ς</strong></span> <span class='ocrx_word' id='word_1_327' title='bbox 1402 1015 1427 1052; x_wconf 85' lang='grc'>2</span> <span class='ocrx_word' id='word_1_328' title='bbox 1455 1012 1708 1066; x_wconf 83' lang='lat' dir='ltr'><strong><em>Africanum]</em></strong></span> <span class='ocrx_word' id='word_1_329' title='bbox 1739 1015 1823 1057; x_wconf 80' lang='lat' dir='ltr'><strong><em>Qui</em></strong></span> <span class='ocrx_word' id='word_1_330' title='bbox 1845 1020 1993 1067; x_wconf 87' lang='lat' dir='ltr'><strong><em>postea</em></strong></span> <span class='ocrx_word' id='word_1_331' title='bbox 2006 1014 2173 1056; x_wconf 80' lang='lat' dir='ltr'><strong><em>Africa·</em></strong></span> <span class='ocrx_word' id='word_1_332' title='bbox 2204 1010 2206 1013; x_wconf 38' lang='lat'>⁵</span> 
     </span>
     <span class='ocr_line' id='line_1_63' title="bbox 1295 1075 1639 1116; baseline 0.003 -1"><span class='ocrx_word' id='word_1_333' title='bbox 1295 1086 1372 1115; x_wconf 87' lang='lat' dir='ltr'><strong><em>nus</em></strong></span> <span class='ocrx_word' id='word_1_334' title='bbox 1394 1075 1533 1116; x_wconf 88' lang='lat' dir='ltr'><strong><em>dictus</em></strong></span> <span class='ocrx_word' id='word_1_335' title='bbox 1555 1082 1639 1116; x_wconf 85' lang='lat' dir='ltr'><strong><em>est.</em></strong></span> 
     </span>
    </p>

    <p class='ocr_par' dir='ltr' id='par_1_10' title="bbox 1294 1137 2173 1245">
     <span class='ocr_line' id='line_1_64' title="bbox 1347 1137 2173 1194; baseline 0.005 -16"><span class='ocrx_word' id='word_1_336' title='bbox 1347 1137 1486 1179; x_wconf 85' lang='lat' dir='ltr'><strong><em>Annos</em></strong></span> <span class='ocrx_word' id='word_1_337' title='bbox 1514 1138 1775 1191; x_wconf 81' lang='lat' dir='ltr'><strong><em>puerilitatis]</em></strong></span> <span class='ocrx_word' id='word_1_338' title='bbox 1810 1140 1989 1193; x_wconf 86' lang='lat' dir='ltr'><strong><em>Legitur</em></strong></span> <span class='ocrx_word' id='word_1_339' title='bbox 2024 1147 2070 1182; x_wconf 87' lang='lat' dir='ltr'><strong><em>et</em></strong></span> <span class='ocrx_word' id='word_1_340' title='bbox 2100 1154 2173 1194; x_wconf 88' lang='lat' dir='ltr'><strong><em>pu·</em></strong></span> 
     </span>
     <span class='ocr_line' id='line_1_65' title="bbox 1294 1202 1473 1245; baseline 0.022 -4"><span class='ocrx_word' id='word_1_341' title='bbox 1294 1202 1473 1245; x_wconf 84' lang='lat' dir='ltr'><strong><em>bertatis.</em></strong></span> 
     </span>
    </p>

    <p class='ocr_par' dir='ltr' id='par_1_11' title="bbox 1294 1266 2170 1432">
     <span class='ocr_line' id='line_1_66' title="bbox 1347 1266 2170 1321; baseline 0.002 -15"><span class='ocrx_word' id='word_1_342' title='bbox 1347 1266 1570 1307; x_wconf 85' lang='lat' dir='ltr'><strong><em>Intercessu</em></strong></span> <span class='ocrx_word' id='word_1_343' title='bbox 1586 1267 1673 1318; x_wconf 90' lang='lat' dir='ltr'><strong><em>suo]</em></strong></span> <span class='ocrx_word' id='word_1_344' title='bbox 1719 1267 2056 1320; x_wconf 88' lang='lat' dir='ltr'><strong><em>Interpositioue</em></strong></span> <span class='ocrx_word' id='word_1_345' title='bbox 2080 1281 2170 1321; x_wconf 86' lang='lat' dir='ltr'><strong><em>sua,</em></strong></span> 
     </span>
     <span class='ocr_line' id='line_1_67' title="bbox 1294 1328 2170 1383; baseline 0.007 -16"><span class='ocrx_word' id='word_1_346' title='bbox 1294 1328 1406 1380; x_wconf 91' lang='lat' dir='ltr'><strong><em>quod</em></strong></span> <span class='ocrx_word' id='word_1_347' title='bbox 1427 1341 1472 1369; x_wconf 87' lang='lat' dir='ltr'><strong><em>se</em></strong></span> <span class='ocrx_word' id='word_1_348' title='bbox 1488 1328 1676 1369; x_wconf 90' lang='lat' dir='ltr'><strong><em>medium</em></strong></span> <span class='ocrx_word' id='word_1_349' title='bbox 1695 1331 1809 1370; x_wconf 87' lang='lat' dir='ltr'><strong><em>inter</em></strong></span> <span class='ocrx_word' id='word_1_350' title='bbox 1826 1339 1994 1383; x_wconf 80' lang='lat' dir='ltr'><strong><em>patrem</em></strong></span> <span class='ocrx_word' id='word_1_351' title='bbox 2011 1333 2170 1373; x_wconf 79' lang='lat' dir='ltr'><strong><em>ethos-</em></strong></span> 
     </span>
     <span class='ocr_line' id='line_1_68' title="bbox 1294 1391 1593 1432; baseline 0.01 -3"><span class='ocrx_word' id='word_1_352' title='bbox 1294 1395 1382 1430; x_wconf 85' lang='lat' dir='ltr'><strong><em>tem</em></strong></span> <span class='ocrx_word' id='word_1_353' title='bbox 1402 1391 1593 1432; x_wconf 88' lang='lat' dir='ltr'><strong><em>immisit.</em></strong></span> 
     </span>
    </p>

    <p class='ocr_par' dir='ltr' id='par_1_12' title="bbox 1294 1451 2172 1636">
     <span class='ocr_line' id='line_1_69' title="bbox 1350 1451 2168 1510; baseline 0.004 -16"><span class='ocrx_word' id='word_1_354' title='bbox 1350 1455 1560 1507; x_wconf 88' lang='lat' dir='ltr'><strong><em>Coronam]</em></strong></span> <span class='ocrx_word' id='word_1_355' title='bbox 1615 1455 1794 1496; x_wconf 88' lang='lat' dir='ltr'><strong><em>Scilicet</em></strong></span> <span class='ocrx_word' id='word_1_356' title='bbox 1829 1455 2026 1507; x_wconf 86' lang='lat' dir='ltr'><strong><em>civicam,</em></strong></span> <span class='ocrx_word' id='word_1_357' title='bbox 2072 1451 2168 1510; x_wconf 83' lang='lat' dir='ltr'><strong><em>quae</em></strong></span> 
     </span>
     <span class='ocr_line' id='line_1_70' title="bbox 1294 1517 2172 1571; baseline 0.003 -13"><span class='ocrx_word' id='word_1_358' title='bbox 1294 1517 1479 1559; x_wconf 86' lang='lat' dir='ltr'><strong><em>dabatur</em></strong></span> <span class='ocrx_word' id='word_1_359' title='bbox 1508 1519 1588 1569; x_wconf 84' lang='lat' dir='ltr'><strong><em>his,</em></strong></span> <span class='ocrx_word' id='word_1_360' title='bbox 1616 1519 1686 1571; x_wconf 91' lang='lat' dir='ltr'><strong><em>qui</em></strong></span> <span class='ocrx_word' id='word_1_361' title='bbox 1722 1518 1838 1559; x_wconf 88' lang='lat' dir='ltr'><strong><em>cives</em></strong></span> <span class='ocrx_word' id='word_1_362' title='bbox 1866 1526 2113 1561; x_wconf 84' lang='lat' dir='ltr'><strong><em>servassent</em></strong></span> <span class='ocrx_word' id='word_1_363' title='bbox 2146 1534 2172 1560; x_wconf 87' lang='lat' dir='ltr'><strong><em>a</em></strong></span> 
     </span>
     <span class='ocr_line' id='line_1_71' title="bbox 1294 1586 2172 1636; baseline 0.003 -13"><span class='ocrx_word' id='word_1_364' title='bbox 1294 1589 1460 1623; x_wconf 90' lang='lat' dir='ltr'><strong><em>morte:</em></strong></span> <span class='ocrx_word' id='word_1_365' title='bbox 1497 1587 1594 1623; x_wconf 87' lang='lat' dir='ltr'><strong><em>erat</em></strong></span> <span class='ocrx_word' id='word_1_366' title='bbox 1609 1586 1751 1623; x_wconf 84' lang='lat' dir='ltr'><strong><em>autem</em></strong></span> <span class='ocrx_word' id='word_1_367' title='bbox 1771 1595 1948 1635; x_wconf 87' lang='lat' dir='ltr'><strong><em>querna,</em></strong></span> <span class='ocrx_word' id='word_1_368' title='bbox 1964 1589 2013 1624; x_wconf 90' lang='lat' dir='ltr'><strong><em>ut</em></strong></span> <span class='ocrx_word' id='word_1_369' title='bbox 2028 1596 2172 1636; x_wconf 78' lang='lat' dir='ltr'><strong><em>supra.</em></strong></span> 
     </span>
    </p>

    <p class='ocr_par' dir='ltr' id='par_1_13' title="bbox 1295 1645 2169 1749">
     <span class='ocr_line' id='line_1_72' title="bbox 1349 1645 2169 1700; baseline 0.004 -15"><span class='ocrx_word' id='word_1_370' title='bbox 1349 1647 1372 1698; x_wconf 84' lang='lat'>§</span> <span class='ocrx_word' id='word_1_371' title='bbox 1401 1648 1425 1686; x_wconf 79' lang='lat'><strong>3</strong></span> <span class='ocrx_word' id='word_1_372' title='bbox 1454 1645 1560 1697; x_wconf 85' lang='lat' dir='ltr'><strong><em>Ista]</em></strong></span> <span class='ocrx_word' id='word_1_373' title='bbox 1605 1646 1675 1687; x_wconf 93' lang='lat' dir='ltr'><strong><em>Sc.</em></strong></span> <span class='ocrx_word' id='word_1_374' title='bbox 1707 1645 1925 1687; x_wconf 86' lang='lat' dir='ltr'><strong><em>Coriolani</em></strong></span> <span class='ocrx_word' id='word_1_375' title='bbox 1944 1651 1991 1687; x_wconf 90' lang='lat' dir='ltr'><strong><em>et</em></strong></span> <span class='ocrx_word' id='word_1_376' title='bbox 2008 1647 2169 1700; x_wconf 89' lang='lat' dir='ltr'><strong><em>Scipio·</em></strong></span> 
     </span>
     <span class='ocr_line' id='line_1_73' title="bbox 1295 1721 2124 1749; baseline 0.001 -1"><span class='ocrx_word' id='word_1_377' title='bbox 1295 1721 1375 1749; x_wconf 86' lang='lat' dir='ltr'><strong><em>ms.</em></strong></span> <span class='ocrx_word' id='word_1_378' title='bbox 2122 1731 2124 1733; x_wconf 60' lang='lat'>&gt;</span> 
     </span>
    </p>

    <p class='ocr_par' dir='ltr' id='par_1_14' title="bbox 1349 1773 1856 1826">
     <span class='ocr_line' id='line_1_74' title="bbox 1349 1773 1856 1826; baseline 0.004 -14"><span class='ocrx_word' id='word_1_379' title='bbox 1349 1773 1447 1826; x_wconf 84' lang='lat' dir='ltr'><strong><em>Illa]</em></strong></span> <span class='ocrx_word' id='word_1_380' title='bbox 1473 1774 1580 1816; x_wconf 82' lang='lat' dir='ltr'><strong><em>Quae</em></strong></span> <span class='ocrx_word' id='word_1_381' title='bbox 1603 1778 1856 1826; x_wconf 85' lang='lat' dir='ltr'><strong><em>sequuntur.</em></strong></span> 
     </span>
    </p>

    <p class='ocr_par' dir='ltr' id='par_1_15' title="bbox 1285 1838 2170 3286">
     <span class='ocr_line' id='line_1_75' title="bbox 1348 1838 2168 1891; baseline 0.001 -14"><span class='ocrx_word' id='word_1_382' title='bbox 1348 1838 1398 1877; x_wconf 90' lang='lat' dir='ltr'><strong><em>L.</em></strong></span> <span class='ocrx_word' id='word_1_383' title='bbox 1437 1838 1593 1878; x_wconf 86' lang='lat' dir='ltr'><strong><em>Manlio</em></strong></span> <span class='ocrx_word' id='word_1_384' title='bbox 1625 1838 1816 1891; x_wconf 83' lang='lat' dir='ltr'><strong><em>Torquato</em></strong></span> <span class='ocrx_word' id='word_1_385' title='bbox 1845 1839 1899 1878; x_wconf 83' lang='lat' dir='ltr'><strong><em>ad</em></strong></span> <span class='ocrx_word' id='word_1_386' title='bbox 1923 1838 2026 1878; x_wconf 81' lang='lat' dir='ltr'><strong><em>diem</em></strong></span> <span class='ocrx_word' id='word_1_387' title='bbox 2047 1850 2168 1890; x_wconf 82' lang='lat' dir='ltr'><strong><em>popu-</em></strong></span> 
     </span>
     <span class='ocr_line' id='line_1_76' title="bbox 1295 1901 2167 1955; baseline -0.001 -14"><span class='ocrx_word' id='word_1_388' title='bbox 1295 1901 1394 1953; x_wconf 90' lang='lat' dir='ltr'><strong><em>lum]</em></strong></span> <span class='ocrx_word' id='word_1_389' title='bbox 1423 1901 1495 1942; x_wconf 87' lang='lat' dir='ltr'><strong><em>Ita</em></strong></span> <span class='ocrx_word' id='word_1_390' title='bbox 1513 1901 1668 1953; x_wconf 82' lang='lat' dir='ltr'><strong><em>Vulgo.</em></strong></span> <span class='ocrx_word' id='word_1_391' title='bbox 1700 1902 1879 1942; x_wconf 88' lang='lat' dir='ltr'><strong><em>Temere</em></strong></span> <span class='ocrx_word' id='word_1_392' title='bbox 1899 1901 1966 1942; x_wconf 85' lang='lat' dir='ltr'><strong><em>hic</em></strong></span> <span class='ocrx_word' id='word_1_393' title='bbox 1981 1902 2167 1955; x_wconf 84' lang='lat' dir='ltr'><strong><em>ex-glos-</em></strong></span> 
     </span>
     <span class='ocr_line' id='line_1_77' title="bbox 1294 1966 2170 2018; baseline 0 -12"><span class='ocrx_word' id='word_1_394' title='bbox 1294 1967 1395 2007; x_wconf 91' lang='lat' dir='ltr'><strong><em>sulis</em></strong></span> <span class='ocrx_word' id='word_1_395' title='bbox 1416 1967 1572 2018; x_wconf 85' lang='lat' dir='ltr'><strong><em>ineptis</em></strong></span> <span class='ocrx_word' id='word_1_396' title='bbox 1604 1967 1827 2007; x_wconf 88' lang='lat' dir='ltr'><strong><em>contextui</em></strong></span> <span class='ocrx_word' id='word_1_397' title='bbox 1859 1966 2068 2018; x_wconf 85' lang='lat' dir='ltr'><strong><em>ingestum</em></strong></span> <span class='ocrx_word' id='word_1_398' title='bbox 2102 1970 2170 2006; x_wconf 81' lang='lat' dir='ltr'><strong><em>est</em></strong></span> 
     </span>
     <span class='ocr_line' id='line_1_78' title="bbox 1293 2030 2167 2082; baseline 0 -12"><span class='ocrx_word' id='word_1_399' title='bbox 1293 2031 1503 2082; x_wconf 85' lang='lat' dir='ltr'><strong><em>Torquati</em></strong></span> <span class='ocrx_word' id='word_1_400' title='bbox 1531 2041 1782 2082; x_wconf 84' lang='lat' dir='ltr'><strong><em>cognomen,</em></strong></span> <span class='ocrx_word' id='word_1_401' title='bbox 1811 2030 1926 2082; x_wconf 81' lang='lat' dir='ltr'><strong><em>quod</em></strong></span> <span class='ocrx_word' id='word_1_402' title='bbox 1953 2041 2167 2082; x_wconf 85' lang='lat' dir='ltr'><strong><em>nunquam</em></strong></span> 
     </span>
     <span class='ocr_line' id='line_1_79' title="bbox 1294 2093 2169 2147; baseline -0.001 -13"><span class='ocrx_word' id='word_1_403' title='bbox 1294 2094 1345 2135; x_wconf 88' lang='lat' dir='ltr'><strong><em>L.</em></strong></span> <span class='ocrx_word' id='word_1_404' title='bbox 1380 2094 1532 2134; x_wconf 88' lang='lat' dir='ltr'><strong><em>Manlii</em></strong></span> <span class='ocrx_word' id='word_1_405' title='bbox 1567 2094 1664 2147; x_wconf 86' lang='lat' dir='ltr'><strong><em>fuit,</em></strong></span> <span class='ocrx_word' id='word_1_406' title='bbox 1701 2094 1774 2147; x_wconf 90' lang='lat' dir='ltr'><strong><em>qui</em></strong></span> <span class='ocrx_word' id='word_1_407' title='bbox 1812 2093 2079 2146; x_wconf 82' lang='lat' dir='ltr'><strong><em>Capitolinus</em></strong></span> <span class='ocrx_word' id='word_1_408' title='bbox 2121 2099 2169 2133; x_wconf 86' lang='lat' dir='ltr'><strong><em>et</em></strong></span> 
     </span>
     <span class='ocr_line' id='line_1_80' title="bbox 1293 2157 2167 2209; baseline 0.002 -13"><span class='ocrx_word' id='word_1_409' title='bbox 1293 2157 1572 2209; x_wconf 88' lang='lat' dir='ltr'><strong><em>Imperiossus</em></strong></span> <span class='ocrx_word' id='word_1_410' title='bbox 1596 2158 1839 2201; x_wconf 85' lang='lat' dir='ltr'><strong><em>vocabatur.</em></strong></span> <span class='ocrx_word' id='word_1_411' title='bbox 1893 2158 1991 2198; x_wconf 89' lang='lat' dir='ltr'><strong><em>Nec</em></strong></span> <span class='ocrx_word' id='word_1_412' title='bbox 2008 2159 2100 2209; x_wconf 89' lang='lat' dir='ltr'><strong><em>ipse</em></strong></span> <span class='ocrx_word' id='word_1_413' title='bbox 2117 2157 2167 2198; x_wconf 84' lang='lat' dir='ltr'><strong><em>fi·</em></strong></span> 
     </span>
     <span class='ocr_line' id='line_1_81' title="bbox 1291 2220 2167 2273; baseline 0.001 -14"><span class='ocrx_word' id='word_1_414' title='bbox 1291 2220 1372 2260; x_wconf 88' lang='lat' dir='ltr'><strong><em>lius</em></strong></span> <span class='ocrx_word' id='word_1_415' title='bbox 1391 2220 1532 2270; x_wconf 84' lang='lat' dir='ltr'><strong><em>Titus,</em></strong></span> <span class='ocrx_word' id='word_1_416' title='bbox 1551 2234 1645 2261; x_wconf 91' lang='lat' dir='ltr'><strong><em>cum</em></strong></span> <span class='ocrx_word' id='word_1_417' title='bbox 1665 2222 1746 2262; x_wconf 87' lang='lat' dir='ltr'><strong><em>hoc</em></strong></span> <span class='ocrx_word' id='word_1_418' title='bbox 1769 2220 2012 2273; x_wconf 83' lang='lat' dir='ltr'><strong><em>exemplum</em></strong></span> <span class='ocrx_word' id='word_1_419' title='bbox 2030 2220 2167 2272; x_wconf 88' lang='lat' dir='ltr'><strong><em>pieta-</em></strong></span> 
     </span>
     <span class='ocr_line' id='line_1_82' title="bbox 1292 2283 2168 2337; baseline 0 -14"><span class='ocrx_word' id='word_1_420' title='bbox 1292 2284 1348 2323; x_wconf 88' lang='lat' dir='ltr'><strong><em>tis</em></strong></span> <span class='ocrx_word' id='word_1_421' title='bbox 1385 2283 1552 2334; x_wconf 88' lang='lat' dir='ltr'><strong><em>ederet,</em></strong></span> <span class='ocrx_word' id='word_1_422' title='bbox 1584 2285 1792 2337; x_wconf 87' lang='lat' dir='ltr'><strong><em>Torquati</em></strong></span> <span class='ocrx_word' id='word_1_423' title='bbox 1827 2294 2063 2335; x_wconf 88' lang='lat' dir='ltr'><strong><em>cognomen</em></strong></span> <span class='ocrx_word' id='word_1_424' title='bbox 2093 2283 2168 2323; x_wconf 80' lang='lat' dir='ltr'><strong><em>ha-</em></strong></span> 
     </span>
     <span class='ocr_line' id='line_1_83' title="bbox 1292 2347 2167 2400; baseline -0.001 -13"><span class='ocrx_word' id='word_1_425' title='bbox 1292 2347 1401 2394; x_wconf 86' lang='lat' dir='ltr'><strong><em>buit,</em></strong></span> <span class='ocrx_word' id='word_1_426' title='bbox 1438 2353 1590 2400; x_wconf 88' lang='lat' dir='ltr'><strong><em>postea</em></strong></span> <span class='ocrx_word' id='word_1_427' title='bbox 1625 2348 1828 2400; x_wconf 88' lang='lat' dir='ltr'><strong><em>singulari</em></strong></span> <span class='ocrx_word' id='word_1_428' title='bbox 1871 2347 2049 2387; x_wconf 88' lang='lat' dir='ltr'><strong><em>victoria</em></strong></span> <span class='ocrx_word' id='word_1_429' title='bbox 2085 2347 2167 2386; x_wconf 88' lang='lat' dir='ltr'><strong><em>sibi</em></strong></span> 
     </span>
     <span class='ocr_line' id='line_1_84' title="bbox 1290 2411 2168 2463; baseline 0.001 -14"><span class='ocrx_word' id='word_1_430' title='bbox 1290 2411 1461 2463; x_wconf 88' lang='lat' dir='ltr'><strong><em>suisque</em></strong></span> <span class='ocrx_word' id='word_1_431' title='bbox 1493 2411 1596 2450; x_wconf 88' lang='lat' dir='ltr'><strong><em>illud</em></strong></span> <span class='ocrx_word' id='word_1_432' title='bbox 1629 2412 1828 2463; x_wconf 84' lang='lat' dir='ltr'><strong><em>adeptus.</em></strong></span> <span class='ocrx_word' id='word_1_433' title='bbox 1889 2411 2168 2462; x_wconf 83' lang='lat' dir='ltr'><strong><em>Quapropter</em></strong></span> 
     </span>
     <span class='ocr_line' id='line_1_85' title="bbox 1289 2471 2165 2526; baseline 0.006 -15"><span class='ocrx_word' id='word_1_434' title='bbox 1289 2472 1383 2524; x_wconf 87' lang='lat' dir='ltr'><strong><em>ipsa</em></strong></span> <span class='ocrx_word' id='word_1_435' title='bbox 1403 2473 1561 2514; x_wconf 87' lang='lat' dir='ltr'><strong><em>veritas</em></strong></span> <span class='ocrx_word' id='word_1_436' title='bbox 1581 2472 1809 2526; x_wconf 80' lang='lat' dir='ltr'><strong><em>efflagitat,</em></strong></span> <span class='ocrx_word' id='word_1_437' title='bbox 1840 2479 1888 2514; x_wconf 90' lang='lat' dir='ltr'><strong><em>ut</em></strong></span> <span class='ocrx_word' id='word_1_438' title='bbox 1916 2473 1996 2515; x_wconf 86' lang='lat' dir='ltr'><strong><em>boc</em></strong></span> <span class='ocrx_word' id='word_1_439' title='bbox 2014 2471 2165 2516; x_wconf 75' lang='lat' dir='ltr'><strong><em>falsum</em></strong></span> 
     </span>
     <span class='ocr_line' id='line_1_86' title="bbox 1291 2537 2165 2589; baseline 0.001 -13"><span class='ocrx_word' id='word_1_440' title='bbox 1291 2548 1342 2576; x_wconf 89' lang='lat' dir='ltr'><strong><em>ac</em></strong></span> <span class='ocrx_word' id='word_1_441' title='bbox 1361 2537 1680 2589; x_wconf 86' lang='lat' dir='ltr'><strong><em>supposititium</em></strong></span> <span class='ocrx_word' id='word_1_442' title='bbox 1696 2549 1849 2578; x_wconf 87' lang='lat' dir='ltr'><strong><em>nomen</em></strong></span> <span class='ocrx_word' id='word_1_443' title='bbox 1870 2537 2056 2577; x_wconf 88' lang='lat' dir='ltr'><strong><em>historiae</em></strong></span> <span class='ocrx_word' id='word_1_444' title='bbox 2076 2538 2165 2577; x_wconf 82' lang='lat' dir='ltr'><strong><em>exi-</em></strong></span> 
     </span>
     <span class='ocr_line' id='line_1_87' title="bbox 1290 2601 2165 2653; baseline 0.002 -13"><span class='ocrx_word' id='word_1_445' title='bbox 1290 2613 1469 2641; x_wconf 90' lang='lat' dir='ltr'><strong><em>mamus.</em></strong></span> <span class='ocrx_word' id='word_1_446' title='bbox 1538 2602 1720 2642; x_wconf 87' lang='lat' dir='ltr'><strong><em>Constat</em></strong></span> <span class='ocrx_word' id='word_1_447' title='bbox 1755 2607 1899 2642; x_wconf 80' lang='lat' dir='ltr'><strong><em>antem</em></strong></span> <span class='ocrx_word' id='word_1_448' title='bbox 1936 2601 2165 2653; x_wconf 76' lang='lat' dir='ltr'><strong><em>diligenter</em></strong></span> 
     </span>
     <span class='ocr_line' id='line_1_88' title="bbox 1289 2661 2164 2713; baseline -0.005 -9"><span class='ocrx_word' id='word_1_449' title='bbox 1289 2663 1628 2713; x_wconf 88' lang='lat' dir='ltr'><strong><em>advertentibus,</em></strong></span> <span class='ocrx_word' id='word_1_450' title='bbox 1672 2675 1727 2704; x_wconf 81' lang='lat' dir='ltr'><strong><em>ex</em></strong></span> <span class='ocrx_word' id='word_1_451' title='bbox 1773 2663 1990 2703; x_wconf 87' lang='lat' dir='ltr'><strong><em>Ciceronis</em></strong></span> <span class='ocrx_word' id='word_1_452' title='bbox 2034 2661 2164 2704; x_wconf 87' lang='lat' dir='ltr'><strong><em>Offic.</em></strong></span> 
     </span>
     <span class='ocr_line' id='line_1_89' title="bbox 1288 2726 2163 2779; baseline -0.002 -12"><span class='ocrx_word' id='word_1_453' title='bbox 1288 2737 1360 2767; x_wconf 87' lang='lat'><strong><em>111.</em></strong></span> <span class='ocrx_word' id='word_1_454' title='bbox 1398 2728 1520 2779; x_wconf 88' lang='lat' dir='ltr'><strong><em>hujus</em></strong></span> <span class='ocrx_word' id='word_1_455' title='bbox 1553 2727 1739 2778; x_wconf 86' lang='lat' dir='ltr'><strong><em>exempli</em></strong></span> <span class='ocrx_word' id='word_1_456' title='bbox 1774 2726 1904 2766; x_wconf 83' lang='lat' dir='ltr'><strong><em>filium</em></strong></span> <span class='ocrx_word' id='word_1_457' title='bbox 1934 2738 1959 2765; x_wconf 85' lang='lat' dir='ltr'><strong><em>a</em></strong></span> <span class='ocrx_word' id='word_1_458' title='bbox 1986 2726 2163 2766; x_wconf 82' lang='lat' dir='ltr'><strong><em>Valerio</em></strong></span> 
     </span>
     <span class='ocr_line' id='line_1_90' title="bbox 1290 2790 2161 2844; baseline 0 -14"><span class='ocrx_word' id='word_1_459' title='bbox 1290 2795 1470 2831; x_wconf 89' lang='lat' dir='ltr'><strong><em>tractum</em></strong></span> <span class='ocrx_word' id='word_1_460' title='bbox 1490 2803 1595 2841; x_wconf 88' lang='lat' dir='ltr'><strong><em>esse,</em></strong></span> <span class='ocrx_word' id='word_1_461' title='bbox 1613 2790 1682 2844; x_wconf 89' lang='lat' dir='ltr'><strong><em>qui</em></strong></span> <span class='ocrx_word' id='word_1_462' title='bbox 1700 2795 1870 2842; x_wconf 86' lang='lat' dir='ltr'><strong><em>patrem</em></strong></span> <span class='ocrx_word' id='word_1_463' title='bbox 1895 2790 1944 2831; x_wconf 90' lang='lat' dir='ltr'><strong><em>L.</em></strong></span> <span class='ocrx_word' id='word_1_464' title='bbox 1964 2790 2161 2830; x_wconf 79' lang='lat' dir='ltr'><strong><em>Manlium</em></strong></span> 
     </span>
     <span class='ocr_line' id='line_1_91' title="bbox 1289 2854 2163 2906; baseline 0.001 -13"><span class='ocrx_word' id='word_1_465' title='bbox 1289 2856 1340 2893; x_wconf 83' lang='grc' dir='ltr'><strong><em>Α.</em></strong></span> <span class='ocrx_word' id='word_1_466' title='bbox 1378 2854 1429 2893; x_wconf 89' lang='lat' dir='ltr'><strong><em>P.</em></strong></span> <span class='ocrx_word' id='word_1_467' title='bbox 1463 2861 1605 2894; x_wconf 88' lang='lat' dir='ltr'><strong><em>vocat.</em></strong></span> <span class='ocrx_word' id='word_1_468' title='bbox 1664 2854 1807 2894; x_wconf 87' lang='lat' dir='ltr'><strong><em>Livius</em></strong></span> <span class='ocrx_word' id='word_1_469' title='bbox 1841 2857 1887 2894; x_wconf 89' lang='lat' dir='ltr'><strong><em>et</em></strong></span> <span class='ocrx_word' id='word_1_470' title='bbox 1918 2854 2163 2906; x_wconf 83' lang='lat' dir='ltr'><strong><em>Capitolina</em></strong></span> 
     </span>
     <span class='ocr_line' id='line_1_92' title="bbox 1289 2918 2160 2970; baseline 0.001 -13"><span class='ocrx_word' id='word_1_471' title='bbox 1289 2930 1512 2968; x_wconf 85' lang='lat' dir='ltr'><strong><em>marmora,</em></strong></span> <span class='ocrx_word' id='word_1_472' title='bbox 1545 2918 1596 2958; x_wconf 87' lang='lat' dir='ltr'><strong><em>L.</em></strong></span> <span class='ocrx_word' id='word_1_473' title='bbox 1641 2918 1837 2959; x_wconf 85' lang='lat' dir='ltr'><strong><em>Manlium</em></strong></span> <span class='ocrx_word' id='word_1_474' title='bbox 1872 2918 2160 2970; x_wconf 83' lang='lat' dir='ltr'><strong><em>Imperiossum,</em></strong></span> 
     </span>
     <span class='ocr_line' id='line_1_93' title="bbox 1289 2981 2161 3035; baseline 0.001 -14"><span class='ocrx_word' id='word_1_475' title='bbox 1289 2981 1403 3035; x_wconf 90' lang='lat' dir='ltr'><strong><em>quod</em></strong></span> <span class='ocrx_word' id='word_1_476' title='bbox 1435 2993 1669 3033; x_wconf 87' lang='lat' dir='ltr'><strong><em>cognomen</em></strong></span> <span class='ocrx_word' id='word_1_477' title='bbox 1702 2981 1910 3033; x_wconf 90' lang='lat' dir='ltr'><strong><em>imprimis</em></strong></span> <span class='ocrx_word' id='word_1_478' title='bbox 1937 2982 2034 3022; x_wconf 89' lang='lat' dir='ltr'><strong><em>loco</em></strong></span> <span class='ocrx_word' id='word_1_479' title='bbox 2053 2982 2161 3022; x_wconf 68' lang='lat' dir='ltr'><strong><em>Tm·-</em></strong></span> 
     </span>
     <span class='ocr_line' id='line_1_94' title="bbox 1287 3044 2161 3097; baseline 0.001 -13"><span class='ocrx_word' id='word_1_480' title='bbox 1287 3045 1398 3097; x_wconf 81' lang='lat' dir='ltr'><strong><em>quati</em></strong></span> <span class='ocrx_word' id='word_1_481' title='bbox 1423 3045 1712 3096; x_wconf 88' lang='lat' dir='ltr'><strong><em>reponendum</em></strong></span> <span class='ocrx_word' id='word_1_482' title='bbox 1738 3044 1808 3084; x_wconf 84' lang='lat' dir='ltr'><strong><em>hic</em></strong></span> <span class='ocrx_word' id='word_1_483' title='bbox 1827 3044 2026 3085; x_wconf 87' lang='lat' dir='ltr'><strong><em>arbitror.</em></strong></span> <span class='ocrx_word' id='word_1_484' title='bbox 2082 3044 2161 3085; x_wconf 85' lang='lat' dir='ltr'><strong><em>At·</em></strong></span> 
     </span>
     <span class='ocr_line' id='line_1_95' title="bbox 1288 3108 2158 3161; baseline 0 -14"><span class='ocrx_word' id='word_1_485' title='bbox 1288 3120 1370 3161; x_wconf 88' lang='lat' dir='ltr'><strong><em>que</em></strong></span> <span class='ocrx_word' id='word_1_486' title='bbox 1402 3108 1529 3147; x_wconf 90' lang='lat' dir='ltr'><strong><em>etiam</em></strong></span> <span class='ocrx_word' id='word_1_487' title='bbox 1551 3114 1716 3160; x_wconf 85' lang='lat' dir='ltr'><strong><em>postea,</em></strong></span> <span class='ocrx_word' id='word_1_488' title='bbox 1744 3108 1814 3148; x_wconf 88' lang='lat' dir='ltr'><strong><em>ubi</em></strong></span> <span class='ocrx_word' id='word_1_489' title='bbox 1834 3108 1986 3159; x_wconf 89' lang='lat' dir='ltr'><strong><em>legitur</em></strong></span> <span class='ocrx_word' id='word_1_490' title='bbox 2005 3119 2158 3161; x_wconf 88' lang='lat' dir='ltr'><strong><em>perpe-</em></strong></span> 
     </span>
     <span class='ocr_line' id='line_1_96' title="bbox 1288 3171 2159 3224; baseline -0.003 -11"><span class='ocrx_word' id='word_1_491' title='bbox 1288 3185 1401 3213; x_wconf 87' lang='lat' dir='ltr'><strong><em>ram:</em></strong></span> <span class='ocrx_word' id='word_1_492' title='bbox 1443 3174 1571 3224; x_wconf 84' lang='lat' dir='ltr'><strong><em>quue</em></strong></span> <span class='ocrx_word' id='word_1_493' title='bbox 1589 3171 1768 3224; x_wconf 73' lang='lat' dir='ltr'><strong><em>effectum</em></strong></span> <span class='ocrx_word' id='word_1_494' title='bbox 1785 3176 1859 3222; x_wconf 87' lang='lat' dir='ltr'><strong><em>est,</em></strong></span> <span class='ocrx_word' id='word_1_495' title='bbox 1878 3184 1925 3211; x_wconf 87' lang='lat' dir='ltr'><strong><em>ne</em></strong></span> <span class='ocrx_word' id='word_1_496' title='bbox 1946 3171 2159 3223; x_wconf 67' lang='lat' dir='ltr'><strong><em>Tanquam</em></strong></span> 
     </span>
     <span class='ocr_line' id='line_1_97' title="bbox 1285 3234 1837 3286; baseline -0.007 -10"><span class='ocrx_word' id='word_1_497' title='bbox 1285 3249 1441 3276; x_wconf 86' lang='lat' dir='ltr'><strong><em>causam</em></strong></span> <span class='ocrx_word' id='word_1_498' title='bbox 1456 3236 1615 3275; x_wconf 85' lang='lat' dir='ltr'><strong><em>diceret.</em></strong></span> <span class='ocrx_word' id='word_1_499' title='bbox 1646 3234 1837 3286; x_wconf 84' lang='lat' dir='ltr'><strong><em>Pighius.</em></strong></span> 
     </span>
    </p>

    <p class='ocr_par' dir='ltr' id='par_1_16' title="bbox 1283 3296 2186 3606">
     <span class='ocr_line' id='line_1_98' title="bbox 1342 3296 2154 3348; baseline -0.005 -9"><span class='ocrx_word' id='word_1_500' title='bbox 1342 3299 1551 3339; x_wconf 86' lang='lat' dir='ltr'><strong><em>Occasione</em></strong></span> <span class='ocrx_word' id='word_1_501' title='bbox 1582 3298 1674 3337; x_wconf 83' lang='lat' dir='ltr'><strong><em>bene</em></strong></span> <span class='ocrx_word' id='word_1_502' title='bbox 1699 3297 1880 3345; x_wconf 79' lang='lat' dir='ltr'><strong><em>faciendi</em></strong></span> <span class='ocrx_word' id='word_1_503' title='bbox 1905 3296 2013 3348; x_wconf 80' lang='lat' dir='ltr'><strong><em>belli]</em></strong></span> <span class='ocrx_word' id='word_1_504' title='bbox 2044 3297 2154 3336; x_wconf 84' lang='lat' dir='ltr'><strong><em>Nam</em></strong></span> 
     </span>
     <span class='ocr_line' id='line_1_99' title="bbox 1285 3359 2158 3412; baseline -0.002 -10"><span class='ocrx_word' id='word_1_505' title='bbox 1285 3374 1379 3403; x_wconf 91' lang='lat' dir='ltr'><strong><em>cum</em></strong></span> <span class='ocrx_word' id='word_1_506' title='bbox 1417 3363 1460 3401; x_wconf 88' lang='lat' dir='ltr'><strong><em>in</em></strong></span> <span class='ocrx_word' id='word_1_507' title='bbox 1493 3361 1577 3401; x_wconf 85' lang='lat' dir='ltr'><strong><em>fine</em></strong></span> <span class='ocrx_word' id='word_1_508' title='bbox 1610 3361 1879 3412; x_wconf 88' lang='lat' dir='ltr'><strong><em>magistratus</em></strong></span> <span class='ocrx_word' id='word_1_509' title='bbox 1905 3360 1967 3399; x_wconf 88' lang='lat' dir='ltr'><strong><em>sui</em></strong></span> <span class='ocrx_word' id='word_1_510' title='bbox 1991 3359 2158 3401; x_wconf 85' lang='lat' dir='ltr'><strong><em>videret</em></strong></span> 
     </span>
     <span class='ocr_line' id='line_1_100' title="bbox 1284 3423 2186 3476; baseline -0.003 -11"><span class='ocrx_word' id='word_1_511' title='bbox 1284 3426 1423 3466; x_wconf 87' lang='lat' dir='ltr'><strong><em>hostes</em></strong></span> <span class='ocrx_word' id='word_1_512' title='bbox 1451 3438 1533 3465; x_wconf 93' lang='lat' dir='ltr'><strong><em>non</em></strong></span> <span class='ocrx_word' id='word_1_513' title='bbox 1565 3425 1720 3464; x_wconf 87' lang='lat' dir='ltr'><strong><em>multos</em></strong></span> <span class='ocrx_word' id='word_1_514' title='bbox 1741 3430 1839 3476; x_wconf 87' lang='lat' dir='ltr'><strong><em>post</em></strong></span> <span class='ocrx_word' id='word_1_515' title='bbox 1857 3423 1948 3463; x_wconf 91' lang='lat' dir='ltr'><strong><em>dies</em></strong></span> <span class='ocrx_word' id='word_1_516' title='bbox 1968 3423 2155 3464; x_wconf 86' lang='lat' dir='ltr'><strong><em>debella·</em></strong></span> <span class='ocrx_word' id='word_1_517' title='bbox 2177 3443 2186 3461; x_wconf 59' lang='lat' dir='ltr'><strong><em>a</em></strong></span> 
     </span>
     <span class='ocr_line' id='line_1_101' title="bbox 1286 3487 2156 3541; baseline -0.005 -11"><span class='ocrx_word' id='word_1_518' title='bbox 1286 3495 1374 3530; x_wconf 87' lang='lat' dir='ltr'><strong><em>tum</em></strong></span> <span class='ocrx_word' id='word_1_519' title='bbox 1394 3489 1444 3528; x_wconf 91' lang='lat' dir='ltr'><strong><em>iri</em></strong></span> <span class='ocrx_word' id='word_1_520' title='bbox 1461 3499 1598 3541; x_wconf 85' lang='lat' dir='ltr'><strong><em>posse,</em></strong></span> <span class='ocrx_word' id='word_1_521' title='bbox 1617 3489 1648 3527; x_wconf 85' lang='lat' dir='ltr'><strong><em>si</em></strong></span> <span class='ocrx_word' id='word_1_522' title='bbox 1667 3487 1869 3528; x_wconf 89' lang='lat' dir='ltr'><strong><em>videlicet</em></strong></span> <span class='ocrx_word' id='word_1_523' title='bbox 1884 3488 1926 3527; x_wconf 91' lang='lat' dir='ltr'><strong><em>in</em></strong></span> <span class='ocrx_word' id='word_1_524' title='bbox 1938 3487 2156 3529; x_wconf 86' lang='lat' dir='ltr'><strong><em>dictatura</em></strong></span> 
     </span>
     <span class='ocr_line' id='line_1_102' title="bbox 1283 3552 2157 3606; baseline -0.003 -12"><span class='ocrx_word' id='word_1_525' title='bbox 1283 3558 1571 3606; x_wconf 84' lang='lat' dir='ltr'><strong><em>permaneret,</em></strong></span> <span class='ocrx_word' id='word_1_526' title='bbox 1601 3553 1726 3592; x_wconf 87' lang='lat' dir='ltr'><strong><em>aliter</em></strong></span> <span class='ocrx_word' id='word_1_527' title='bbox 1752 3552 1894 3592; x_wconf 83' lang='lat' dir='ltr'><strong><em>hostes</em></strong></span> <span class='ocrx_word' id='word_1_528' title='bbox 1925 3552 2157 3605; x_wconf 82' lang='lat' dir='ltr'><strong><em>respiratu—</em></strong></span> 
     </span>
    </p>
   </div>
  </div>
 </body>
</html>
