2288 3990
352 287 493 340 1066

406 421 516 460 ΕΧΤ.
545 420 567 471 ᾧ
600 424 620 460 l
651 419 893 471 Alcibiades]
944 419 1144 460 ,Iustinus
1173 420 1228 460 de

353 484 578 524 Alcibiade
595 498 605 524 :
639 486 651 508 ⁴
666 487 772 525 Erat
791 485 933 524 aetatis
947 482 1066 534 flore,
1081 491 1126 525 et
1143 484 1227 524 for-

353 553 470 587 tunae
511 549 800 598 veneratione,
839 559 918 587 nec
959 549 1097 587 miuus
1141 549 1228 589 elo-

352 611 527 662 quentia
562 612 675 651 inter
709 611 997 651 Athenienses
1026 612 1227 663 insignis:

351 674 484 714 sedin
505 673 824 714 reconciliandis
845 674 1124 714 amicitiarum
1143 681 1228 715 stu-

354 736 451 787 diis,
468 749 593 788 quam
629 738 673 776 in
699 735 933 777 retinendis
969 738 1034 777 vir
1068 738 1230 789 melior,

353 800 453 852 quia
468 812 631 840 morum
647 800 755 840 vitia
767 800 847 841 sub
866 800 1015 841 umbra
1030 801 1230 854 eloquen-

355 862 429 903 tiae
449 863 587 914 primo
605 863 832 904 latebant.’

412 926 542 978 Vitia]
571 927 743 980 Libido,
763 927 958 980 ambitio,
974 927 1143 981 imperii
1158 941 1229 970 cu—

356 988 530 1041 piditas,
547 990 763 1042 superbia,
777 991 1036 1042 arrogantia.

408 1052 635 1106 Propytaea]
680 1054 900 1105 Significat
947 1055 1230 1104 vestibulum3

356 1116 435 1156 sed
465 1117 621 1158 Graeeo
651 1118 859 1159 vocabulo
890 1132 988 1158 usus
1017 1123 1099 1170 est,
1136 1119 1234 1171 quia

358 1179 515 1220 Graeca
568 1187 781 1223 tractatur
825 1182 1018 1223 historia.
1072 1181 1233 1222 Civitas

355 1245 633 1286 mandaverat
661 1246 836 1297 Pericli,
868 1251 914 1286 ut
937 1246 1093 1297 januas
1123 1245 1235 1285 arcis

357 1307 568 1349 Minervae
585 1308 790 1349 aedificari
809 1317 993 1360 curaret,
1014 1315 1060 1349 et
1078 1309 1119 1349 in
1142 1320 1237 1348 eam

359 1383 448 1411 rem
482 1372 536 1412 de
575 1373 747 1424 publico
786 1373 887 1413 data
923 1380 991 1414 est
1026 1373 1235 1430 pecunia3

358 1434 428 1474 hic
463 1447 562 1476 vero
588 1436 804 1488 ingentem
835 1439 1057 1489 pecuniam
1086 1437 1128 1476 in
1156 1435 1237 1476 hoe

361 1510 493 1550 opere
521 1500 806 1551 consumpsit:
839 1501 953 1540 unde
987 1500 1118 1540 etiam
1148 1501 1238 1540 De·

359 1563 536 1603 metrius
569 1565 821 1616 Phalereus,
859 1571 970 1605 teste
1009 1565 1150 1605 Cicer.
1185 1564 1238 1602 de

363 1626 493 1668 Offic.
539 1628 614 1668 lib.
660 1640 713 1669 11.
760 1629 979 1680 vituperat
1021 1629 1238 1668 Periclem

362 1692 476 1742 quod
506 1696 670 1732 tantam
703 1693 926 1744 pecuniam
958 1692 1003 1731 in
1033 1692 1240 1743 praeclara

362 1753 437 1794 illa
457 1755 677 1806 propylaea
691 1756 936 1808 projecerit.
968 1755 1116 1795 Oliver.

415 1819 558 1858 Januae
571 1819 689 1871 arcis]
708 1819 886 1859 Scilicet
901 1817 1241 1869 Atheniensium,

361 1881 407 1921 in
433 1895 516 1934 qua
549 1883 761 1923 Minervae
790 1890 913 1922 erant
934 1894 1071 1932 sacra,
1087 1887 1136 1922 ut
1157 1881 1242 1922 Ro-

364 1956 445 1985 ma³
465 1947 508 1986 in
530 1947 739 1998 Capitolio
773 1947 911 1988 Jovis.
941 1945 1065 1986 Unde
1099 1946 1143 1985 in
1173 1944 1243 1984 [Ε-

364 2010 479 2052 neid.
516 2011 666 2051 Maro:
699 2010 873 2049 ‘Pallas
909 2021 1012 2062 quas
1049 2008 1245 2049 condidit

366 2086 489 2114 arces
512 2075 609 2126 lpsa
628 2073 769 2114 colat!
799 2073 968 2113 Badius.

421 2138 459 2177 F
459 2138 612 2177 initimo
626 2137 820 2188 implicati
837 2135 951 2187 bello]
969 2135 1144 2175 Scilicet
1161 2135 1244 2174 Pe·

365 2201 682 2253 loponnesiaco.

421 2263 532 2305 CAP.
553 2276 602 2304 11.
644 2263 914 2316 Efficacissimi
946 2262 1104 2313 lacerti]
1130 2261 1247 2302 Vali-

367 2326 541 2366 dissima
555 2328 722 2367 robora.

424 2392 613 2431 Conditor
637 2392 758 2432 Urbis
773 2391 934 2443 nostrae]
956 2391 1249 2443 Condicoepta

369 2462 434 2495 est
454 2469 480 2496 a
499 2457 694 2498 Romulo.
725 2458 790 2496 Ex
810 2456 918 2498 A.D.
936 2467 1020 2497 ΧΠ.
1034 2456 1249 2497 KaLMaii

370 2519 457 2570 die,
497 2521 600 2571 ipsis
635 2520 859 2571 Palilibus,
891 2521 981 2561 sive
1019 2520 1249 2560 Pastorum

370 2585 479 2624 Deae
507 2585 603 2624 Pali
627 2597 764 2635 sacro,
794 2586 899 2626 hora
930 2586 1045 2626 inter
1075 2586 1249 2626 tertiam

370 2653 415 2686 et
435 2652 643 2699 quartam.
700 2649 799 2687 Fuit
825 2650 858 2688 is
879 2661 1014 2688 annus
1035 2655 1132 2700 post
1150 2660 1250 2700 cap·

370 2717 456 2751 tam
474 2712 646 2763 Trojam
672 2723 884 2753 cnxxxu.
912 2721 1014 2753 ante
1035 2713 1251 2754 Christum

371 2783 515 2814 natum
537 2786 659 2816 nch.
690 2783 734 2816 et
764 2777 915 2817 diebus
941 2789 1110 2818 cxxcv.
1164 2777 1251 2817 Sed

374 2838 541 2878 variant
566 2840 841 2880 vehementer
861 2841 1132 2892 chronologi.
1158 2840 1252 2880 Sta-

372 2900 470 2940 dius.

432 2965 623 3004 Conditor
656 2965 788 3016 Urbis,
817 2967 905 3019 85⁶]
943 2967 1089 3006 Romae
1122 2967 1254 3019 igitur

374 3030 492 3071 urbis
525 3031 691 3070 initium
719 3030 819 3081 fuit,
843 3044 927 3083 quo
947 3038 1143 3083 tempore
1163 3032 1254 3071 Sal-

374 3104 591 3133 manasset
607 3094 700 3133 Rex
718 3093 905 3146 Assyriis
924 3094 1176 3145 imperabat,
1194 3094 1254 3133 ni·

375 3156 545 3206 mirum,
578 3155 854 3207 anno'primo
882 3157 1076 3208 septimae
1107 3156 1255 3208 Olym-

376 3219 532 3271 piadis,
586 3224 765 3259 auctore
811 3219 1062 3270 Plutarcho,
1095 3220 1258 3260 conditi

378 3289 518 3323 autem
535 3283 648 3323 orbis
663 3294 772 3322 anno
789 3288 855 3323 ter
869 3283 1089 3323 millesimo
1101 3283 1257 3323 ducen-

379 3349 533 3389 tesimo
561 3348 829 3400 duodecimo,
877 3360 974 3389 cum
1009 3348 1101 3388 fere
1139 3349 1258 3388 annis

378 3412 699 3465 quadringentis
732 3418 832 3454 ante
861 3413 904 3453 in
933 3413 1058 3454 Latio
1079 3425 1259 3465 regnare

382 3477 582 3527 coepisset
603 3478 768 3518 AEneaS.
811 3477 877 3518 De
897 3477 1018 3517 initio
1038 3477 1154 3516 urbis
1175 3477 1259 3517 Ro-

382 3551 460 3579 mae
478 3547 522 3580 et
536 3539 885 3581 dissentientibus
901 3541 1159 3593 scriptorum
1171 3552 1261 3581 sen-

923 300 1096 340 NOTAE
1138 301 1468 342 VARIORUM
1511 304 1576 343 IN

1289 421 1439 461 tentiis
1461 421 1654 462 videatur
1670 422 1928 476 Plutarchus
1947 424 1989 464 iu
2005 425 2161 466 Romu·

1288 485 1346 536 lo,
1362 485 1530 525 Solinus
1549 498 1646 537 cap.
1664 498 1695 526 1.
1724 488 1895 527 Camers
1910 489 1952 528 in
1970 488 2163 529 Annota-

1290 547 1391 587 tion.
1419 549 1459 586 in
1479 548 1610 588 Solin.
1632 550 1826 601 Onuphr.
1846 551 2067 592 Fastorum
2084 553 2160 593 lib.

1290 622 1322 651 1.
1349 610 1566 652 Steidanus.

1344 677 1409 727 §1
1450 676 1646 727 Etruscis,
1674 677 1759 728 gun]
1801 678 1994 730 Contigit
2024 677 2079 719 A.
2107 680 2163 720 U.

1289 749 1447 779 ccxzv.

1344 802 1473 841 Ponte
1495 801 1673 853 sublicio]
1700 802 1816 843 Pons
1850 804 1996 844 Rornae
2024 805 2067 844 in
2094 806 2166 845 'ri-

1292 864 1386 904 beri
1405 864 1502 916 fuit,
1518 864 1572 905 ad
1590 878 1683 905 eam
1705 872 1868 918 partem
1886 879 1972 920 qua
1988 868 2163 910 Janicu·

1290 929 1376 968 lum
1396 929 1449 969 ab
1476 929 1594 969 Urbe
1624 929 1850 983 dirimitur,
1877 942 1930 970 ea
1955 938 2046 972 arte
2066 944 2166 971 eon·

1293 998 1498 1045 structus,
1518 999 1567 1034 ut
1586 994 1728 1034 trabes
1762 995 1853 1035 sine
1885 994 2062 1036 fulturis
2078 997 2166 1037 exi-

1293 1057 1350 1096 mi
1390 1062 1578 1108 possent.
1633 1058 1787 1098 Dictus
1831 1064 1900 1098 est
1947 1058 2169 1110 sublicius,

1296 1120 1405 1172 quod
1435 1119 1602 1171 ligneus
1633 1125 1746 1160 esset
1773 1129 1820 1162 et
1850 1121 2026 1162 sublicis
2044 1121 2167 1162 fulci-

1296 1190 1428 1223 retur.
1460 1183 1531 1223 Ita
1551 1183 1661 1224 enim
1681 1190 1836 1225 vocant
1855 1186 1977 1236 palos
1994 1185 2046 1225 ad
2067 1196 2170 1237 pon·

1299 1246 1354 1285 tis
1384 1248 1736 1287 sustentationem
1772 1248 1814 1288 in
1849 1260 1959 1301 aqua
1991 1246 2169 1288 defixos.

1298 1310 1454 1349 Festus
1473 1311 1533 1350 ait
1553 1310 1817 1362 quorundam
1831 1311 2034 1363 opinione
2045 1323 2172 1352 voca-

1301 1373 1442 1414 bulum
1462 1374 1714 1420 Volscorum
1733 1386 1844 1424 esse,
1865 1375 2020 1427 scalig.
2046 1380 2174 1427 putat

1301 1448 1327 1475 a
1345 1437 1531 1489 simplici
1555 1437 1680 1489 liquis
1711 1437 1882 1489 deduci,
1908 1439 2020 1478 unde
2039 1444 2086 1478 et
2104 1438 2175 1478 ob·

1299 1500 1439 1552 liquis.
1482 1501 1618 1540 Vetus
1639 1507 1790 1542 auctor
1803 1502 1979 1554 loquens
1995 1502 2048 1542 de
2067 1501 2174 1554 figu-

1302 1563 1359 1602 ris
1391 1569 1437 1603 et
1464 1563 1758 1603 lineamentis:
1790 1565 1802 1586 ‘
1819 1564 2001 1605 Omnem
2029 1571 2175 1605 antem

1300 1626 1585 1667 summitatem
1622 1627 1828 1667 metiundi
1857 1627 2178 1668 observatione·

1301 1697 1401 1730 sunt
1420 1689 1539 1729 duae:
1571 1691 1754 1730 enormis
1782 1695 1827 1730 et
1845 1690 1983 1743 liquis.
2041 1691 2176 1732 Enor-

1304 1755 1382 1793 mis
1403 1766 1496 1806 quae
1529 1754 1572 1793 in
1605 1766 1768 1793 omnem
1789 1759 1933 1794 actum
1953 1754 2086 1795 rectis
2105 1766 2183 1794 an·

1304 1816 1413 1867 gulis
1423 1817 1678 1856 continetur.
1718 1817 1865 1869 Liquis
1881 1829 1975 1869 quae
1991 1817 2179 1856 minuen-

1306 1880 1351 1919 di
1378 1880 1535 1920 laboris
1562 1892 1704 1931 causa,
1734 1886 1779 1920 et
1814 1882 1934 1920 salva
1963 1887 2178 1922 rectorum

1305 1945 1470 1984 ratione
1499 1945 1746 1996 angulorum
1774 1943 2009 1984 secundum
2043 1944 2179 1996 ipsam

1307 2009 1624 2049 extremitatem
1644 2007 1946 2049 subtenditur.'

1362 2073 1557 2113 Horatius
1581 2072 1730 2124 Cocles]
1773 2073 1874 2112 Fuit
1894 2078 2036 2112 autem
2055 2071 2181 2123 hujus

1307 2137 1386 2177 viri
1407 2150 1546 2190 pugna
1565 2143 1609 2178 et
1629 2139 1761 2178 virtus
1775 2137 1994 2186 mirabilis,
2011 2148 2062 2176 ac
2085 2147 2181 2187 pro·

1308 2201 1534 2253 pemodum
1546 2200 1830 2249 incredibilis3
1855 2199 2054 2240 defensus
2070 2198 2183 2238 enim

1311 2277 1415 2318 pons
1446 2265 1648 2305 sublicius
1669 2276 1746 2316 per
1773 2265 1913 2315 ipsum
1929 2268 2080 2303 contra
2098 2273 2185 2301 om-

1308 2343 1404 2371 nem
1437 2330 1674 2370 exercitum
1694 2329 2022 2378 Hetruscorum,
2047 2326 2185 2366 donec

1312 2409 1336 2436 a
1366 2401 1490 2445 tergo
1518 2392 1679 2433 fractus
1711 2404 1833 2444 pons,
1869 2391 2187 2443 praeclususqne

1310 2457 1502 2498 hostibus
1531 2455 1689 2506 aditus,
1722 2454 1968 2505 indignante
1998 2463 2187 2504 rege,ac

1313 2526 1516 2572 stupente
1535 2519 1744 2569 exercitu,
1760 2517 1875 2570 quod
1895 2517 1960 2556 vir
1975 2526 2081 2555 nnus
2099 2526 2188 2554 mo·

1313 2584 1505 2630 noeulus,
1527 2589 1575 2622 ut
1594 2582 1667 2633 qui
1677 2581 1767 2632 jam
1789 2580 1871 2619 alio
1904 2579 2054 2630 proelio
2081 2578 2187 2616 alte·

1313 2660 1403 2687 rum
1431 2647 1652 2696 amisisset,
1682 2651 1831 2685 contra
1850 2649 1915 2683 tot
1935 2647 2099 2681 armata
2117 2641 2189 2680 bo-

1317 2711 1476 2749 minum
1495 2710 1614 2749 milia
1632 2721 1677 2748 se
1707 2719 1924 2760 opponere
1943 2718 2067 2745 ausus
2084 2703 2188 2744 fuis-

1314 2781 1396 2815 set.
1454 2774 1612 2813 Fracto
1642 2779 1791 2824 ponte,
1819 2771 1928 2822 ipse,
1946 2775 1996 2810 ut
2013 2773 2107 2809 erat
2127 2780 2191 2807 ar·

1315 2846 1470 2888 matus,
1485 2851 1538 2878 ex
1560 2840 1646 2878 alto
1666 2839 1707 2877 in
1727 2836 1914 2876 Tiberim
1927 2847 1974 2875 se
1994 2833 2194 2886 projecit,

1315 2907 1361 2942 et
1378 2902 1430 2941 ad
1460 2913 1556 2941 suos
1576 2912 1726 2952 sospes
1755 2897 1963 2950 enatavit,
1978 2897 2059 2937 nisi
2077 2896 2192 2950 qnod

1317 2966 1360 3005 in
1381 2978 1481 3005 casu
1502 2966 1610 3017 ipse,
1625 2971 1672 3004 ut
1691 2963 1861 3016 quidam
1879 2961 2110 3012 tradidere,
2128 2972 2194 3000 sa·

1317 3030 1424 3080 gitta
1442 3028 1580 3068 {entur
1599 3027 1807 3079 trajectus
1825 3025 2003 3066 claudus
2025 3023 2190 3064 evasitt

1319 3093 1434 3146 quod
1452 3105 1548 3133 cum
1567 3093 1627 3133 illi
1647 3098 1745 3144 post
1769 3089 1974 3142 temporis
1989 3087 2193 3140 spatium,

1319 3163 1367 3197 ut
1402 3156 1667 3209 perhibetur,
1702 3156 1747 3195 in
1781 3153 1990 3206 petitione
2022 3150 2192 3192 honoris

1320 3221 1536 3274 objectum
1564 3225 1680 3260 esset
1705 3224 1756 3259 ut
1785 3217 1947 3268 vitium,
1964 3213 2193 3267 magnifica

1321 3297 1514 3337 prorsus,
1554 3291 1598 3324 et
1635 3282 1751 3323 facto
1780 3280 1872 3332 pari
1906 3277 2193 3331 responsione,

1322 3349 1410 3388 Per
1443 3348 1644 3399 singulos,
1677 3345 1832 3398 inquit,
1864 3342 2020 3395 gradus
2052 3340 2196 3383 admo-

1322 3423 1425 3451 neor
1453 3410 1655 3462 triumphi
1674 3408 1770 3448 mei.
1827 3406 1941 3447 Huic
1961 3411 2095 3446 tante
2112 3405 2194 3444 vir·

1323 3475 1406 3517 tuti
1434 3486 1515 3515 non
1549 3474 1718 3523 ingrata
1736 3469 1889 3511 civitas
1914 3468 2024 3518 fuit;
2056 3472 2194 3508 statua

1322 3538 1384 3579 illi
1414 3538 1458 3579 in
1486 3536 1661 3579 comitio
1696 3534 1846 3587 posita,
1881 3538 1925 3575 et
1953 3533 2006 3574 de
2025 3531 2195 3585 publico
