2288 3990
359 277 500 334 1092

412 408 592 461 Tyranno
623 413 662 449 et
696 409 921 460 Phalaridi]
971 410 1024 450 In
1061 411 1229 450 nomine

358 471 453 523 ipso
477 472 702 522 emphasim
743 471 861 523 facit,
901 472 1000 523 quia
1038 473 1229 512 Phalaris

358 533 459 575 olim
506 534 820 573 crudelissimus
857 533 988 574 fuisse
1031 535 1229 575 traditur.

357 595 674 635 Delectabatur
718 608 888 647 semper
925 597 1230 637 crudelioribus

359 659 601 699 tormentis.
654 659 779 698 Unde
811 659 1050 710 ingeniosus
1079 660 1151 699 ille
1171 659 1229 698 A·

359 718 591 760 thebiensis
611 719 746 771 faber,
758 722 926 762 nomine
942 722 1141 773 Fen-illus,
1155 735 1232 774 pu-

357 786 455 822 tans
475 794 521 821 se
554 783 645 832 regi
667 784 848 824 maxime
880 784 1232 836 gratificaturum,

357 843 469 895 quod
502 844 810 886 crudelissimus
844 853 974 898 esset,
1011 859 1161 887 novum
1187 853 1233 887 et

359 904 580 945 infandum
597 908 798 947 tormenti
813 920 944 959 genus
957 909 1233 960 excogitavit,

358 974 405 1007 et
424 969 483 1007 illi
503 969 666 1019 pariter
684 970 893 1020 ostendit,
912 977 958 1011 ut
975 976 1096 1011 tauro
1114 983 1233 1012 aeneo

356 1030 699 1083 includerentur,
718 1039 761 1072 et
782 1033 974 1085 subjecto
998 1035 1096 1086 igne
1114 1033 1232 1074 fistu-

357 1091 410 1131 lis
448 1092 699 1144 quibusdam
732 1095 927 1145 spiritum
971 1096 1234 1145 emittentes,

356 1155 590 1205 mugientis
611 1155 732 1196 bovis
761 1169 908 1197 vocem
936 1158 1233 1197 imitarentur:

357 1217 476 1269 quod
511 1222 652 1257 tamen
696 1220 788 1270 ipse
825 1220 1027 1260 inventor
1072 1219 1233 1270 primus

356 1286 562 1333 expertus
583 1287 663 1333 est,
694 1287 806 1322 teste
829 1283 1002 1323 Ovidio.
1033 1283 1180 1322 Oliver.

410 1346 643 1385 Proximum
657 1346 856 1397 quemque]
880 1346 978 1386 Hoc
998 1346 1096 1386 ideo
1109 1345 1234 1396 fecit,

358 1412 407 1448 ut
427 1409 517 1459 regi
538 1409 882 1460 desperationem
903 1413 1143 1448 excuteret.

410 1472 607 1524 Equuleo]
637 1474 870 1524 Equuleus,
891 1485 1015 1525 quem
1040 1473 1237 1513 Sozome-

355 1547 432 1575 nus
448 1536 613 1576 Histor.
630 1536 880 1576 Ecclesiast.
894 1537 969 1576 lib.
985 1548 1028 1577 v.
1048 1537 1060 1558 ‘
1073 1536 1233 1587 lignum

356 1598 604 1639 tortorium'
637 1605 779 1649 vocat,
799 1599 1062 1639 Prudentius
1082 1599 1094 1619 ‘
1112 1599 1234 1650 stipi-

357 1666 443 1702 tem
460 1661 700 1712 noxialem,'
725 1661 928 1701 tormenti
949 1672 1098 1712 genus,
1117 1671 1235 1699 nem-

356 1735 412 1775 pe
432 1724 577 1775 lignea
597 1727 763 1764 catasta
787 1729 832 1764 et
851 1724 1075 1763 cochleata
1094 1723 1146 1762 ad
1173 1722 1235 1761 in-

356 1785 620 1827 tendendum
668 1797 718 1825 ac
764 1786 1067 1825 remittendum
1113 1789 1232 1836 apta,

355 1848 489 1901 idque
509 1847 563 1888 ad
584 1848 906 1899 exprimendum
929 1860 952 1888 e
970 1848 1108 1888 noxiis
1125 1848 1234 1887 veri·

356 1916 512 1961 tatem,
531 1922 684 1950 nomen
716 1910 874 1951 habere
895 1911 1144 1963 quibusdam
1173 1911 1233 1950 vi-

357 1971 486 2013 detur
507 1972 560 2012 ab
579 1973 680 2024 equi
700 1971 852 2024 forma,
880 1974 1052 2014 etiamsi
1077 1974 1147 2013 alii
1166 1986 1233 2013 ar-

356 2034 531 2076 dentem
550 2035 750 2075 laminam
763 2036 924 2076 malunt
939 2036 1232 2088 interpretari.

354 2098 442 2138 Sed
479 2110 548 2137 res
581 2098 645 2137 ita
678 2110 722 2137 se
765 2098 914 2149 habet,
944 2103 1147 2150 quantum
1179 2111 1234 2139 ex

354 2161 476 2201 bonis
490 2160 739 2200 *auctoribus
760 2161 961 2211 colligere
974 2162 1090 2202 licet.
1126 2163 1232 2202 Bra·

355 2223 454 2263 chia
474 2223 693 2276 pedesque
727 2223 838 2274 ejus,
870 2223 941 2276 qui
974 2225 1017 2263 in
1051 2225 1233 2276 equuleo

354 2286 618 2338 torquendus
658 2291 768 2336 erat,
786 2286 929 2325 nervis
963 2287 1232 2338 quibusdam,

356 2359 463 2399 quos
482 2346 677 2387 fidiculas
693 2347 982 2399 nominabant,
1001 2348 1233 2399 alligaban-

354 2416 454 2450 tur:
499 2415 589 2449 tum
624 2415 794 2450 catasta
825 2410 993 2450 intenta
1024 2411 1069 2450 in
1101 2412 1233 2451 altum

356 2472 617 2523 erigebatur,
639 2477 687 2511 ut
711 2485 765 2511 ex
786 2485 850 2523 ea,
883 2473 1004 2525 quasi
1032 2486 1085 2514 ex
1105 2486 1233 2514 cruce

357 2532 562 2584 quadam,
577 2534 706 2572 miser
728 2534 800 2573 ille
826 2535 1053 2586 penderet.
1088 2535 1234 2588 Atque

354 2595 426 2635 hic
443 2595 623 2646 primum
644 2595 930 2636 divellebatur
949 2598 1104 2637 ossium
1120 2610 1234 2638 com·

356 2669 514 2709 pages:
575 2657 674 2697 inde
717 2659 1001 2700 candentibus
1040 2661 1233 2712 ejusdem

357 2722 530 2774 corpori
548 2722 716 2762 laminis
737 2723 938 2774 admotis,
955 2731 1086 2776 atque
1103 2725 1232 2764 bisul-

358 2785 420 2823 cis
442 2785 610 2835 ungulis
628 2783 778 2825 ferreis
809 2787 1017 2827 lateribus
1045 2787 1233 2838 laniatis,

356 2846 516 2886 doloris
537 2847 815 2887 acerbitatem
850 2849 1079 2900 augebant.
1130 2850 1233 2890 Ute-

356 2907 515 2947 bantur
536 2920 638 2958 ergo
658 2909 700 2947 in
719 2909 796 2948 hoc
823 2914 1038 2950 tormento
1067 2916 1114 2951 et
1143 2910 1233 2950 fidi-

356 2971 465 3010 culis
503 2977 548 3011 et
589 2971 767 3010 laminis.
840 2972 1055 3012 Fidiculas
1103 2974 1232 3013 etiam

356 3034 536 3085 ungulas
557 3033 693 3073 dictas
715 3038 902 3073 testatur
915 3034 1107 3074 Isidorus
1127 3037 1233 3086 Ety-

357 3095 458 3135 mol.
479 3094 552 3136 lib.
571 3106 613 3134 v·
634 3107 729 3146 cap.
743 3098 814 3134 27.
867 3097 1067 3136 Meminit
1083 3098 1232 3138 harum

357 3157 591 3209 Cyprianus
616 3157 756 3208 Epist.
783 3157 858 3196 lib.
876 3169 929 3199 11.
957 3171 1040 3198 una
1061 3160 1233 3211 equulei

356 3219 618 3259 mentionem
637 3218 801 3258 faciens
815 3219 878 3258 his
897 3219 1062 3261 verbis:
1094 3222 1105 3242 ‘
1122 3221 1233 3260 Has-

355 3285 403 3320 ta
435 3281 524 3321 illic
557 3289 603 3320 et
632 3280 814 3331 gladius,
847 3280 1040 3321 carnifex
1073 3289 1233 3333 praesto

354 3348 437 3394 est,
455 3344 609 3395 ungula
624 3340 847 3394 effodiens,
862 3344 1068 3395 equuleus
1086 3348 1233 3384 exten-

357 3403 485 3454 dens,
511 3405 624 3457 ignis
654 3403 867 3445 exurens!
921 3405 1120 3445 Meminit
1139 3406 1232 3457 eJus

357 3466 450 3506 Cic.
484 3469 527 3507 in
555 3468 658 3508 Ver.
694 3479 771 3520 pro
804 3467 1037 3519 Deiotaro,
1070 3465 1232 3520 Philip.

931 294 1107 334 No'rAE
1147 294 1479 336 VARtoRUM
1520 296 1586 337 nt

1294 423 1395 452 v111.
1441 413 1726 455 Quintilianus
1746 413 1938 453 Declam.
1958 412 2037 454 ult.
2054 411 2159 454 Sue-

1290 475 1430 514 tonius
1451 477 1491 514 in
1519 477 1705 518 Tiberio.
1759 477 1956 517 Valerius
1988 476 2070 516 hoc
2090 487 2162 516 ca·

1290 537 1397 588 pite,
1434 540 1601 578 Seneca
1632 550 1749 578 xxn.
1813 538 1951 590 Epist.
1988 538 2062 578 lib.
2090 548 2163 578 111.

1291 600 1345 639 de
1365 601 1448 642 Ira.
1494 603 1658 641 Rursus
1680 602 1833 642 Cicero
1870 612 1949 652 pro
1980 601 2162 650 Milone,

1290 663 1517 703 Tusculan.
1536 676 1576 703 v.
1596 664 1648 702 de
1666 663 1820 703 finibus
1835 674 1902 704 IV.
1916 668 1961 703 et
1974 664 2046 702 alii
2063 674 2163 705 auc-

1291 729 1407 764 tores
1430 726 1611 764 diversis
1639 727 1760 765 locis.
1789 726 2006 774 Fungems.

1348 789 1369 839 ς
1389 791 1413 827 3
1443 787 1629 837 Ejusdem
1647 788 1827 835 nominis,
1840 787 1930 838 ‹isc-J
1947 787 2164 837 Diogenes

1294 848 1491 888 Laertius
1512 848 1566 887 de
1586 849 1693 887 Vita
1711 848 2060 899 Philosophorum
2081 847 2165 886 dis-

1294 910 1426 950 sentit
1445 923 1471 949 a
1489 911 1662 950 Valerio
1678 924 1689 950 z
1729 922 1813 950 non
1842 911 1954 949 enim
1973 909 2079 950 duos
2099 909 2164 949 fu-

1293 972 1378 1011 isse
1396 973 1592 1012 Zenones
1610 973 1680 1024 qui
1701 972 1878 1011 cruciati
1895 970 2077 1023 fuerint,
2090 971 2165 1010 sed

1294 1046 1423 1072 unum
1451 1034 1676 1085 seniorem,
1710 1046 1789 1074 nec
1820 1034 1925 1072 duos
1951 1038 2168 1083 tyrannos,

1294 1096 1370 1135 sed
1390 1108 1518 1135 unum
1535 1095 1795 1146 Nearchum,
1814 1097 1931 1147 cujus
1955 1099 2182 1140 tormenta⁴

1295 1159 1527 1209 superavit.
1573 1160 1665 1211 Ego
1685 1165 1826 1197 autem
1845 1157 1957 1197 hune
1977 1169 2166 1198 errorem

1293 1221 1394 1261 inde
1430 1234 1622 1261 manasse
1657 1221 1930 1272 crediderim,
1974 1220 2086 1273 quod
2122 1226 2167 1259 et

1294 1282 1551 1323 Heraclides
1590 1283 1713 1334 dicit,
1749 1284 1861 1335 quod
1898 1283 1970 1323 alii
2007 1281 2166 1323 mordi-

1295 1356 1370 1384 cus
1400 1345 1633 1385 abscidisse
1669 1358 1827 1396 aurem,
1871 1351 1920 1385 ut
1953 1345 2166 1394 Valerius,

1294 1407 1364 1446 alii
1393 1419 1555 1458 nasum,
1583 1414 1633 1448 ut
1673 1409 1939 1458 Demetrius,
1966 1409 2036 1448 atii
2062 1420 2166 1449 neu·

1294 1474 1406 1509 trum
1437 1468 1598 1510 factum
1620 1483 1712 1510 esse
1733 1472 1894 1522 dicunt,
1919 1471 2035 1510 inter
2062 1482 2168 1522 quos

1295 1531 1605 1582 Antisthenes3
1662 1533 1738 1573 sed
1775 1534 1963 1585 linguam
2010 1533 2168 1573 abscis-

1295 1607 1384 1634 sam
1422 1600 1467 1634 et
1493 1595 1692 1636 dentibus
1723 1596 1966 1643 contritam,
1997 1595 2040 1635 in
2071 1595 2168 1647 ejus

1293 1656 1450 1697 faciem
1481 1658 1719 1710 exspuisse.
1792 1658 1878 1697 Alii
1913 1669 2041 1697 unum
2073 1657 2168 1697 haec

1295 1721 1435 1760 omnia
1455 1719 1625 1771 fecisse,
1656 1727 1701 1761 et
1733 1732 1878 1760 aurem
1911 1721 2000 1759 sive
2019 1731 2167 1760 nasum

1295 1783 1509 1822 mordicus
1530 1783 1780 1833 abscidisse,
1807 1789 1854 1823 et
1882 1794 1979 1822 cnm
1997 1781 2169 1821 omnino

1295 1845 1486 1885 conscios
1505 1845 1814 1897 conjurationis
1829 1844 2024 1897 proferre
2043 1854 2170 1896 coge-

1295 1913 1432 1959 retur,
1461 1909 1649 1960 linguam
1682 1908 1882 1948 dentibus
1912 1907 2168 1948 conscissam

1293 1970 1339 2010 in
1358 1983 1405 2011 os
1425 1971 1597 2021 tyranni
1619 1971 1892 2022 conspuisse:
1922 1982 2005 2023 quo
2030 1969 2168 2021 facto,

1296 2034 1411 2074 cives
1455 2039 1681 2085 tyrannum
1726 2033 2038 2085 lapidaverunt.
2110 2033 2170 2072 Et

1294 2096 1394 2136 inde
1412 2103 1567 2147 ortum,
1594 2100 1642 2135 ut
1676 2095 1770 2135 haec
1791 2095 1875 2135 duo
1901 2093 2035 2135 fuisse
2055 2095 2171 2136 vide-

1296 2166 1459 2211 rentur,
1476 2165 1606 2211 atque
1626 2159 1807 2198 alterum
1835 2169 1913 2209 pro
1933 2158 2070 2198 altero
2091 2169 2169 2208 po·

1293 2222 1438 2262 situm.
1494 2222 1609 2266 Nam
1628 2226 1800 2261 constat
1824 2221 2039 2261 Zenonem
2059 2220 2170 2260 Stoi·

1295 2297 1391 2326 cum
1410 2284 1464 2324 ad
1496 2283 1814 2336 nonagesimum
1841 2282 1983 2323 aetatis
2013 2293 2170 2324 annum

1296 2346 1559 2400 pervenisse,
1579 2357 1749 2397 semper
1759 2345 1973 2396 integrum
1988 2349 2036 2384 et
2054 2345 2171 2384 inco-

1295 2411 1452 2450 lumem
1480 2414 1525 2448 et
1553 2409 1644 2448 sine
1677 2407 1853 2458 morbo;
1880 2413 1940 2458 et,
1958 2411 2007 2446 ut
2034 2405 2171 2451 refert

1296 2472 1564 2523 Apollonius,
1599 2482 1694 2510 cum
1741 2470 1879 2510 abiret
1919 2481 1973 2510 ex
2008 2468 2169 2519 schola,

1294 2534 1442 2585 lapide
1490 2533 1642 2584 pedem
1694 2531 1940 2583 offendisse,
1986 2532 2184 2584 digitum.

1296 2595 1572 2648 perfregisse,
1603 2607 1652 2635 ac
1672 2607 1799 2635 manu
1823 2599 1984 2635 terram
2011 2593 2168 2638 ferieu-

1296 2664 1382 2699 tem
1403 2659 1591 2698 dixisse:
1632 2659 1698 2697 Ex
1728 2657 1871 2697 Niobe
1895 2657 2035 2708 venio,
2063 2655 2170 2708 quid

1295 2733 1363 2761 me
1381 2721 1537 2761 vocas?
1567 2725 1612 2760 et
1630 2719 1833 2760 continuo
1848 2730 1894 2758 se
1905 2718 2171 2769 strangulan-

1295 2789 1383 2824 tem
1428 2783 1656 2823 interiisse.
1727 2780 1815 2821 Alii
1851 2791 1956 2832 vero
2002 2779 2171 2831 dicunt,

1295 2846 1408 2899 quod
1430 2858 1524 2886 cum
1545 2839 1810 2897 gingivarum
1837 2842 1984 2883 dolore
2002 2841 2170 2882 labora-

1294 2915 1379 2960 ret,
1410 2908 1584 2949 consilio
1628 2907 1896 2947 Medicorum
1931 2917 1978 2945 se
2008 2917 2034 2945 a
2069 2903 2169 2944 cibo

1294 2972 1401 3011 duos
1416 2971 1506 3010 dies
1525 2970 1799 3010 continenter
1815 2967 2038 3008 abstinuit.
2070 2967 2170 3009 Quo

1294 3033 1414 3074 facto
1447 3035 1511 3074 ita
1535 3033 1769 3082 convaluit,
1802 3036 1853 3070 ut
1880 3028 2043 3070 Medici
2071 3039 2169 3068 eum

1295 3097 1441 3149 quovis
1461 3107 1616 3148 genere
1637 3094 1724 3135 cibi
1758 3093 1822 3133 uti
1845 3091 2169 3144 permitterent;

1296 3165 1341 3198 at
1375 3160 1458 3210 hic,
1489 3154 1610 3210 quod'
1634 3170 1680 3198 se
1705 3156 1808 3196 satis
1842 3155 1888 3194 in
1922 3155 2010 3194 vita
2037 3151 2168 3193 fuisse

1296 3219 1477 3269 diceret,
1499 3220 1541 3258 in
1552 3218 1731 3270 jejuniis
1751 3216 2000 3268 persistens,
2026 3213 2170 3255 inedia

1297 3287 1571 3333 consumptus
1591 3285 1671 3320 est.
1703 3279 1852 3319 Oliver.

1350 3342 1550 3392 Nearcho]
1574 3342 1775 3392 Tyranno
1791 3338 2129 3380 Lacedaemonio.

1350 3408 1416 3457 §4
1448 3404 1556 3445 Talis
1586 3402 1807 3455 patientioe,
1839 3402 1928 3452 Sym]
1976 3400 2182 3440 Ananiam>

1297 3466 1398 3508 chus
1425 3466 1643 3507 Diomenis
1673 3463 1887 3518 smyrnei,
1922 3470 1967 3504 ut
1995 3463 2167 3517 quidam
