2346 3996
552 281 808 324 vALsRn
851 279 1095 319 MAxnm
1143 279 1260 318 [ΑΒ.
1301 279 1435 320 v111.
1477 279 1607 318 οΑΡ.
1633 265 1684 317 7.

210 407 267 450 de
294 407 385 449 vita
412 403 688 458 Pythagorae,
722 405 881 453 praeter
907 410 960 439 ea
992 410 1089 450 quas

211 481 342 523 supra
373 479 428 510 ex
447 466 644 519 Diogene
662 463 839 526 Laertio,
855 461 1093 503 attulimus,
1121 485 1125 487 -

217 534 368 574 oti-aer.
734 572 735 575 ,

272 592 604 648 Ιηριιιπιοηιὺὶῑαηι
647 589 895 642 saeculorum]
953 589 1092 629 Recte

214 659 322 700 dixit
350 656 703 706 innumerabilium,
734 654 850 708 quia,
887 653 923 693 si
956 652 1097 704 sequi-

213 733 306 763 mur
333 720 621 771 Herodotum,
652 732 677 760 a
706 718 922 759 creatione
949 712 1098 756 saeculi

217 784 272 825 ad
308 796 430 826 suum
476 789 646 835 tempus
687 780 836 822 decem
871 776 1099 831 Myriadas

217 859 424 889 annorum
468 845 692 887 confectas
736 843 867 884 fuisse
909 844 1098 883 constat.

215 912 372 952 Cicero
408 921 576 964 quoque
613 908 670 950 de
704 907 905 949 Divinat.
947 904 1028 944 lib.
1065 914 1099 943 ι.

216 978 227 998 ‘
247 973 620 1025 Condemnemus‚’
662 972 820 1025 inquit,
863 970 876 993 ‘
899 969 977 1009 hos
1025 971 1101 1008 aut

219 1039 433 1090 stultitias,
451 1043 525 1079 aut
542 1036 762 1087 vanitatis,
784 1040 857 1075 aut
875 1031 1099 1085 impuden-

218 1105 307 1156 tiae,
351 1102 426 1157 qui
469 1101 784 1155 quadringenta
828 1095 1103 1149 septuaginta

220 1167 352 1217 millia
370 1176 590 1215 annorum,
604 1168 654 1203 ut
670 1162 751 1215 ipsi
771 1161 932 1210 dicunt,
956 1170 1102 1198 monu-

219 1232 374 1274 mentis
408 1228 713 1282 comprehensa
749 1225 1015 1274 contineant,
1058 1227 1104 1263 et

220 1295 392 1337 mentiri
421 1293 682 1346 judicemus,
729 1302 808 1330 uec
849 1287 1104 1327 saeculorum

220 1359 481 1412 reliquorum
512 1354 741 1408 judicium,
776 1351 878 1406 quid
917 1350 971 1391 de
1000 1349 1106 1402 ipsis

224 1421 416 1463 futurum
435 1419 506 1470 sit,
524 1415 866 1470 pertimescere!
897 1414 1049 1454 Oliver.

277 1487 335 1526 Et
351 1482 644 1532 uniuscnjusque
673 1480 734 1520 rei
762 1478 1041 1531 proprietatem
1067 1478 1108 1516 et

225 1546 429 1603 effectum]
463 1546 534 1586 Ita
568 1544 710 1595 vulgo.
767 1540 1016 1593 Legendum
1052 1552 1107 1580 ex

228 1611 350 1654 libris
367 1611 476 1651 Mss.
507 1612 547 1648 et
575 1605 868 1658 uniuscujusque
899 1605 993 1653 vim,
1015 1615 1110 1655 pro-

225 1677 452 1728 prietam,
466 1677 505 1713 et
523 1670 716 1724 fficium.
773 1669 872 1709 Non
892 1667 1006 1708 enim
1020 1666 1110 1706 uni-

226 1740 487 1793 uscnjusque
502 1737 582 1787 rei,
598 1734 676 1776 sed
695 1732 846 1774 sideris
875 1733 944 1773 vel
971 1731 1110 1772 stellae

230 1804 329 1856 vim,
371 1800 716 1855 proprietatem,
762 1803 808 1838 et
852 1795 1055 1837 effectum
1086 1807 1112 1835 a

228 1868 372 1922 Magis
389 1865 592 1908 didicisse
620 1863 915 1916 Pythagoram
946 1862 1111 1904 scribit.

228 1931 354 1983 Pigh.

283 1994 453 2048 Septem*
485 1993 698 2047 sapientes]
738 1993 931 2032 Fuerunt
967 1995 1112 2031 autem

229 2061 289 2112 hi,
303 2059 460 2102 Thales
481 2059 692 2109 Milesius,
720 2057 851 2098 Solon
881 2055 1115 2096 Athenien-

232 2124 307 2174 sis,
339 2123 492 2163 Chilon
523 2121 892 2172 Lacedaemonius,
913 2121 1114 2160 Pittacus

232 2185 526 2238 Mitylenaens,
563 2185 667 2223 Bias
700 2184 961 2235 Prienensis,
993 2184 1115 2223 Cleo·

234 2248 361 2288 buius
379 2247 559 2301 Lydius,
590 2247 828 2287 Periander
856 2246 1117 2297 Corinthius,

233 2318 282 2353 ut
319 2324 449 2364 supra
499 2311 734 2351 monstravi
783 2311 828 2350 in
873 2309 1020 2362 capite
1061 2309 1115 2349 de

234 2377 469 2418 Modestia.
499 2378 650 2418 Oliver.

290 2440 340 2481 In
360 2441 491 2481 ltaliae
517 2441 636 2481 etiam
658 2440 831 2493 partem]
860 2441 1020 2483 Justiu.
1043 2440 1117 2482 lib.

238 2517 322 2546 xx-
343 2517 440 2557 cap.
461 2509 502 2546 4.
533 2504 640 2545 dicit
658 2505 770 2545 hunc
789 2517 843 2545 ex
862 2504 1050 2556 AEgypto
1074 2505 1117 2544 in

237 2571 518 2623 Babyloniam
535 2569 773 2622 profectum
795 2569 849 2609 ad
873 2569 1117 2621 perdiscen-

237 2633 314 2673 dos
361 2633 563 2686 syderum
609 2639 764 2683 motus,
825 2631 1117 2684 originemque

235 2698 384 2738 mundi
415 2699 714 2751 spectandam,
745 2712 948 2741 summam
980 2701 1118 2741 scien-

236 2762 340 2801 tiam
385 2767 692 2812 consecutum;
732 2762 833 2803 inde
876 2776 1118 2816 regressum

239 2823 414 2864 Cretam
442 2831 488 2864 et
523 2825 834 2867 Lacedaemona
866 2827 920 2868 ad
941 2839 1117 2879 cognos-

237 2886 398 2927 cendas
417 2887 573 2928 Minois
586 2894 636 2929 et
658 2891 844 2943 Lycurgi
863 2890 1046 2944 inclytas
1067 2904 1120 2932 ea

238 2956 498 3002 tempestate
518 2952 635 3004 leges
655 2954 948 3005 contendisse3
966 2954 1118 3007 quibus

238 3012 434 3054 omnibus
474 3014 730 3057 instructum
775 3018 1006 3058 Crotouam
1048 3031 1119 3058 ve-

238 3076 370 3128 nisse,
397 3079 686 3132 populumque
719 3080 762 3120 in
788 3081 1001 3122 luxuriam
1028 3083 1120 3135 lap·

239 3151 346 3190 sum,
382 3141 644 3182 auctoritate
680 3155 757 3184 sua
793 3146 846 3185 ad
885 3157 1004 3186 usum
1033 3144 1123 3193 fru->

241 3203 429 3254 galitatis
451 3216 702 3247 revocasse:
733 3219 829 3247 nam
849 3207 1121 3261 Pythagoras

240 3265 448 3306 laudabat
475 3269 666 3320 quotidie
700 3260 924 3321 virtutem,
951 3277 997 3312 et
1018 3272 1124 3312 vitia

243 3328 435 3376 luxuriae,
448 3341 655 3385 casusque
667 3332 889 3374 civitatum
904 3334 984 3375 hac
999 3340 1122 3387 peste

246 3389 506 3440 perditarum
537 3395 834 3448 enumerabat,
872 3402 1122 3451 tantumque

247 3451 434 3493 studium
458 3455 511 3495 ad
527 3454 817 3509 frugalitatem
838 3460 1123 3501 multitudinis

248 3518 515 3572 provocavit,
536 3525 583 3561 ut
602 3522 764 3575 aliquos
794 3535 847 3565 ex
867 3523 918 3564 iis
940 3524 1123 3567 luxuria-

1893 263 2033 317 1293

1155 405 1221 439 tos
1260 400 1301 438 in
1346 399 1551 452 optimam
1598 397 1764 450 frugem
1805 408 2033 436 conversos

1155 461 1284 503 fuisse
1301 462 1553 503 incredibile
1586 461 1816 502 videretur.
1872 459 2037 498 Matro-

1156 536 1306 564 narum
1329 538 1496 578 quoque
1516 524 1749 578 separatim
1767 536 1793 564 a
1811 522 1910 562 viris
1939 521 2038 562 doc-

1158 589 1331 639 trinam,
1360 595 1405 628 et
1442 601 1673 640 puerorum
1710 599 1736 628 a
1773 585 2039 638 parentibus,

1157 650 1410 703 frequenter
1452 651 1616 693 habuit.
1683 650 1888 691 Docebat
1926 660 2041 689 nunc

1159 715 1234 755 has
1257 714 1526 766 pudicitiam,
1543 720 1589 755 et
1607 713 1816 767 obsequia
1839 712 1884 752 in
1913 711 2043 764 viros,

1160 792 1273 820 nunc
1313 780 1404 819 illos
1448 779 1700 820 modestiam
1736 785 1786 820 et
1823 779 2043 819 literarum

1162 843 1374 884 studium:
1397 843 1512 883 inter
1523 843 1632 896 haec,
1648 843 1766 885 velut
1781 842 2044 896 genetricem

1163 911 1392 963 virtutum,
1423 910 1720 963 frugalitatem
1754 910 1947 950 omnibus
1983 909 2045 947 in-

1165 975 1363 1029 gerebat,
1408 979 1748 1028 consecutusque
1794 974 2047 1014 assiduitate

1164 1039 1504 1091 disputationum
1533 1043 1643 1091 erat,
1673 1043 1721 1078 ut
1747 1042 1956 1078 matronae
1977 1049 2050 1076 au-

1165 1108 1281 1143 ratas
1303 1108 1446 1143 vestes
1464 1107 1711 1154 caeteraque
1724 1099 1944 1153 dignitatis
1961 1111 2050 1139 suae

1166 1170 1418 1206 ornamenta
1435 1166 1557 1207 velut
1576 1165 1862 1205 instrumenta
1873 1162 2053 1203 luxuriae

1168 1229 1453 1282 deponerent,
1488 1241 1624 1282 eaque
1657 1228 1800 1269 omnia
1832 1227 1978 1267 delata
2006 1226 2051 1265 in

1168 1293 1351 1336 Junonis
1392 1293 1530 1334 aedem
1569 1293 1654 1346 ipsi
1685 1294 1796 1333 Deae
1828 1302 2053 1332 consecra-

1171 1362 1284 1408 rent,
1303 1369 1393 1410 prae
1415 1369 1459 1398 se
1474 1356 1685 1407 ferentes,
1703 1368 1805 1396 vera
1831 1366 2054 1396 ornamen-

1171 1427 1216 1462 ta
1227 1427 1518 1461 matronarum
1533 1419 1802 1473 pudicitiam,
1815 1430 1898 1460 non
1913 1423 2056 1459 vestes

1172 1497 1282 1525 esse.
1338 1485 1390 1524 In
1405 1484 1638 1536 juventute
1658 1495 1827 1537 quoque
1846 1488 2055 1535 quantum

1173 1546 1446 1600 profligatum
1466 1548 1538 1599 sit,
1556 1547 1656 1587 victi
1672 1545 1939 1588 foeminarum
1954 1558 2055 1587 con-

1173 1618 1366 1652 tumaces
1386 1611 1514 1652 animi
1532 1609 1822 1652 manifestant.
1865 1609 1952 1651 Sed
1973 1616 2058 1650 tre-

1174 1675 1292 1715 centi
1311 1688 1363 1715 ex
1371 1675 1618 1728 juvenibus,
1634 1687 1731 1716 cum
1751 1675 1941 1717 sodalitii
1955 1675 2056 1727 jure

1175 1744 1446 1780 sacramento
1466 1741 1648 1793 quodam
1681 1740 1782 1780 nexi
1812 1744 2059 1792 separatam

1174 1814 1200 1843 a
1227 1799 1390 1843 civibus
1425 1803 1597 1845 caeteris
1632 1804 1762 1844 vitam
1791 1809 2061 1854 exercerent,

1176 1867 1382 1920 quasique
1402 1873 1561 1908 coetum
1578 1867 1855 1909 clandestinae
1868 1867 2062 1918 conjura-

1178 1930 1305 1971 tionis
1334 1930 1561 1984 haberent‚
1589 1932 1812 1973 civitatem
1830 1931 1875 1972 in
1893 1943 1940 1972 se
1958 1943 2060 1973 con-

1178 1999 1415 2046 verterunt,
1461 2007 1555 2048 quae
1594 2007 1681 2044 eos,
1718 2007 1815 2036 cum
1852 1995 1899 2036 in
1935 2007 2061 2035 unam

1178 2058 1349 2099 domum
1365 2059 1681 2105 convenissent,
1698 2070 1892 2100 cremare
1909 2059 2063 2108 voluit;

1178 2123 1223 2162 in
1260 2135 1344 2176 quo
1382 2123 1570 2164 tumultu
1613 2123 1890 2176 septuaginta
1924 2121 2062 2163 ferme

1178 2187 1372 2227 homines
1405 2187 1590 2238 periere,
1619 2187 1768 2228 caeteri
1804 2188 1847 2227 in
1884 2187 2061 2227 exilium

1179 2249 1377 2303 profecti.
1433 2251 1702 2304 Pythagoras
1737 2255 1896 2303 autem,
1933 2264 2062 2304 quum

1179 2325 1311 2353 annos
1346 2314 1497 2366 viginti
1529 2315 1728 2355 Crotonae
1761 2314 1938 2366 egisset,
1968 2316 2063 2356 Me-

1181 2384 1406 2428 tapontum
1427 2379 1641 2430 migravit,
1672 2379 1818 2432 ibique
1847 2379 2064 2429 decessit3

1181 2442 1301 2494 cujus
1347 2447 1471 2482 tanta
1508 2441 1736 2483 admiratio
1782 2442 1881 2490 fuit,
1922 2432 2063 2483 ut'ex

1182 2506 1309 2546 domo
1342 2507 1434 2559 ejus
1462 2507 1669 2558 templum
1698 2505 1907 2557 facerent,
1945 2518 2061 2547 eum-

1182 2583 1264 2623 que
1284 2583 1362 2623 pro
1382 2572 1474 2610 Deo
1494 2571 1702 2611 colerent.
1724 2569 1940 2610 Oliverius.

1237 2634 1373 2684 Major
1397 2633 1575 2685 Groecia]
1607 2635 1740 2674 Totus
1759 2634 1830 2674 ille
1851 2633 2062 2674 Calabriae

1183 2704 1348 2740 tractus
1369 2699 1530 2751 Magna
1550 2698 1724 2740 Graecia
1742 2697 1953 2751 quondam
1975 2697 2062 2738 dic·

1182 2769 1225 2804 ta
1244 2763 1342 2804 fuit.
1370 2763 1495 2804 Idem.

1234 2828 1449 2868 Ardentem
1493 2826 1648 2878 rogum]
1694 2826 1767 2866 De
1812 2828 1964 2877 morte,
2017 2830 2066 2866 ut

1182 2890 1382 2943 diximus,
1407 2890 1537 2932 variae
1557 2895 1657 2930 sunt
1675 2889 1921 2931 sententiae.
1979 2887 2066 2928 Alii

1182 2955 1295 2995 enim
1332 2954 1497 3007 dicunt,
1531 2965 1660 3007 quum
1680 2953 1725 2994 in
1743 2953 1870 2994 domo
1890 2952 2063 2993 Milonis

1182 3016 1354 3070 fuisset,
1374 3030 1466 3059 eam
1495 3031 1550 3058 ex
1580 3018 1643 3059 his
1679 3030 1827 3068 unum,
1858 3029 1962 3070 quos
1991 3016 2068 3056 ad-

1181 3082 1357 3123 mittere
1376 3083 1590 3133 noluerat,
1604 3093 1682 3134 per
1700 3080 1902 3122 invidiam
1920 3080 2063 3120 incen-

1183 3146 1324 3186 disse:
1354 3151 1454 3186 sunt
1473 3146 1544 3199 qui
1565 3145 1842 3185 Crotoniatas
1861 3143 1973 3195 ipsos
2001 3149 2066 3194 ty-

1183 3210 1374 3250 rannidis
1394 3210 1632 3262 suspicione
1652 3221 1703 3249 ac
1722 3213 1840 3248 metu
1859 3208 1938 3247 hoc
1967 3218 2063 3259 per-

1185 3278 1382 3325 petrasse
1411 3273 1571 3313 dicant.
1627 3272 1917 3323 Pythagoram
1931 3269 2064 3321 igitur

1184 3336 1375 3377 incendii
1410 3335 1677 3377 incommoda
1713 3334 1938 3384 vitantem,
1967 3345 2061 3373 cum

1185 3399 1485 3451 egrederetur,
1507 3397 1858 3448 comprehensum
1878 3407 1987 3446 esse,
2020 3401 2064 3436 et

1187 3476 1336 3515 agrum
1353 3462 1563 3516 quendam
1583 3460 1692 3500 fabis
1712 3461 1886 3511 plenum
1906 3459 2064 3498 intran-

1188 3531 1276 3567 tem
1298 3525 1359 3567 ibi
1379 3523 1642 3575 constitisse,
1672 3533 1721 3564 ac
1754 3521 1928 3575 dixisse,
1956 3520 2061 3574 Capi
