2332 3970
298 285 437 339 1024

353 415 595 468 consessum]
626 413 947 456 Multitudinem
966 415 1088 455 simul
1102 427 1168 456 se-

295 481 505 520 dentium.
1005 475 1009 479 ’

355 545 534 584 Veiorum
569 541 818 593 umbraculis]
847 541 944 582 Hoc
974 554 1080 595 opus
1110 544 1165 585 Q.

297 608 458 658 Catuli,
476 620 572 647 cum
588 606 846 659 Capitolium
867 604 1104 656 dedicaret,
1119 611 1167 646 ut

289 670 443 710 scribit
463 670 641 711 Plinius.
679 668 880 710 Servius:
911 669 1072 709 ‘Scena
1090 668 1167 709 ἀπὸ

288 736 361 781 τῆς
377 736 502 774 σκιᾶς·
522 733 634 786 apud
658 734 855 786 antiquos
882 733 992 773 enim
1013 734 1164 774 theatri

288 811 417 840 scena
436 799 638 851 parietem
658 809 745 838 non
762 798 953 839 habebat
971 813 983 849 3
1016 799 1088 838 sed
1110 799 1164 839 de

285 860 506 902 frondibus
519 861 765 902 umbracula
779 861 1056 915 quaerebant!
1090 863 1164 902 Co-

290 927 406 967 lerus.

343 989 490 1029 Cneius
531 989 761 1042 Pompeius]
816 990 932 1030 Noto
980 990 1035 1029 de
1083 990 1162 1030 hoc

285 1053 510 1106 Pompeio,
541 1054 641 1107 quia
678 1054 884 1106 scriptum
919 1054 1018 1094 alibi
1047 1053 1160 1093 haud

284 1115 412 1156 facile
433 1117 637 1169 reperias.
692 1117 807 1156 Hinc
825 1116 952 1156 etiam
975 1116 1088 1156 Circi
1106 1117 1161 1156 ir-

285 1179 460 1231 rigatio,
478 1179 636 1232 dequa
655 1179 899 1220 Frontinus.
928 1180 1054 1219 Idem.

337 1243 480 1294 Aquae,
512 1244 579 1293 &c-
598 1242 782 1292 decursu]
811 1242 980 1295 Aquam
1012 1242 1159 1283 rivulis

285 1303 464 1345 deduxit
482 1317 561 1357 per
580 1306 808 1345 theatrum.

340 1369 530 1408 Claudius
562 1368 736 1407 Pulcher
765 1379 914 1407 scenam
949 1367 1158 1420 varietate]

283 1435 334 1475 In
362 1435 659 1485 Atrebatensi,
680 1433 996 1484 Gemblacensi‚
1017 1439 1061 1473 et
1079 1434 1157 1474 Su-

282 1498 414 1543 siano,
447 1499 510 1538 Cl.
529 1497 724 1544 Pulcher,·
751 1497 794 1536 iu
810 1497 1034 1548 Campensi
1049 1496 1157 1539 Cod.

281 1561 466 1601 Pulcher.
506 1561 658 1601 Recte.
714 1560 903 1601 Patruus
935 1560 1046 1600 enim
1074 1560 1157 1601 fuit

280 1625 332 1663 Ρ.
356 1623 513 1674 Clodii,
539 1623 593 1663 de
621 1624 740 1677 cujus
769 1623 1035 1667 ornatissima
1054 1624 1155 1663 aedi.-

281 1687 405 1728 litate
423 1686 537 1739 vide,
556 1700 649 1740 quae
669 1699 746 1727 nos
766 1687 809 1726 in
828 1687 1155 1738 magistratuum

287 1751 532 1793 Annalibus.
577 1754 634 1792 Et
653 1765 755 1792 sane
775 1752 859 1792 duo
877 1752 1051 1794 fuerunt
1071 1753 1155 1793 fra·

279 1821 366 1855 tres
387 1815 551 1857 Claudii
572 1816 762 1866 Pulchri,
779 1816 974 1857 ludorum
996 1819 1156 1870 magni·

277 1879 448 1920 ficentia
468 1881 592 1920 ambo
623 1881 830 1931 celebres,
859 1892 1036 1933 quorum
1067 1895 1155 1923 me·

280 1945 405 1984 minit
437 1945 590 1986 Cicero
620 1943 748 1986 Offic.
771 1956 820 1986 11.
855 1952 900 1984 et
919 1944 975 1984 de
994 1943 1152 1998 Arusp.

278 2008 488 2059 Respons.
517 2009 704 2059 Pighius.

339 2072 483 2113 Vacuis
518 2073 627 2124 ante]
669 2072 862 2114 Praefero
900 2073 1155 2124 scripturam

275 2135 351 2176 lib.
369 2137 540 2176 Daniel.
569 2137 700 2177 vacuis
724 2141 814 2177 ante
826 2135 1025 2188 picturam
1042 2137 1153 2177 tabu-

277 2199 328 2238 lis
346 2200 529 2250 extentis,
549 2199 591 2239 id
611 2205 691 2249 est,
719 2201 863 2241 vacuis
893 2201 1063 2252 pictura
1089 2206 1152 2241 ta-

283 2261 391 2301 bulis
412 2262 609 2303 extentis.
639 2264 814 2304 Colerus.

327 2326 436 2366 Auro
456 2325 656 2377 Petreius]
684 2325 934 2367 Alexander
951 2327 1006 2367 ab
1025 2326 1153 2367 Alex-

275 2388 409 2428 andro
441 2389 516 2429 lib.
536 2401 617 2430 xv.
650 2402 747 2442 cap.
774 2394 838 2431 16.
865 2391 976 2430 hunc
1009 2391 1151 2430 locum

273 2453 438 2493 Valerii
456 2452 721 2505 describens,
747 2455 868 2507 legit,
896 2467 990 2494 auro
1010 2454 1152 2494 Trebo-

273 2518 375 2558 nius.
444 2519 580 2558 Vetus
634 2524 948 2558 commentator
988 2519 1152 2560 Valerii

273 2582 496 2622 annotavit
510 2582 552 2621 in
565 2587 672 2622 vett.
690 2583 1003 2635 exemplaribus
1018 2583 1152 2635 scrip-

278 2654 369 2686 tum
386 2646 532 2698 fuisse,
551 2646 605 2686 Ρ.
627 2647 844 2696 Cethegum
873 2652 919 2687 et
938 2648 982 2687 in
1000 2647 1153 2697 altero,

275 2710 330 2751 P.
352 2710 527 2751 Reteius.
583 2710 692 2751 Mihi
711 2711 855 2762 placet
874 2711 1046 2761 vulgata
1069 2710 1154 2750 lec-

275 2775 351 2815 tio.
388 2777 460 2816 De
473 2774 660 2816 Antonio
681 2775 835 2816 Cicero
854 2787 929 2828 pro
943 2776 1152 2815 Muraena.

276 2839 401 2880 Coler.

329 2905 575 2958 Proetexuit]
604 2904 657 2946 Id
683 2908 766 2955 est,
792 2905 1064 2945 incrustavit.

337 2968 572 3009 Versatilem
596 2968 802 3020 fecerunt]
847 2969 1021 3020 Duplex
1059 2971 1156 3008 erat

275 3044 420 3073 scena.
460 3032 704 3079 Versatilis,
725 3044 820 3072 cum
840 3037 931 3072 tota
950 3031 1155 3072 machinis

276 3095 528 3149 quibusdam
543 3095 684 3136 subito
699 3095 963 3146 vertebatur,
973 3100 1018 3134 et
1029 3095 1153 3135 aliam

276 3167 406 3214 atque
426 3161 550 3201 aliam
561 3162 742 3213 picturae
758 3160 945 3212 speciem
960 3160 1155 3200 ostende·

274 3225 367 3266 bat.
422 3225 627 3275 Ductilis,
662 3236 759 3264 cum
789 3224 870 3263 hac.
904 3227 1035 3275 atque
1055 3223 1154 3262 illac

274 3290 406 3330 ducta
426 3294 471 3329 et
482 3289 605 3341 jacta
623 3293 721 3328 rota
739 3287 873 3328 omnis
889 3286 1060 3339 pictura
1078 3298 1154 3325 nu-

274 3352 458 3394 dabatur
486 3352 680 3404 interior,
709 3357 755 3392 et
773 3351 884 3391 sicut
901 3350 1074 3390 Servius
1094 3350 1155 3390 ait

273 3420 316 3459 in
330 3421 451 3473 Virg.
474 3420 635 3473 Georg.
658 3431 729 3460 111.
745 3431 963 3472 exponens
983 3429 1154 3459 carmen

276 3483 395 3530 illud,
423 3485 435 3505 ‘
455 3484 537 3525 Vel
565 3496 694 3525 scena
725 3489 774 3524 ut
804 3483 940 3523 versis
959 3481 1156 3525 discedat

278 3544 504 3601 frontibus,
550 3553 683 3602 utque
728 3547 953 3600 Purpurea
1001 3545 1155 3588 intexti

867 298 1042 338 NOTAE
1086 297 1416 339 vARtoRUM
1459 300 1525 340 IN

1232 418 1388 458 tollant
1406 419 1544 458 aulaea
1560 417 1785 459 Britanni)

1292 482 1727 534 Versatilemfecerunt]
1745 481 2106 525 contaminatissi-

1229 558 1322 587 mus
1337 552 1405 586 est
1427 548 1542 587 locus
1557 547 1640 599 hic,
1656 554 1785 599 atque
1804 546 1919 587 foede
1934 549 2104 600 puerili-

1229 610 1307 650 bus
1342 612 1734 663 interpretamentis
1778 619 2101 663 conspurcatus,

1229 687 1354 727 quem
1375 686 1500 714 nemo
1530 679 1671 714 tamen
1693 673 1806 726 quod
1840 675 1972 715 sciam
2002 675 2105 716 hac-

1228 744 1352 777 tenus
1371 737 1627 778 emendavit.
1682 738 1775 778 Nos
1802 738 2104 791 manuscripto-

1228 813 1321 840 rum
1361 800 1565 840 librorum
1596 800 1755 841 auxilio
1781 813 1922 842 veram
1954 802 2103 843 lectio·

1226 876 1324 904 nem
1339 863 1551 916 reperisse
1567 864 1774 904 videmur.
1810 865 1860 905 In
1875 865 2103 917 Campensi

1226 932 1368 967 autem
1402 932 1448 967 et
1470 926 1770 968 Gemblacensi
1789 929 1973 980 legitur:
2007 928 2103 970 Ver-

1223 993 1376 1031 sutilem
1383 992 1565 1040 fecerunt
1591 992 1740 1032 Lucani
1767 991 1989 1042 argentatis
2013 992 2104 1032 cho-

1223 1057 1363 1108 ragiis,
1392 1058 1460 1107 25⁴0.
1490 1057 1658 1097 Caetera
1677 1057 1815 1096 omnia
1835 1070 1930 1109 quae
1949 1058 1992 1096 in
2010 1058 2101 1097 vul·

1224 1121 1337 1173 gatis
1355 1121 1564 1161 habentur
1581 1121 1622 1160 in
1643 1120 1911 1172 supposititia
1926 1120 2102 1160 eraden-

1223 1185 1293 1235 da,
1323 1190 1505 1237 atroque
1541 1184 1652 1236 stylo
1688 1182 1954 1224 conficienda
1986 1188 2102 1232 sunt,

1222 1260 1364 1301 neque
1386 1248 1498 1288 enim
1525 1248 1569 1287 iu
1590 1247 1686 1287 ullis
1706 1246 2008 1298 manuscriptis
2027 1258 2103 1288 ex-

1222 1316 1330 1351 tant.
1373 1312 1486 1351 Nam
1505 1311 1546 1350 in
1566 1310 1878 1360 Wincheliano,
1899 1310 2100 1350 Pulman-

1221 1374 1364 1425 niano,
1379 1378 1423 1413 et
1442 1373 1688 1413 Cauchiano
1707 1373 1768 1412 sic
1789 1372 1958 1423 legitur.
2002 1373 2098 1413 Ver-

1219 1438 1372 1478 satilem
1393 1437 1578 1486 fecerunt
1611 1438 1738 1477 lucum
1768 1436 2003 1487 argentatis,
2031 1438 2100 1488 ὅγε.

1219 1499 1282 1540 At
1301 1500 1343 1539 in
1356 1499 1631 1540 Atrebatensi
1647 1515 1660 1551 3
1684 1499 2102 1549 Versatilemfecerunt

1220 1563 1386 1614 Lucani,
1411 1563 1648 1615 argentatis,
1666 1566 1733 1615 ᾃσ.
1789 1564 1992 1604 Susianus
2026 1576 2099 1604 au·

1221 1633 1309 1668 tem
1337 1627 1446 1668 liber
1477 1628 1557 1668 hoc
1587 1639 1738 1667 nomen
1759 1627 1876 1667 velut
1899 1626 2099 1667 vitiosum

1222 1703 1272 1731 ac
1292 1691 1559 1743 incognitum
1581 1691 1789 1743 praeterit.
1844 1691 1910 1731 Ex
1929 1689 1994 1730 his
2013 1691 2098 1730 col-

1220 1756 1307 1808 ligo
1347 1755 1661 1796 restituendum
1699 1760 1829 1807 atque
1870 1753 2098 1806 legendum

1221 1832 1338 1860 esse:
1376 1819 1604 1859 Versatilem
1629 1818 1816 1866 fecerunt
1847 1818 2016 1869 Luculli,
2032 1829 2097 1857 ur-

1215 1883 1392 1933 gematis
1417 1882 1612 1932 choragiis
1641 1882 1894 1922 P.Lentulus
1910 1881 2099 1933 Spinther

1218 1947 1437 1990 ador-navit.
1501 1946 1683 1986 Constat
1715 1946 1825 1986 enim
1863 1946 1912 1985 L.
1950 1949 1995 1984 et
2031 1944 2098 1985 M.

1219 2012 1418 2051 Lucullos
1436 2009 1593 2050 fratres
1624 2010 1747 2050 simul
1780 2009 1926 2048 aediles
1952 2006 2098 2059 fuisse,

1217 2074 1422 2127 ludosque
1454 2073 1892 2126 magnificentissimos
1911 2070 2099 2120 dedisse,

1219 2144 1267 2177 ut
1293 2138 1336 2177 in
1368 2137 1587 2177 annalibus
1621 2137 1776 2176 nostris
1810 2135 2098 2176 demonstravi

1216 2204 1359 2244 latius.
1390 2202 1628 2242 Versatiles
1646 2213 1797 2242 scenas
1817 2201 1923 2241 duas
1943 2206 2098 2252 postea

1217 2265 1323 2307 fecit
1359 2267 1409 2306 C.
1439 2266 1569 2305 Curio
1594 2264 1723 2316 filius,
1750 2277 1856 2317 quas
1893 2262 2098 2315 graphice

1217 2329 1424 2370 describit
1445 2327 1611 2368 Plinius
1630 2327 1705 2368 lib.
1725 2337 1889 2368 xxxv1.
1915 2338 2012 2379 cap.
2031 2329 2096 2365 15.

1215 2393 1399 2442 Pighius.

1269 2455 1503 2507 Argentutis
1515 2455 1728 2508 choragiis]
1742 2453 1910 2494 Plinius
1920 2453 1980 2494 ait
1989 2454 2099 2494 Leu-

1217 2521 1353 2561 tulum
1373 2520 1598 2560 carbasina
1614 2519 1656 2558 in
1679 2518 1850 2559 theatro
1869 2517 1967 2557 vela
1990 2517 2098 2558 dux-

1216 2583 1298 2624 isse
1316 2583 1426 2623 ludis
1442 2581 1777 2634 Apollinaribus,
1809 2581 1936 2622 Coler-

1275 2646 1505 2698 Choragiis]
1552 2645 1763 2697 Choragia
1797 2644 1996 2686 dicuntur
2033 2643 2105 2684 in·

1219 2715 1454 2751 strumenta
1474 2722 1716 2750 scenarum.
1742 2706 1929 2760 Χορήγια,
1951 2706 1996 2747 id
2014 2713 2100 2759 est,

1217 2781 1450 2830 apparatus
1470 2788 1495 2816 a
1513 2774 1783 2816 multitudine
1807 2774 2046 2814 mimorum.

1271 2841 1461 2881 Lentulus
1493 2837 1701 2892 Spinther]
1735 2838 1821 2880 Qui
1854 2838 1982 2877 mimo
2017 2836 2099 2878 sihi

1218 2904 1421 2958 persimili
1439 2905 1483 2944 in
1501 2916 1578 2944 suo
1589 2903 1812 2944 consulatu
1826 2902 1864 2942 vi
1872 2901 1988 2942 venti
1997 2913 2096 2953 cog-

1218 2969 1458 3009 nominatus
1483 2974 1565 3008 est.
1623 2967 1726 3007 Fuit
1745 2972 1886 3008 autem
1902 2970 2097 3018 tempore

1220 3032 1458 3085 Ciceronis,
1501 3038 1550 3073 ut
1596 3031 1743 3072 videre
1790 3042 2011 3084 possumus
2051 3029 2095 3069 in

1219 3097 1424 3149 Epistolis
1444 3095 1498 3137 ad
1518 3095 1729 3136 Atticum.

1276 3162 1524 3202 Translatum
1551 3164 1667 3201 antea
1700 3158 1894 3200 Poeuiceis
1915 3158 2097 3198 indutum

1219 3226 1381 3277 tunicis]
1409 3227 1460 3265 In
1480 3224 1806 3277 ManuscriptiS,
1833 3222 2011 3264 Punicis.
2042 3221 2097 3262 In

1223 3290 1516 3339 Atrebatensi,
1533 3288 1727 3329 Peniceis.
1755 3287 1962 3341 Antique,
1974 3285 2099 3327 velut

1220 3356 1263 3395 iu
1299 3353 1625 3405 triumphalibus
1667 3351 1896 3392 Romanis:
1941 3351 2099 3391 NAVA·

1220 3427 1328 3456 LEM.
1359 3426 1480 3455 narr.
1514 3426 1590 3455 nn.
1623 3415 1811 3455 Srcvms.
1837 3425 1906 3454 ΕΤ.
1927 3422 2097 3454 cussa.

1220 3480 1447 3520 Ponch.
1485 3479 1543 3519 Et
1563 3479 1786 3519 Lucretius
1799 3487 1851 3517 1¹.
1871 3476 2098 3528 “Purpura

1219 3544 1531 3597 Poenieeusque
1552 3541 1694 3584 color.’
1733 3541 2002 3583 Translatam
2021 3550 2097 3591 ap·
