2346 3996
564 291 823 332 VALERn
868 290 1110 330 MAXIMI
1156 291 1394 331 1.113.1x.
1434 293 1566 332 cAP.
1591 281 1643 332 3.

195 415 271 455 bat
285 412 421 466 plebs,
439 423 484 453 se
502 409 606 452 foris
626 421 705 462 pro
719 408 922 450 libertate
941 413 988 449 et
1000 408 1077 449 im·

194 477 313 530 perio
333 475 587 517 dimicantes
607 472 722 514 domi
741 486 767 513 a
790 472 955 514 civibus
975 484 1076 525 cap-

197 549 266 582 tos
292 546 338 581 et
357 549 582 591 oppressos
602 549 711 588 esse,
732 536 1017 589 tutioremque
1032 537 1075 576 in

194 603 308 644 bello
343 613 469 654 qnam
506 600 549 640 in
590 612 718 652 pace,
761 600 877 640 inter
914 600 1075 651 hostes,

195 678 322 720 quam
341 665 458 706 inter
487 663 623 716 cives,
652 665 898 705 libertatem
937 664 1076 717 plebis

193 741 301 771 esse.
355 728 603 770 'tumultum
635 739 721 769 non
749 728 877 770 modo
905 727 947 768 in
967 726 1078 779 foro,

191 793 267 834 sed
287 793 334 834 in
359 797 456 834 tota
472 792 652 834 civitate
680 793 949 834 excitaverat
968 804 1077 832 unus

193 867 247 899 ex
285 858 408 898 nexis
439 869 467 897 a
498 856 718 898 creditore
735 868 814 897 suo
843 856 1078 897 crudeliter

193 926 435 972 tractatus,
453 922 631 974 jamque
650 921 753 962 nexi
779 920 911 961 vincti
930 919 1077 961 soluti-

191 998 274 1038 que
292 997 340 1027 se
371 985 559 1038 undique
578 984 623 1024 in
644 983 863 1037 publicum
893 983 1078 1035 proripi·

194 1054 286 1101 unt,
341 1048 558 1092 Quiritum
575 1046 706 1088 fidem
732 1047 986 1100 implorant3
1015 1048 1077 1088 sic

191 1111 444 1153 accenditur
460 1111 598 1163 furor,
608 1116 662 1151 ut
687 1111 731 1151 in
749 1116 976 1164 praetores,
1004 1112 1077 1164 qui

193 1182 283 1216 tum
319 1181 467 1216 essent
497 1175 542 1216 in
575 1174 684 1224 foro,
717 1176 914 1216 saevitum
947 1174 1076 1224 foret,

193 1242 275 1282 nisi
291 1243 491 1283 consules
511 1242 566 1282 ad
583 1241 950 1294 comprimendam
965 1241 1078 1281 sedi·

190 1307 351 1347 tionem
397 1306 746 1348 intervenissent.
818 1306 913 1346 Illis
956 1306 1078 1359 plebs

191 1376 365 1409 catenas
383 1375 431 1410 et
459 1369 632 1410 vincula
658 1370 921 1423 ostentabat,
940 1375 986 1411 et
1014 1370 1076 1411 in-

191 1434 448 1486 dignitatem
468 1446 588 1475 suam
608 1435 875 1487 exponebat,
892 1447 973 1476 nec
995 1435 1079 1488 pri·

192 1509 241 1536 us
259 1496 446 1554 destitit,
467 1509 594 1550 quam
627 1498 812 1539 Senatus
833 1504 1077 1551 cogeretur,

192 1560 340 1612 quide
368 1560 456 1601 suis
486 1560 767 1601 incommodis
800 1562 1078 1603 consultaret.

190 1623 364 1676 Appius
412 1636 514 1665 acer
549 1624 723 1677 ingenio
770 1636 860 1666 rem
896 1625 1078 1678 imperio

191 1688 407 1728 consulari
449 1687 665 1741 agendam
711 1700 807 1729 esse
859 1689 1078 1740 censebat,

189 1759 367 1806 arrepto
383 1766 468 1795 uno
489 1754 556 1794 vel
585 1754 724 1794 altero
753 1759 941 1794 caeteros
963 1754 1077 1806 quie·

192 1822 324 1859 turos.
379 1820 572 1872 Collega
603 1820 785 1861 Servilio
804 1819 988 1861 mitioris
1014 1820 1078 1859 in·

187 1883 305 1935 genii
325 1883 418 1924 viro
449 1883 580 1923 aliter
596 1882 842 1924 videbatur.
899 1883 1077 1924 Interea

191 1947 431 1999 nuntiatur,
450 1947 633 1988 Volscos
661 1946 715 1987 ad
741 1947 1076 2000 oppugnandam

189 2010 339 2052 urbem
377 2011 542 2053 venire.
615 2011 882 2052 Exultabant
918 2011 1076 2063 gaudio

188 2075 338 2127 plebs:
354 2076 520 2116 ultores
534 2075 749 2128 superbiae
767 2079 936 2127 patrum
955 2074 1078 2114 ades-

188 2151 234 2178 se
253 2139 367 2181 Deos
383 2153 397 2182 ε
441 2139 550 2181 alius
577 2139 703 2180 alium
721 2139 880 2179 hortari
902 2145 948 2180 et
976 2152 1075 2180 con·

186 2202 373 2254 firmare,
385 2214 440 2244 ne
458 2202 631 2244 nomina
645 2202 812 2243 darent.
869 2202 1076 2243 Servilius

188 2266 234 2306 in
269 2266 488 2318 publicum
528 2266 758 2319 processit,
795 2266 1077 2318 promisitque

188 2330 396 2372 Senatum
435 2341 642 2370 nexorum
687 2328 931 2370 habiturum
979 2340 1075 2369 esse

187 2394 411 2442 rationem,
429 2393 465 2435 si
484 2405 602 2434 arma
617 2397 768 2434 contra
795 2392 941 2432 hostes
961 2403 1075 2432 sum·

188 2463 330 2507 erent,
383 2457 618 2510 statimque
666 2455 819 2507 edixit,
875 2460 924 2496 ut
971 2457 1074 2497 victi

187 2520 374 2572 nexique
404 2531 552 2561 omnes
572 2519 909 2572 dimitterentur,
934 2531 1074 2573 neque

186 2582 500 2635 impedirentur
529 2595 614 2636 quo
642 2582 781 2622 minus
801 2583 972 2623 nomina
1001 2583 1074 2624 da·

186 2651 317 2687 rent:
354 2658 534 2699 magnus
571 2645 655 2687 fuit
687 2658 890 2687 nexorum
931 2659 1073 2688 nume-

186 2722 275 2761 rus,
294 2721 436 2762 neque
451 2711 629 2750 aliorum
647 2709 783 2761 magis
808 2710 962 2750 Volsco
986 2711 1074 2751 bel-

184 2773 227 2812 lo
245 2772 384 2814 virtus
403 2778 535 2826 atque
554 2785 688 2825 opera
712 2773 856 2814 nituit.
915 2774 1074 2815 Consul

183 2835 305 2876 brevi
331 2836 513 2877 Volscos
541 2842 730 2888 superat,
759 2836 1073 2891 Auruncosque

184 2897 393 2950 devincit,
425 2911 521 2939 cum
560 2899 743 2940 victoria
771 2900 901 2941 rediit
928 2900 971 2940 in
1006 2914 1073 2942 ur·

184 2961 296 3003 bem.
352 2961 487 3003 Plebs
506 2962 719 3015 promissa
736 2963 922 3004 consulis
939 2964 1069 3006 Sena-

185 3029 339 3078 tusque
357 3024 488 3066 fidem
513 3026 794 3078 expectabat.
849 3029 958 3069 Tum
979 3028 1071 3082 Ap·

181 3088 293 3140 pius,
305 3088 435 3129 insita
449 3089 652 3142 snperbia
662 3091 817 3143 animo,
829 3096 880 3132 ut
892 3094 1070 3146 collegae

183 3154 334 3192 vanam
352 3152 562 3195 redderet
577 3152 722 3206 fidem,
732 3155 806 3207 jus
821 3156 876 3196 de
890 3156 1069 3198 creditis

183 3217 377 3267 pecuniis
395 3217 522 3270 dixit,
557 3223 604 3260 et
635 3219 707 3272 qui
732 3225 833 3261 ante
862 3221 960 3261 nexi
979 3220 1070 3262 fue·

183 3283 295 3330 rant,
312 3279 597 3322 creditoribus
613 3283 788 3336 redditi,
809 3289 855 3326 et
885 3285 953 3326 alii
970 3285 1070 3327 nexi

184 3347 298 3383 sunt.
355 3343 598 3387 Concursus
633 3348 688 3388 ad
715 3349 943 3391 Servilium
979 3349 1069 3392 fac-

184 3411 271 3455 tus,
285 3407 506 3458 postulant
524 3416 573 3451 ut
593 3417 667 3452 aut
683 3411 845 3455 referat
867 3414 920 3455 ad
939 3413 1070 3456 Sena·

182 3472 290 3528 tum,
310 3476 385 3514 aut
403 3471 566 3514 civibus
586 3476 732 3517 consul
753 3482 828 3517 aut
861 3477 1068 3519 militibus

183 3530 267 3571 suis
287 3532 523 3584 imperator
542 3537 701 3578 auxilio
727 3545 843 3581 esset
863 3539 1069 3582 adversus

1880 282 2019 335 1343

1141 409 1366 462 collegam.
1423 410 1660 452 Movebant
1677 412 1769 452 haec
1788 412 2022 464 consulem,

1141 473 1215 512 sed
1238 473 1510 526 tergiversari
1534 488 1601 516 res
1621 474 1824 527 cogebat,
1849 475 1958 516 adeo
1978 477 2021 516 in

1141 537 1400 576 contrarium
1436 550 1518 578 non
1553 540 1722 591 collega
1756 539 1908 588 solum,
1946 541 2023 580 sed

1141 599 1276 639 omnis
1293 599 1496 641 nobilium
1516 601 1649 644 factio
1667 603 1933 656 perstiterat.
1953 603 2024 644 Ita

1141 662 1327 703 medium
1350 675 1395 703 se
1424 667 1629 718 gerendo,
1645 679 1727 709 nec
1756 667 1894 720 plebis
1914 668 2022 709 vita-

1142 726 1204 766 vit
1232 725 1392 777 odium,
1421 740 1500 769 nec
1533 731 1647 782 apud
1678 736 1821 783 patres
1841 731 2023 783 gratiam

1141 789 1280 840 inivit,
1293 790 1495 844 brevique
1506 795 1708 846 apparuit
1722 795 1835 848 apud
1848 796 2022 848 plebem

1143 864 1337 906 aequasse
1367 866 1463 894 eum
1492 855 1626 909 Appii
1658 858 1816 900 odium.
1874 861 2025 901 Certa-

1141 928 1239 956 men
1259 917 1503 959 consulibus
1534 919 1760 975 inciderat,
1787 928 1885 964 nter
1904 924 2024 965 dedi-

1142 986 1263 1022 caret
1281 981 1490 1022 Mercurii
1504 984 1639 1025 aedem
1657 999 1668 1026 ε
1699 987 1882 1028 Senatus
1901 989 1955 1028 ab
1977 1001 2024 1029 se

1142 1055 1231 1084 rem
1251 1043 1304 1083 ad
1325 1045 1532 1098 populum
1570 1047 1738 1101 rejecit,
1763 1050 1850 1090 utri
1879 1062 2024 1092 eorum

1143 1108 1360 1151 dedicatio
1403 1110 1528 1162 jussu
1564 1114 1714 1166 populi
1752 1114 1853 1156 data
1898 1114 2027 1167 foret,

1142 1184 1239 1212 eum
1286 1185 1473 1225 praeesse
1507 1188 1707 1230 annonae,
1739 1185 2026 1220 mercatorum

1142 1236 1369 1287 collegium
1409 1238 1655 1293 instituere,
1710 1243 1900 1284 solennia
1946 1256 2026 1297 pro

1142 1298 1344 1352 pontifice
1375 1301 1508 1353 jussit
1541 1306 1793 1358 suscipere:
1841 1309 2024 1360 populus

1141 1362 1459 1406 dedicationem
1489 1366 1594 1408 aedis
1623 1368 1698 1409 dat
1729 1370 1791 1410 Μ.
1820 1370 2027 1412 Plaetorio

1143 1427 1351 1480 primipili
1369 1430 1629 1483 centurioni,
1648 1445 1733 1485 qno
1752 1432 1879 1473 facile
1894 1447 2025 1487 appa·

1144 1495 1277 1540 reret,
1308 1503 1393 1531 non
1414 1497 1500 1532 tam
1522 1493 1576 1534 ad
1606 1494 1809 1535 honorem
1831 1497 1937 1549 ejus,
1956 1499 2026 1539 cui

1142 1555 1312 1595 curatio
1333 1555 1457 1597 altior
1476 1555 1650 1611 fastigio
1668 1571 1744 1600 suo
1765 1558 1868 1600 data
1895 1567 2026 1612 esset,

1142 1630 1270 1671 quam
1297 1619 1352 1659 ad
1382 1622 1605 1662 consulum
1638 1623 1910 1675 ignominiam
1940 1624 2024 1664 fac·

1142 1688 1234 1722 tum
1249 1695 1358 1725 esse.
1370 1685 1484 1726 Vide
1498 1686 1663 1728 Livium
1675 1687 1785 1728 libro
1801 1699 1851 1728 11.
1876 1688 2025 1730 Oliver.

1195 1749 1219 1800 ξ
1247 1752 1269 1788 7
1302 1749 1559 1802 Impotenter]
1588 1751 1694 1791 Cum
1722 1763 1884 1791 summa
1913 1752 2025 1792 inso-

1140 1811 1291 1864 lentia,
1309 1819 1358 1853 ut
1377 1814 1604 1866 sequentia
1623 1814 1797 1856 docent.

1195 1877 1304 1917 Nam
1318 1878 1370 1924 Q.
1385 1878 1589 1930 Metellus,
1605 1892 1693 1919 cum
1710 1883 1914 1931 utramque
1928 1879 2027 1919 His-

1135 1941 1298 1992 paniam
1330 1943 1464 1982 consul
1496 1944 1624 1994 prius,
1652 1943 1791 1984 deinde
1823 1945 2028 1996 proconsul

1137 2016 1234 2056 pene
1258 2005 1348 2055 jam
1392 2006 1623 2059 subegisset]
1667 2007 1739 2048 Ita
1773 2009 1916 2059 vulgo.
1974 2008 2025 2048 In

1142 2068 1387 2110 Caucliiano
1437 2077 1481 2110 et
1515 2072 1783 2124 Campensi:
1833 2072 1939 2111 Nam
1973 2073 2024 2118 Q.

1139 2132 1344 2183 Metellus,
1388 2146 1476 2174 cum
1508 2136 1750 2186 provinciam
1787 2135 2026 2187 Hispaniam

1139 2197 1272 2236 consul
1296 2197 1423 2250 prius,
1466 2199 1605 2239 deinde
1639 2212 1713 2251 pro
1745 2196 1898 2240 consule
1928 2213 2026 2251 pene

1139 2263 1264 2301 totam
1288 2261 1518 2311 subegisset.
1575 2264 1728 2304 Recte.
1788 2264 1885 2305 Non
1912 2265 2025 2303 enim

1137 2330 1366 2379 utramque
1386 2327 1659 2380 Hispaniam,
1677 2328 1753 2368 sed
1781 2328 2024 2368 citeriorem

1138 2390 1402 2440 provinciam
1433 2390 1647 2432 duntaxat
1673 2391 1898 2432 obtinebat
1930 2392 2025 2431 Me-

1140 2453 1266 2494 tellus
1287 2453 1611 2495 Macedonicus.
1640 2454 1826 2505 Pighius.

1191 2516 1346 2557 Deinde
1357 2529 1430 2568 pro
1447 2518 1619 2570 consule]
1648 2518 1764 2560 Quia
1782 2518 1826 2558 in
1845 2530 2023 2571 sequen-

1138 2585 1226 2620 tem
1243 2592 1398 2620 annum
1421 2587 1518 2633 post
1546 2583 1815 2622 consulatum
1835 2582 1897 2622 illi
1926 2596 2025 2635 pro·

1138 2644 1275 2685 vincia
1294 2643 1437 2685 fuerat
1455 2652 1701 2698 prorogata,
1725 2650 1773 2686 ut
1793 2647 2025 2698 proconsul

1137 2707 1178 2747 in
1199 2721 1251 2748 ea
1270 2708 1428 2749 bellum
1443 2716 1632 2761 gereret.
1664 2710 1769 2750 Oliv-

1192 2773 1298 2812 Pene
1334 2774 1476 2826 totam]
1520 2773 1737 2826 Intelligit
1767 2773 2023 2826 Hispaniam

1134 2834 1402 2886 interiorem,
1456 2837 1749 2879 Celtiberiam.
1817 2838 1946 2878 Unde
1977 2845 2022 2878 et

1136 2899 1343 2940 Metellus
1361 2900 1650 2942 Celtibericus
1669 2901 1829 2943 dictus.
1861 2902 1989 2942 Coler.

1193 2965 1460 3018 commeatus]
1506 2967 1710 3008 Liberam
1740 2967 1929 3008 abeundi
1967 2967 2021 3007 ad

1136 3032 1306 3081 tempus
1326 3035 1606 3085 potestatem,
1637 3044 1766 3085 quam
1801 3032 1925 3082 vulgo
1946 3043 2019 3083 ap-

1134 3091 1342 3144 pellamus
1362 3093 1594 3143 licentiam.
1625 3095 1733 3136 Oliv.

1192 3156 1457 3210 Cretensium]
1506 3158 1591 3201 Qui
1625 3158 1852 3198 auxiliares
1895 3159 2019 3196 erant

1134 3220 1282 3272 populi
1302 3219 1500 3262 Romani.
1530 3224 1651 3262 Idem.

1188 3286 1445 3338 Elephantis]
1476 3285 1565 3326 Aut
1583 3284 1727 3325 inedia
1752 3281 2016 3333 consumpsit

1134 3349 1403 3402 elephantes,
1424 3355 1498 3390 aut
1515 3361 1588 3390 eos
1608 3347 1854 3389 macilentia
1872 3346 2015 3386 reddi·

1133 3412 1199 3453 dit
1226 3413 1415 3463 inutiles,
1433 3425 1488 3453 ne
1519 3413 1690 3451 illorum
1725 3421 1856 3461 opera
1887 3409 2013 3450 Pom-

1133 3477 1255 3531 peius
1276 3477 1339 3518 uti
1354 3481 1512 3528 posset.
1539 3476 1666 3515 Idem.
2089 3521 2094 3531 ¹

1188 3543 1247 3593 §8
1278 3539 1388 3586 Quid
1417 3539 1548 3591 Sylla]
1592 3538 1633 3579 A
1670 3536 1841 3579 caeteris
1874 3535 2013 3576 ferme
