2288 3990
504 292 764 333 vanuum
808 290 1050 329 MAX1M1
1097 290 1213 329 mn.
1243 290 1284 329 1.
1324 289 1458 327 cAP.
1484 276 1539 327 7.

125 415 454 458 condemnamur
500 412 554 453 ad
589 410 862 452 deteriorem.
915 411 1003 451 Oli·

127 492 210 526 mr

179 542 203 593 §
222 546 248 583 8
280 539 569 582 Gladiatorium
587 537 745 588 munus]
771 535 1002 576 Calamitas

126 604 236 648 Orbi
268 605 442 646 invecta
470 616 549 656 per
565 604 642 643 hos
661 602 806 642 ludos:
839 601 1002 641 nullum

121 669 239 710 euim
274 668 435 709 bellum
468 671 632 707 tantam
668 664 836 706 cladem
874 664 1002 704 vasti-

118 728 314 785 liemque
333 730 481 783 generi
492 731 674 770 humano
694 727 855 779 intulit,
876 739 1004 779 quam

121 795 167 837 hi
203 794 260 836 ad
296 795 568 846 voluptatem
603 791 710 832 ludi.
764 791 1002 831 Numerum

121 858 287 900 dierum
320 858 622 908 hominumque
655 865 861 902 recense3
890 864 1004 893 men-

122 922 224 974 tior,
243 922 280 963 si
299 933 382 962 non
396 933 504 961 unus
523 919 672 971 aliquis
690 917 846 957 mensis
868 917 1002 956 Euro·

123 996 192 1038 pe
209 985 335 1025 stetit
349 983 511 1024 vicenis
526 982 715 1033 capitum
733 980 915 1020 millibus
930 984 1005 1020 aut

122 1047 310 1089 tricenis.
355 1047 572 1087 Neronem
587 1045 810 1096 culpamus
830 1048 903 1083 aut
925 1044 1003 1084 Ca-

120 1110 313 1162 ligulam,
330 1110 403 1163 qui
429 1113 603 1149 centurn
622 1107 785 1159 aliquot
813 1106 1004 1146 homines

120 1174 213 1215 vita
248 1171 579 1222 interfecerunt,
624 1172 688 1211 ira
723 1170 816 1209 sive
854 1177 1001 1210 metus

121 1249 226 1280 ecce
244 1249 353 1279 unus
374 1236 528 1277 Editor
546 1234 736 1276 homine's
763 1246 894 1286 supra
912 1234 1005 1273 mil-

120 1301 163 1341 le
181 1300 336 1341 ludens
355 1298 596 1347 interfecit,
629 1304 675 1338 et
705 1298 775 1337 die
794 1309 877 1338 non
898 1302 1005 1338 toto.

121 1364 270 1418 Atque
301 1364 396 1404 haec
425 1363 600 1404 delicias
635 1361 862 1412 vocabant,
881 1366 926 1400 et
944 1360 1004 1401 ci-

121 1427 225 1468 bum
253 1428 500 1477 oculorum;
528 1425 777 1478 fiebantque
809 1436 893 1464 uon
926 1436 1006 1476 per

123 1490 248 1531 unius
268 1490 500 1531 alteriusve
517 1488 753 1540 lasciviam,
776 1487 854 1527 sed
886 1488 1005 1527 velut

119 1553 294 1606 publica
321 1554 416 1604 lege
445 1558 492 1593 et
520 1552 711 1591 decreto.
765 1550 922 1602 Itaque
951 1561 1003 1589 eo

117 1621 296 1657 ventum
332 1621 417 1667 est,
458 1621 506 1656 ut
553 1615 648 1655 aliis
689 1614 858 1666 legibus
898 1611 1003 1653 effu-

121 1679 186 1720 sio
229 1680 317 1720 ista
359 1678 491 1719 fuerit
527 1677 787 1719 coercenda.
854 1676 1003 1717 Primo

119 1742 175 1781 ad
210 1741 414 1782 ambitum
452 1739 791 1792 reprimendum,
828 1743 1003 1779 cautum

118 1804 217 1857 fnit,
247 1817 303 1845 ne
334 1806 427 1858 quis
449 1805 573 1849 daret
591 1802 863 1844 candidatus.
921 1804 1002 1843 Le-

119 1877 214 1920 gem
252 1880 346 1908 eam
385 1868 484 1908 tulit
520 1867 585 1906 M.
622 1866 788 1906 Tullius
825 1866 1001 1906 Consul.

119 1931 304 1971 cautum
323 1931 452 1971 etiam
471 1930 525 1970 de
541 1941 717 1970 numero
738 1928 899 1982 aliquid
912 1929 1004 1980 gla-

117 1993 352 2043 diatorum,
385 1993 464 2034 sub
500 1993 614 2033 idem
652 1997 839 2045 tempus,
871 2004 1002 2045 supra

120 2062 247 2110 quem
266 2069 318 2097 ne
332 2056 542 2097 haberent
560 2056 606 2096 in
623 2055 758 2096 Urbe.
814 2056 938 2096 Sicut
957 2055 1002 2095 in

120 2118 372 2159 Catilinaria
390 2118 693 2172 conjuratione
710 2119 816 2159 item
847 2119 1004 2160 remoti

119 2182 381 2235 gladiatores
401 2182 458 2224 ab
473 2181 612 2223 Urbe.
668 2181 757 2222 Sed
776 2180 1002 2234 Augustus

119 2251 242 2286 certe
259 2246 394 2287 etiam
412 2246 467 2286 de
485 2257 665 2285 numero
685 2245 852 2296 parium
869 2246 1003 2296 cavit,

119 2307 343 2361 edixitque
373 2308 428 2348 A.
460 2308 516 2348 U.
544 2318 774 2348 nccxxx1.
794 2320 877 2348 nec
899 2308 1001 2349 Gla-

120 2370 308 2411 diatores
327 2371 486 2423 saepius
505 2382 632 2423 quam
658 2370 723 2409 bis
757 2382 867 2410 anno
893 2370 1003 2422 dari,

118 2444 201 2474 nec
223 2434 407 2486 plurium
424 2445 552 2486 quam
579 2433 806 2485 sexaginta
824 2434 1002 2485 parium.

121 2497 183 2538 At
190 2498 387 2539 Tiberius
400 2497 547 2538 firmus
559 2502 710 2538 contra
727 2498 826 2547 ista,
835 2503 1002 2538 certum

119 2573 341 2602 numerum
379 2562 423 2600 in
455 2573 678 2602 commune
720 2563 1001 2615 praescripsit.

119 2625 204 2665 Sed
237 2630 338 2676 post
354 2624 575 2665 Tiberium
595 2624 808 2677 Caligula,
831 2627 1001 2666 concul-

120 2695 216 2729 cato
248 2688 329 2728 hoc
352 2688 514 2740 edicto,
535 2687 732 2739 permisit
761 2688 1001 2729 volentibus

119 2753 304 2803 cunctis,
323 2751 454 2792 etiam
488 2762 619 2803 supra
647 2762 870 2790 numerum
896 2752 1000 2792 defi-

117 2818 270 2869 nitum,
287 2817 546 2870 gladiatores
565 2816 777 2868 praebere.
833 2817 890 2856 Et
910 2818 999 2858 Do-

118 2880 320 2922 mitianus
353 2879 619 2932 gratificatus
650 2885 800 2920 contra
819 2871 998 2922 effndem

119 2944 258 2996 legem
277 2943 448 2995 ingenio
464 2955 539 2984 suo
566 2948 612 2984 et
627 2944 785 2985 saeculo
811 2944 1004 2986 videtur.-

121 3006 298 3058 Lipsius.

176 3066 400 3119 Retiarius]
461 3067 682 3108 Retiarius
744 3070 995 3122 plerumque

121 3130 368 3170 commissus
401 3142 498 3170 cum
530 3130 754 3178 Secutore,
783 3132 999 3174 interdum

122 3193 250 3235 etiam
271 3205 367 3234 cum
379 3193 644 3234 Mirmillone
661 3208 673 3235 ε
701 3206 782 3235 nec
799 3197 910 3236 enim
927 3210 999 3238 no-

122 3270 237 3310 vum,
258 3264 309 3299 ut
326 3270 434 3298 unus
453 3270 549 3299 cum
569 3258 750 3298 diversis
771 3272 1000 3313 compona-

121 3327 206 3371 tur,
225 3319 337 3361 sicut
358 3320 563 3360 Mirmillo
583 3333 677 3360 cum
694 3321 873 3363 Threce.
917 3325 1002 3365 Re-

122 3382 276 3422 tiarum
308 3383 498 3423 Isidorus
528 3383 757 3424 describit:
788 3386 800 3408 ‘
818 3386 1002 3427 Retiari-

125 3444 203 3492 us‚'
232 3445 384 3497 inquit,
408 3445 420 3467 ‘
434 3446 504 3497 qui
525 3452 676 3486 contra
696 3448 874 3488 alterum
896 3462 998 3502 pug-

124 3512 295 3547 nantem
312 3510 477 3550 occulte
497 3508 668 3550 ferebat
688 3511 1000 3565 rrtejaculum‚

1841 275 1944 327 971

1066 414 1116 450 ut
1144 408 1435 450 adversarium
1473 405 1653 458 cuspide
1678 405 1950 446 insistentem

1065 474 1271 525 operiret,
1280 470 1620 524 implicitumque
1631 468 1789 508 viribus
1803 480 1951 519 super-

1066 542 1187 577 aret:
1217 549 1312 590 quae
1334 540 1547 575 armatura
1573 531 1795 585 pugnabat
1828 533 1949 583 Nep-

1064 604 1169 640 tuno
1208 599 1409 641 tridentis
1428 596 1589 638 causa!
1643 596 1783 648 Origo
1804 601 1850 635 et
1874 608 1949 635 ex-

1065 664 1254 714 emplum
1279 663 1369 714 ejus
1401 666 1627 702 armaturae
1650 671 1735 700 non
1766 659 1897 699 dubie
1925 672 1951 699 a

1064 727 1257 776 Pittaco,
1296 726 1368 778 qui
1415 726 1528 765 inter
1563 724 1806 776 Sapientes.
1879 722 1950 763 Ita

1065 790 1177 829 enim
1196 789 1269 828 ille
1287 800 1342 827 ex
1361 788 1670 839 provocatione
1697 799 1794 827 cum
1814 787 1952 839 Phry-

1065 864 1178 893 none
1207 851 1428 904 pugnavit.
1482 850 1704 891 ,Iuvenalis
1732 862 1828 892 cum
1849 862 1953 891 cura

1067 916 1155 966 ejus
1173 927 1288 955 arma
1307 913 1555 965 descripsit,
1575 919 1621 953 et
1639 914 1757 953 velut
1776 926 1829 955 ex
1849 926 1950 965 pro-

1065 977 1198 1019 fesso.
1217 1004 1220 1005 ν
1256 979 1356 1018 Non
1372 981 1468 1016 erat
1482 977 1520 1015 ei
1537 978 1731 1028 clypeus,
1745 989 1829 1016 non
1849 977 1955 1028 sica,

1066 1054 1151 1082 non
1191 1042 1328 1094 galea,
1353 1041 1454 1093 quia
1483 1039 1567 1079 fuit
1594 1045 1825 1079 contentus
1861 1041 1953 1080 solo

1066 1107 1227 1158 galero,
1259 1104 1377 1145 nuda
1409 1104 1522 1144 facie
1554 1104 1631 1144 soli
1651 1105 1694 1143 hi
1715 1117 1769 1143 ex
1789 1104 1952 1155 gladia-

1066 1169 1247 1209 toribus.
1302 1168 1376 1208 Ita
1412 1172 1556 1207 autem
1602 1166 1721 1206 docti
1756 1167 1953 1216 Retiarii,

1067 1230 1280 1284 factique,
1308 1235 1358 1269 ut
1391 1234 1484 1270 arte
1515 1227 1701 1282 quadam
1722 1230 1951 1270 collectum

1067 1305 1408 1346 suspensumque
1438 1293 1591 1342 dextra
1625 1304 1753 1332 manu
1784 1293 1952 1334 rete-in

1067 1357 1302 1397 adversarii
1336 1361 1471 1408 caput
1499 1356 1736 1407 jacerent;
1766 1361 1812 1396 et
1830 1357 1866 1396 si
1885 1368 1952 1396 er-

1066 1427 1251 1475 rassent,
1283 1419 1416 1460 effuse
1445 1419 1664 1471 fugerent,
1681 1420 1820 1460 donec
1838 1419 1952 1461 forte

1066 1484 1224 1524 iterum
1273 1488 1367 1524 rete
1414 1483 1702 1535 collegissent.
1767 1484 1952 1524 Tridens

1067 1548 1159 1588 sive
1179 1547 1344 1588 fuscina
1363 1548 1447 1588 illis
1474 1561 1554 1601 pro
1574 1549 1744 1600 gladio;
1768 1550 1954 1590 inermes

1065 1613 1172 1653 etin
1186 1615 1274 1653 sola
1293 1613 1454 1655 tunica.
1499 1614 1789 1655 Tertullianus
1810 1620 1955 1654 tamen

1065 1677 1286 1728 spongiam
1314 1676 1366 1716 iis
1396 1675 1613 1729 attribuit,
1643 1676 1813 1729 pectori
1832 1677 1954 1717 nimi·

1065 1749 1158 1778 rum
1170 1743 1358 1790 tegmen.
1388 1737 1569 1790 Lipsius.
1959 1753 1964 1759 ¹·

1119 1801 1387 1852 Mirmillone]
1415 1801 1701 1842 Mirmillones
1740 1807 1953 1844 venerunt

1065 1877 1089 1905 e
1118 1864 1280 1915 Gallia,
1314 1865 1327 1887 ‘
1344 1864 1633 1917 Crupellarii’
1667 1866 1717 1905 iis
1737 1865 1850 1906 forte
1869 1866 1956 1907 dic-

1065 1930 1100 1969 ti
1117 1940 1129 1968 :
1150 1928 1271 1981 quasi
1289 1928 1363 1980 qui
1383 1927 1440 1967 ob
1460 1929 1721 1980 gravitatem
1738 1941 1953 1969 armorum

1065 1995 1286 2043 reperent,
1306 2003 1389 2031 uon
1410 1991 1541 2031 irent.
1597 1992 1712 2032 Hinc
1742 1994 1754 2014 ‘
1771 1993 1954 2044 Crupe‘l-

1062 2053 1198 2095 lares'
1219 2059 1294 2095 aut
1309 2054 1547 2106 ‘Prorepos
1561 2053 1575 2072 '
1595 2060 1818 2095 vocarunt.
1850 2055 1954 2096 Cer-

1065 2121 1111 2158 te
1129 2116 1414 2158 Mirmillones
1434 2117 1516 2157 toti
1530 2116 1572 2156 in
1593 2118 1737 2158 armis.
1791 2116 1954 2159 Viden-

1066 2185 1136 2220 tur
1156 2180 1274 2220 inter
1290 2191 1476 2233 pugnam
1501 2179 1616 2220 soliti
1637 2180 1878 2234 subsidere,
1897 2182 1953 2222 ad

1064 2247 1368 2299 excipiendum
1413 2247 1724 2299 adversarium,
1765 2254 1811 2289 et
1847 2248 1955 2289 vita·

1063 2310 1215 2350 buudi.
1273 2310 1485 2349 Mirmillo
1541 2310 1796 2363 plerumque
1850 2324 1947 2351 cum

1062 2373 1230 2413 Threce
1303 2372 1585 2424 compositus,
1647 2383 1951 2426 nonnunquam

1065 2434 1199 2474 etiam
1228 2446 1326 2475 cum
1346 2434 1556 2475 Retiario.
1614 2435 1742 2476 Unde
1762 2442 1828 2477 est
1846 2437 1955 2477 illud

1065 2497 1211 2536 Festi:
1241 2496 1459 2537 ‘Retiario
1497 2499 1708 2549 pugnanti
1745 2500 1951 2541 adversus

1065 2560 1377 2600 Mirmillonem
1396 2564 1624 2601 cantatur:
1657 2562 1756 2602 Non
1771 2568 1817 2602 te
1832 2569 1954 2616 peto,

1065 2625 1228 2676 piscem
1251 2629 1371 2677 peto,
1391 2625 1493 2678 quid
1513 2637 1581 2666 me
1613 2625 1746 2678 fugis,
1780 2628 1953 2669 Galle?

1065 2688 1178 2729 Quia
1198 2688 1552 2729 Mirmillonicum
1572 2701 1703 2740 genus
1721 2698 1953 2733 armaturae

1065 2752 1278 2792 Gallicum
1326 2757 1408 2800 est,
1455 2752 1620 2805 ipsique
1668 2755 1952 2797 Mirmillones

1063 2821 1166 2856 ante
1188 2816 1306 2856 Galli
1337 2817 1682 2868 appellabantur,
1710 2819 1752 2859 in
1773 2832 1954 2872 quorum

1063 2879 1196 2931 galeis
1210 2879 1338 2930 piscis
1352 2878 1518 2931 effigies
1531 2879 1687 2922 inerat.
1716 2883 1842 2924 Idem.

1115 2945 1270 2996 Ex'r.§
1291 2947 1314 2984 1
1344 2944 1556 2984 Annibalis
1587 2947 1754 2998 quoque]
1786 2950 1951 2989 Narrat

1061 3007 1289 3048 Annibalis
1324 3009 1535 3048 somnium
1567 3010 1713 3050 Livius
1742 3011 1820 3052 lib.
1850 3024 1949 3052 xxr.

1062 3070 1114 3110 In
1133 3070 1281 3123 quiete
1301 3070 1421 3122 dicit,
1442 3072 1647 3123 juvenem
1669 3073 1723 3113 ab
1743 3085 1794 3113 eo
1812 3075 1948 3114 visum

1062 3132 1196 3174 fuisse
1216 3133 1361 3174 divina
1380 3135 1541 3186 specie,
1557 3136 1628 3187 qui
1647 3147 1692 3174 se
1714 3148 1738 3174 a
1755 3136 1866 3178 Jove
1886 3135 1950 3175 di-

1063 3202 1185 3238 ceret
1205 3197 1358 3238 ducem
1378 3197 1422 3237 in
1438 3198 1610 3238 Italiam
1631 3198 1834 3238 Annibali
1850 3199 1948 3238 mis-

1065 3275 1173 3314 sum,
1206 3261 1689 3314 proindesequeretur,
1714 3274 1855 3313 neque
1885 3275 1949 3302 us-

1066 3338 1192 3377 quam
1213 3338 1239 3364 a
1269 3338 1314 3364 se
1350 3323 1605 3364 deflecteret
1625 3324 1800 3372 oculos;
1831 3326 1951 3375 pavi-

1065 3389 1166 3428 dum
1196 3389 1334 3440 primo
1362 3399 1573 3438 nusquam
1603 3386 1948 3438 circumspicien-

1066 3457 1151 3492 tem
1174 3458 1249 3492 aut
1269 3450 1568 3503 respicientem
1588 3455 1801 3500 secutum,
1831 3451 1950 3492 deiu-

1066 3516 1119 3556 de
1137 3527 1238 3557 cura
1254 3514 1425 3555 humani
1442 3512 1619 3565 ingenii,
1633 3525 1731 3554 cum
1746 3514 1946 3567 quidnam
