2346 3996
563 283 825 324 VAnnRu
870 282 1114 321 MAXIMI
1158 283 1277 322 mu.
1306 283 1388 321 vl.
1427 269 1639 321 CAR-5.

193 407 246 450 ab
263 407 387 448 hoste
405 407 700 456 superaretur,
731 400 886 442 scribit
918 400 1070 442 tertias

190 470 413 522 epistolas,
435 473 482 508 et
513 467 672 519 gratias
700 465 806 517 agit,
835 463 950 517 quod
971 463 1074 502 nibil

189 536 232 575 in
252 546 348 575 suos
366 531 521 573 hostile
541 530 711 571 fecerit.
756 526 900 569 Offert
917 526 1074 566 deiude

191 599 397 652 majorem
415 600 582 649 partem
615 593 735 646 regni
764 596 900 644 usque
925 589 978 629 ad
998 588 1075 628 flu-

191 673 291 703 men
326 660 607 711 Euphratem,
644 663 690 697 et
729 657 907 696 alteram
945 652 1075 693 filiam

194 736 386 775 uxorem,
405 735 484 775 pro
514 722 688 774 reliquis
713 717 898 771 captivis
928 715 1078 768 viginti

193 789 326 830 millia.
363 788 638 828 talentorum.
693 783 762 824 Ad
793 783 872 822 hoc
893 780 1078 821 Alexan-

193 853 274 894 der
293 852 524 906 gratiarum
544 850 758 890 actionem
786 848 841 887 ab
871 846 993 886 hoste
1012 857 1078 884 su-

194 926 505 969 pervacaneam
538 925 632 954 esse
664 910 912 964 respondit:
945 921 1026 949 nec
1054 921 1079 949 a

196 993 243 1022 se
261 981 490 1033 quicquam
526 978 689 1019 factum
709 978 752 1016 in
780 975 915 1016 hostis
934 974 1080 1015 adula-

197 1045 378 1095 tionem,
391 1055 472 1083 nec
491 1042 605 1095 quod
635 1042 678 1081 in
698 1040 851 1080 dubios
870 1038 972 1079 belli
990 1038 1080 1078 exi-

197 1114 285 1157 tus,
303 1112 376 1147 aut
397 1107 442 1147 in
463 1107 580 1157 leges
598 1105 716 1157 pacis
738 1104 950 1145 lenocinia
965 1114 1080 1156 quae-

195 1177 330 1222 reret,
364 1170 440 1210 sed
478 1170 608 1209 animi
646 1168 956 1221 magnitudine,
995 1179 1081 1221 qua

198 1234 413 1290 didicerit·
430 1233 629 1274 adversus
649 1234 758 1273 vires
779 1233 979 1283 hostium,
998 1242 1081 1271 nou

198 1297 404 1338 adversus
416 1298 683 1339 calamitates
693 1297 954 1337 contendere
966 1310 977 1347 ς
990 1296 1080 1349 pol·

196 1362 440 1414 liceturque
459 1373 504 1400 se
527 1367 834 1413 praestaturum
855 1371 908 1401 ea
928 1360 1081 1412 Dario,

199 1426 234 1466 si
254 1425 466 1466 secundus
483 1425 562 1464 sibi
591 1437 674 1464 non
694 1437 773 1477 par
797 1424 946 1464 haberi
967 1423 1082 1464 volu-

201 1489 309 1539 erit;
333 1494 539 1528 caeterum
572 1500 711 1540 neque
736 1488 937 1527 mundum
958 1499 1083 1539 posse

201 1553 364 1594 duobus
393 1552 561 1592 Solibus
609 1552 720 1604 regi,
766 1564 906 1605 neque
936 1551 1081 1592 orbem

199 1629 364 1658 summa
381 1615 468 1655 duo
500 1627 635 1668 regua
664 1616 783 1655 salvo
814 1620 933 1655 statu
954 1620 1085 1655 terra-

201 1692 295 1722 rum
313 1680 500 1730 habere;
531 1679 714 1732 perinde
733 1684 807 1718 aut
822 1678 1085 1719 deditionem

201 1744 353 1786 eadem
389 1744 477 1796 die,
510 1749 585 1784 aut
617 1744 662 1784 in
694 1748 911 1797 posteram
948 1744 1085 1784 aciem

201 1811 354 1866 paret.'
386 1806 536 1852 Oliver.

254 1876 510 1928 Dignumque
544 1875 607 1916 cui
643 1874 784 1927 tertia]
825 1873 970 1914 Tertio
999 1873 1086 1912 Da-

202 1940 312 1982 rium
332 1940 456 1991 vicit,
472 1945 516 1980 et
537 1939 644 1980 victi
674 1952 724 1980 ac
756 1939 799 1979 in
830 1937 933 1990 fuga
957 1950 981 1978 a
999 1938 1086 1978 suis

200 2003 418 2047 interfecti
438 2016 570 2056 regno
589 2003 752 2056 potitus
769 2008 850 2043 est.
879 2002 1052 2042 Badius.

259 2069 283 2120 ς
327 2071 354 2108 4
400 2068 489 2107 Illa·
528 2067 639 2118 vero]
686 2067 913 2118 Philippus
959 2071 1087 2118 pater

203 2131 444 2173 Alexandri
462 2131 681 2171 Graeciam
696 2130 767 2170 diu
784 2130 897 2170 bello
913 2129 1085 2180 invasit,

206 2203 252 2238 et
283 2209 379 2237 eam
410 2195 586 2237 tandem
617 2195 853 2248 oppressit,
883 2194 959 2235 sed
990 2206 1086 2234 cnm

204 2259 388 2302 devictis
419 2259 752 2300 Atheniensibus
774 2258 933 2299 bellum
956 2259 1087 2298 Lace-

206 2323 428 2364 daemoniis
476 2322 710 2372 intulisset,
757 2320 1090 2372 Lacedaemonii,

203 2387 275 2440 qui
295 2397 465 2439 semper
480 2385 607 2424 armis
624 2385 809 2425 victores
821 2383 1087 2435 extitissent,

205 2451 387 2503 aliisque
405 2450 615 2501 imperare
635 2448 974 2499 consuevissent,
1004 2458 1087 2487 non

208 2516 414 2566 poterant
446 2523 494 2551 se
535 2510 748 2562 subjicere
785 2510 1011 2563 Philippo:
1044 2515 1090 2550 et

207 2589 302 2617 cum
338 2574 508 2628 quidam
552 2574 738 2614 dixisset
781 2573 918 2613 multa
964 2575 1089 2625 mala,

205 2645 252 2680 et
282 2644 478 2679 extrema
515 2649 811 2690 perpessuroS,
848 2637 950 2676 nibil
987 2637 1089 2676 mali

203 2714 344 2756 neque
385 2703 569 2743 extremi
602 2701 731 2741 vitam
763 2701 1090 2754 aspernantibus

205 2777 301 2807 esse
320 2765 650 2818 responderunt.
708 2766 815 2806 Cum
836 2778 979 2806 rursus
995 2778 1088 2818 gra-

209 2830 277 2870 via
303 2831 456 2882 multa,
483 2836 530 2870 et
561 2829 732 2880 indigna
753 2829 985 2881 Philippus
1014 2830 1091 2869 im-

205 2898 399 2946 peraret,
418 2893 523 2933 nibil
538 2894 654 2934 alind
674 2895 989 2946 rescripserunt
1009 2894 1089 2934 La·

206 2956 474 3007 cedaemonii,
519 2958 602 2998 nisi
648 2959 848 3010 Philippo
895 2958 1090 2999 salutem.

207 3019 310 3060 Non
329 3019 499 3060 scilicet
530 3021 721 3062 volumus
755 3021 987 3072 imperanti
1013 3021 1090 3062 tibi

209 3095 380 3136 parere.
434 3085 541 3125 Cum
575 3090 718 3125 tamen
752 3085 923 3137 gravius
957 3085 1088 3125 insta-

207 3153 291 3199 ret,
311 3149 566 3202 durioraque
592 3150 676 3189 illis
696 3150 944 3201 imperaret,
972 3149 1088 3189 dixe-

208 3217 310 3252 runt
345 3225 392 3253 se
428 3220 611 3254 mortem
651 3214 796 3255 subire
836 3219 1025 3266 paratos,
1054 3213 1088 3252 si

209 3276 311 3328 quid
330 3282 470 3319 morte
501 3278 648 3318 durius
678 3274 973 3330 imperaverit.
1005 3276 1090 3317 0Ιί-

206 3350 288 3379 ver.

263 3404 288 3440 3
320 3403 531 3456 oneribus]
552 3405 663 3446 Nam
685 3405 936 3446 tributarios
955 3403 1086 3445 facie-

209 3462 303 3515 bat,
343 3471 504 3506 tantam
556 3469 781 3520 pecuniam
831 3468 1089 3521 imperabat,

210 3534 370 3580 quanta
388 3531 528 3573 exolvi
547 3543 630 3574 non
664 3538 820 3586 posset.
877 3531 1088 3574 Accusati

1874 265 2015 321 1231

1134 400 1245 440 enim
1266 400 1451 452 fuerant,
1470 399 1584 454 quod
1604 410 1746 440 arcem
1767 398 2014 438 Thebanam

1136 465 1403 505 induciarum
1463 472 1657 517 tempore
1715 468 2015 514 occupassent.

1140 529 1290 568 Oliver.

1194 593 1305 632 CAP.
1329 605 1371 632 v.
1393 594 1414 644 ᾧ
1438 597 1456 632 1
1499 592 1682 643 Camillo]
1710 591 1909 632 Valerius
1934 590 2019 630 ‹lis-

1140 656 1272 695 sentit
1295 669 1319 696 a
1339 657 1488 697 Livio:
1520 669 1619 696 nam
1640 657 1784 697 Livius
1813 655 1920 696 dicit
1941 656 2020 696 Ca-

1140 721 1302 760 millum
1322 733 1405 760 non
1424 721 1687 761 consuluisse
1708 723 1927 771 Senatum,
1946 719 2022 760 sed

1140 785 1182 825 id
1201 785 1417 825 sententia
1436 798 1512 825 sua
1531 785 1704 837 fecisse,
1731 787 1846 825 nulla
1888 786 2023 826 inter·

1132 851 1255 903 jecta
1288 862 1419 890 mora.
1450 851 1600 890 Oliver.
1676 851 1842 891 Camillo
1871 849 2023 890 consule

1143 913 1317 954 Faliscos
1342 913 1660 965 circumsedente]
1684 915 1800 965 Lege
1835 914 2025 963 Faliscos,

1142 989 1245 1027 non,
1266 976 1467 1016 Phaliscos
1479 989 1492 1015 .·
1513 976 1574 1016 ita
1585 976 1700 1016 enim
1714 977 1890 1029 antiquo
1905 990 2024 1017 more

1143 1040 1349 1080 scribitur
1375 1041 1458 1080 boc
1487 1052 1655 1080 nomen.
1712 1039 1763 1079 In
1798 1041 1948 1093 Camp.
1979 1045 2026 1081 et

1144 1105 1304 1145 Cauch.
1338 1104 1514 1145 Falerios
1529 1103 1727 1156 legimus,
1745 1103 1874 1143 etiam
1891 1110 2026 1144 recte.

1143 1168 1517 1210 Quemadmodum
1538 1169 1581 1208 in
1605 1167 1759 1207 Annal.
1780 1168 1937 1208 nostris
1954 1167 2030 1208 de-

1144 1233 1485 1272 monstravimus.
1534 1232 1656 1283 Pigh.
1725 1231 1922 1282 Faliscos]
1959 1231 2029 1272 Li-

1143 1295 1222 1336 ber
1247 1296 1458 1347 Danielis,
1494 1296 1682 1338 Valerios.
1723 1295 1862 1349 AEque
1890 1302 2029 1338 recte.

1143 1362 1268 1403 Livio
1301 1368 1401 1403 sunt
1432 1362 1562 1403 iidem
1597 1363 1755 1403 Falerii
1782 1368 1827 1403 et
1855 1362 2029 1403 Falisci.

1147 1426 1338 1467 Falerios
1383 1426 1516 1466 etiam
1560 1426 1792 1478 Polyaenus
1838 1426 2034 1478 appellat

1146 1490 1254 1531 libro
1274 1502 1376 1531 vui.
1432 1489 1520 1529 Sed
1552 1489 1710 1530 Strabo
1743 1489 1857 1530 inter
1885 1487 2032 1528 Φαλίσ-

1146 1569 1237 1595 κους
1255 1560 1302 1595 et
1328 1552 1535 1606 Φαλερίους
1563 1553 1734 1593 videtur
1752 1552 2034 1605 distinguere.

1147 1618 1324 1659 Servius
1369 1618 1423 1658 ad
1462 1617 1628 1658 AEneid.
1677 1629 1763 1658 vn.
1805 1618 1816 1639 ‘
1838 1617 2030 1656 Faliscos

1148 1683 1331 1723 Halesus
1352 1682 1563 1723 condidit.
1620 1680 1681 1721 Hi
1711 1686 1854 1722 autem
1884 1680 2033 1720 immu-

1149 1751 1243 1786 tato
1264 1747 1307 1786 H
1328 1746 1369 1786 in
1392 1747 1443 1798 F,
1463 1744 1616 1785 Falisci
1635 1744 1740 1785 dicti
1760 1749 1887 1785 sunt:
1918 1744 2032 1783 sicut

1149 1810 1299 1850 Febris
1319 1810 1493 1861 dicitur,
1506 1821 1601 1862 quae
1619 1814 1721 1849 aute
1740 1808 1900 1849 Hebris
1916 1807 2034 1848 dice-

1149 1875 1290 1915 batur.
1339 1874 1540 1924 Formiae,
1575 1886 1672 1926 quae
1712 1873 1904 1914 Hormiae
1943 1872 2034 1913 fue-

1150 1943 1264 1990 runt,
1292 1938 1368 1978 ἆπὸ
1398 1939 1472 1986 τῆς
1499 1938 1633 1990 ὁρμῆς.
1707 1939 1821 1978 Nam
1852 1938 2034 1991 posteri·

1149 2008 1216 2043 tas
1236 2002 1279 2042 in
1299 2003 1443 2043 multis
1464 2002 1707 2043 nominibus
1726 2003 1760 2043 F
1781 2014 1858 2054 pro
1879 2003 1922 2043 H
1957 2015 2035 2057 po·

1149 2065 1266 2108 suit.'
1297 2067 1428 2108 Celer.

1208 2131 1393 2182 Consule]
1425 2131 1569 2172 Livius
1589 2143 1674 2171 non
1699 2132 1933 2182 consulem,
1959 2130 2038 2170 sed

1152 2195 1255 2235 trib.
1304 2195 1487 2235 militum
1544 2195 1758 2236 consulari
1815 2200 2036 2248 potestate

1151 2257 1284 2298 fuisse
1323 2259 1470 2300 tradit.
1527 2260 1639 2299 Nam
1677 2258 1833 2311 saepius
1871 2264 2038 2299 mutata

1152 2327 1219 2362 est
1247 2321 1387 2362 forma
1415 2323 1583 2376 imperii
1613 2323 1734 2364 Rom.
1789 2322 1829 2363 A
1863 2323 2038 2374 regibus

1151 2386 1265 2425 enim
1286 2386 1339 2425 ad
1359 2386 1572 2437 consules,
1588 2398 1612 2425 a
1628 2385 1874 2426 consulibus
1891 2386 1944 2426 ad
1966 2387 2038 2426 de·

1152 2450 1376 2501 cemviros,
1410 2461 1434 2489 a
1465 2449 1722 2490 decemviris
1756 2448 1811 2489 ad
1842 2449 2036 2490 tribunos

1152 2514 1332 2553 militnm
1359 2513 1573 2554 consulari
1602 2518 1839 2566 potestate,
1858 2527 1882 2555 a
1903 2514 2038 2555 tribu-

1152 2578 1218 2617 nis
1256 2589 1403 2617 rursus
1452 2577 1505 2617 ad
1554 2579 1768 2630 consules,
1814 2584 2032 2631 postremo

1152 2640 1204 2680 ad
1243 2641 1522 2694 imperatores
1562 2643 1812 2683 translatum
1846 2642 1931 2684 fuit
1959 2643 2036 2683 im-

1153 2706 1334 2758 perium.
1392 2706 1488 2747 Hoc
1507 2706 1641 2758 igitur
1660 2713 1854 2759 tempore
1876 2708 2037 2748 tribuni

1151 2770 1333 2810 militum
1352 2770 1638 2823 imperabant.
1668 2771 1794 2813 Idem.

1206 2833 1363 2874 Dedere
1391 2833 1543 2885 coacto]
1578 2833 1866 2886 Abbreviator
1895 2837 2031 2877 Livii:

1150 2897 1162 2920 ‘
1180 2897 1369 2938 Phalisci
1388 2910 1484 2939 cum
1505 2898 1803 2950 rebellassent,
1820 2905 1944 2940 sexto
1965 2900 2036 2939 die

1152 2960 1326 3012 domiti,
1340 2961 1383 3001 in
1397 2961 1660 3002 deditionem
1679 2963 1920 3004 venerunt.'
1951 2965 2035 3003 Eu-

1152 3024 1319 3075 tropius
1339 3024 1394 3064 de
1414 3025 1620 3066 Phaliscis
1649 3026 1723 3067 lib.
1746 3038 1818 3067 ιιι.
1849 3027 1861 3049 ‘
1879 3028 1931 3069 Q.
1951 3028 2034 3066 Lu-

1154 3088 1287 3127 tatius
1330 3093 1375 3128 et
1412 3087 1548 3129 Aulus
1586 3090 1790 3130 Manilius
1836 3090 2033 3130 consules

1153 3151 1288 3191 creati
1308 3159 1421 3202 sunt,
1446 3158 1490 3191 et
1516 3153 1676 3193 bellum
1692 3153 1901 3194 Phaliscis
1919 3153 2032 3191 intu-

1151 3214 1261 3264 lere,
1278 3227 1373 3267 quae
1393 3215 1546 3255 civitas
1572 3216 1706 3256 Italiae
1729 3216 1930 3268 opulenta
1949 3222 2032 3266 est,

1152 3277 1269 3330 quod
1299 3277 1423 3318 ambo
1452 3280 1647 3319 consules
1677 3280 1790 3318 intra
1820 3291 1895 3317 sex
1923 3279 2030 3328 dies,

1153 3355 1276 3395 quam
1298 3349 1521 3394 venerant,
1549 3347 1877 3393 transegerunt:
1914 3341 2034 3393 quin·

1152 3406 1292 3446 decim
1313 3406 1495 3446 millibus
1515 3404 1726 3445 homiuum
1757 3404 1920 3454 occisis,
1946 3416 2032 3443 cae-

1152 3468 1256 3509 teris
1290 3476 1398 3520 pace
1429 3478 1648 3517 concessa,
1682 3475 1783 3516 agro
1803 3472 1945 3507 tamen
1975 3478 2028 3506 ex

1151 3532 1385 3575 medietate
1401 3532 1585 3574 sublato.
1613 3528 1774 3570 Otia-er!
