2346 3996
324 302 466 356 1284

322 434 524 475 meruisse
540 433 727 487 fatebor,
747 437 893 478 Morte
907 439 1018 479 luam
1040 452 1198 494 poenas,

316 496 468 547 judice
490 499 603 538 victa
622 500 732 542 Dea.
785 501 870 540 Sed
890 501 924 541 si
942 503 1103 543 crimen
1124 505 1198 544 ab·

324 566 407 610 est,
422 566 575 600 nostrae
599 568 644 601 tu
664 563 843 614 pignora
863 565 960 605 vitae
983 567 1044 605 Re
1065 567 1199 619 dabis,

323 626 368 661 et
383 629 523 662 castas
537 629 655 664 casta
664 636 842 677 sequere
855 639 1017 668 manus.
1047 631 1196 672 Dixit:

324 691 370 725 et
403 685 559 737 exiguo
597 685 743 727 funem
781 691 1003 731 conamine
1039 693 1199 744 traxit3
1240 688 1245 694 ’

322 747 476 800 (Mira,
524 748 599 788 sed
631 749 674 788 in
710 762 839 791 scena
875 753 1105 795 testificata
1138 755 1198 795 lo-

323 823 430 863 quor
449 810 483 864 ς)
512 812 640 852 Mota
670 812 766 853 Dea
802 820 884 866 est,
922 817 1200 870 sequiturque

323 875 491 926 ducem,
524 875 754 933 laudatque
786 880 1029 931 sequendo:
1060 881 1200 921 Index

320 938 483 979 laetitiae
503 937 642 988 fertur
663 940 715 979 ad
736 947 853 982 astra
871 943 1025 983 sonus!
1088 944 1202 985 Item

321 1002 448 1052 paulo
463 1001 638 1043 inferius
652 1003 758 1044 dicit
776 1017 788 1044 ι
817 1005 831 1027 ⁴
848 1005 1025 1046 Claudia
1039 1019 1202 1059 praece-

322 1065 389 1104 dit
414 1066 516 1106 laeto
546 1066 826 1108 celeberrima
851 1069 989 1120 vultu,
1023 1070 1203 1110 Credita

323 1127 396 1167 vix
416 1128 590 1169 tandem
612 1135 725 1170 teste
746 1131 906 1182 pudica
940 1133 1067 1173 Dea.’
1094 1134 1200 1174 Oliv.

377 1190 508 1236 Quam
533 1193 720 1233 insontem
743 1195 918 1245 crimine,
948 1208 1022 1246 quo
1049 1208 1202 1236 accusa-

323 1254 454 1306 batur,
469 1259 602 1296 votum
619 1257 781 1308 impium
797 1258 1007 1310 subvertit]
1028 1258 1095 1298 Ita
1116 1260 1203 1298 vul·

323 1330 391 1370 go.
422 1319 653 1359 Eradenda
669 1325 774 1372 puto
793 1320 941 1372 verba,
959 1333 1032 1372 quo
1050 1333 1204 1361 accusa-

325 1381 453 1431 batur,
473 1393 567 1434 quae
588 1382 701 1422 haud
724 1382 852 1423 dubio
872 1395 927 1424 ex
946 1384 1204 1435 glossemate

325 1449 423 1483 sunt
438 1445 582 1496 aliquo
597 1445 770 1487 inserta.
828 1446 899 1486 Ob
917 1447 1077 1486 nullum
1092 1447 1204 1487 enim

324 1509 486 1548 crimen
507 1514 707 1548 accusata
726 1508 812 1549 fuit
831 1509 1027 1560 Claudia,
1058 1510 1133 1550 sed
1152 1510 1206 1550 ob

324 1571 593 1623 petulantem
612 1572 798 1624 linguam
818 1579 947 1625 atque
967 1573 1206 1625 improbum

325 1636 487 1676 dictum
508 1638 713 1689 multata,
744 1643 794 1680 ut
823 1638 867 1678 in
896 1638 1051 1679 nostris
1083 1651 1208 1679 auna-

326 1698 439 1739 libus
454 1699 597 1740 latius.
627 1700 751 1751 Pigh.

386 1762 439 1801 Ut
446 1761 582 1810 frater
599 1763 709 1814 suus]
740 1764 819 1804 Vir
833 1777 1007 1805 summae
1028 1764 1208 1817 dignita-

326 1824 385 1866 tis
412 1830 458 1866 et
494 1825 762 1878 eruditionis,
797 1827 993 1868 Laevinus
1021 1827 1208 1868 Torren-

327 1890 430 1941 tius,
448 1902 533 1930 non
552 1889 728 1930 fratrem
744 1891 873 1938 hunc,
909 1891 986 1931 sed
1005 1897 1208 1944 nepotem

327 1952 450 2005 facit,
469 1966 523 1993 ex
543 1954 683 1994 Plinio
702 1954 862 1995 lib-xv.
892 1967 989 2007 cap.
1010 1959 1049 1995 l.
1095 1954 1208 1995 Vide

331 2017 581 2057 Ciceronem
601 2017 675 2058 lib.
702 2029 734 2058 1.
755 2017 808 2058 de
828 2019 1022 2059 Divinat.
1056 2020 1182 2058 Coler.

383 2081 457 2131 §5
489 2081 551 2121 M.
583 2081 777 2132 Militius]
839 2081 912 2122 Ita
957 2084 1099 2134 vulgo.
1156 2083 1210 2122 In

330 2143 485 2184 Atreb.
504 2144 684 2197 aliisque
713 2149 820 2186 vett.
841 2145 975 2197 libris,
1006 2148 1069 2186 M.
1106 2146 1211 2185 Mul-

329 2207 431 2249 vius.
478 2207 633 2248 Recte.
666 2207 773 2247 Inde
795 2219 946 2248 nomen
964 2209 1084 2260 ponti
1098 2209 1210 2248 Mul-

329 2273 417 2323 vin,
447 2277 498 2313 ut
528 2274 641 2325 apud
670 2274 923 2314 Ciceronem
944 2275 996 2314 ad
1016 2274 1211 2315 Atticum

330 2348 469 2376 xxiu.
498 2336 625 2376 Unde
652 2342 698 2377 et
725 2337 932 2377 Muluiana
962 2339 1049 2390 pira
1082 2337 1213 2389 dicta,

333 2406 381 2440 ut
396 2400 510 2452 apud
531 2400 735 2441 Plinium.
764 2401 891 2450 Pigh.

385 2465 509 2505 Sacra
523 2465 607 2516 via]
636 2465 760 2505 Inter
780 2464 976 2504 Urbanas
991 2464 1082 2504 haec
1099 2465 1210 2504 cele—

330 2527 541 2568 berrima:
565 2528 715 2578 incipit
731 2526 783 2567 ab
809 2526 1148 2579 Amphitheatro,
1166 2534 1212 2568 et

334 2603 412 2643 per
430 2591 590 2631 viciuos
607 2592 750 2630 hortos
757 2590 887 2641 juxta
907 2592 1113 2642 templum
1129 2591 1212 2630 Pa-

334 2655 396 2693 cis
413 2660 457 2693 et
477 2653 614 2694 forum
637 2654 816 2694 Caesaris
850 2661 972 2693 recta
1009 2654 1149 2694 tendit
1169 2654 1213 2695 in

335 2715 606 2768 Capitolium.

387 2781 409 2830 ᾧ
438 2783 465 2818 6
495 2779 708 2831 Triumvir]
741 2779 866 2831 Apud
898 2780 1110 2818 Romanos
1138 2778 1212 2818 tri-

336 2843 488 2883 umviri
508 2843 706 2883 nocturni
723 2842 911 2882 instituti
925 2846 1037 2886 sunt,
1058 2841 1130 2893 qui
1146 2854 1214 2881 co-

335 2904 530 2944 ercendis
561 2903 768 2943 incendiis
787 2909 1036 2955 praeessent.
1067 2904 1214 2942 Oliver.

391 2969 412 3018 ς
443 2970 466 3006 7
495 2966 669 3006 Alsiensi
697 2967 812 3018 agro]
853 2964 1018 3004 Alsium
1054 2966 1213 3005 mariti-

337 3041 451 3070 mum
482 3030 643 3069 Tusciae
675 3029 878 3080 oppidum
899 3032 965 3068 est
985 3028 1095 3080 apud
1114 3029 1214 3068 Pto-

338 3095 551 3144 lemaeum,
570 3092 774 3144 Plinium,
788 3090 1062 3143 Strabonem,
1082 3099 1128 3132 et
1147 3092 1214 3132 Ci-

341 3167 560 3198 ceronem.

394 3223 417 3272 ξ
446 3225 471 3260 8
502 3210 706 3270 Omaswiz]
736 3217 962 3258 Ferculum
997 3229 1050 3257 ex
1084 3216 1215 3257 intes-

341 3283 442 3325 tinis
462 3283 645 3324 bubulis.

399 3346 604 3398 Omasum]
659 3345 868 3386 Gallicam
916 3345 1025 3384 hanc
1070 3357 1219 3384 vocem

343 3423 437 3451 esse
453 3410 585 3450 doceo
603 3421 656 3450 ex
678 3407 810 3449 veteri
829 3406 1059 3457 Glossario‚
1075 3408 1116 3446 in
1137 3420 1220 3460 quo

345 3475 575 3526 scriptum:
610 3475 808 3522 omasum,
838 3470 969 3511 Βόειον
997 3470 1132 3511 κόπων
1164 3478 1221 3510 λι-

346 3540 480 3591 παρὸν,
498 3540 549 3593 τῇ
570 3541 647 3580 τῶν
667 3537 827 3582 Γάλλων
843 3536 1020 3591 γλώσσῃ.
1052 3537 1221 3576 Ceteras·

906 320 1083 359 NOTAE.
1128 322 1450 366 VARIORUM
1493 328 1556 367 IN

1313 445 1472 486 Domito
1489 446 1596 497 bore]
1623 446 1691 488 Ad
1707 447 2025 500 agriculturam.

1314 507 1513 560 Innocens,
1547 509 1633 560 5⁴12]
1663 510 1816 550 Insons
1828 511 2051 562 judicatus
2069 508 2133 551 fu-

1260 566 1362 607 isset
1383 569 1436 608 ob
1456 570 1496 608 id
1512 570 1686 622 factum,
1705 572 1782 611 nisi
1806 572 1955 623 priscis
1969 579 2133 624 tempo-

1261 630 1376 670 ribus
1394 638 1520 671 natus
1540 640 1668 684 esset,
1689 634 1842 687 quibus
1861 634 2133 686 parcimoniae
2174 653 2176 655 >

1263 698 1307 732 et
1323 692 1559 744 frugalitati
1586 696 1718 736 honos
1744 696 1995 739 habebatur.
2026 696 2136 736 0150.

1318 754 1440 796 ΑΜΒ.
1459 758 1481 807 ξ
1503 760 1522 795 l
1547 756 1721 801 Quorum
1733 759 1898 798 alterum
1910 759 2068 804 ultione,
2081 760 2142 798 ul-

1264 821 1389 856 terum
1405 818 1642 859 absolutione
1659 831 1734 859 non
1751 820 2138 870 dignumjudicatum

1264 883 1341 934 est]
1367 882 1438 922 Ita
1457 883 1595 934 vulgo.
1645 884 1784 923 Multo
1804 885 1961 925 rectius
1982 886 2073 926 haee
2093 886 2138 925 in

1264 944 1490 985 Pulmann.
1510 952 1555 985 et
1570 946 1772 996 Susiano;
1793 946 1965 992 Quorum
1975 949 2139 988 alterum

1264 1008 1409 1047 ultione
1427 1008 1602 1059 dignum,
1617 1010 1796 1049 'alterum
1814 1009 2049 1050 absolutione
2063 1022 2142 1050 non

1263 1071 1427 1121 dignum
1460 1073 1681 1121 judicatum
1707 1077 1778 1112 est.
1834 1071 1909 1112 Ait
1945 1072 2056 1112 enim
2084 1085 2138 1113 ex

1264 1132 1428 1173 duobus
1447 1133 1688 1185 parricidiis
1707 1133 1957 1175 veneficium
1978 1135 2142 1174 ultione

1264 1195 1440 1247 dignum
1460 1197 1631 1249 quidem
1657 1196 1816 1247 fuisse;
1846 1197 2008 1238 caedem
2040 1210 2141 1238 vcro

1264 1271 1348 1299 non
1367 1259 1538 1311 dignam
1559 1260 1835 1304 absolutione.
1889 1263 2027 1305 Quam
2049 1275 2143 1304 sen·

1267 1322 1447 1361 tentiam
1465 1334 1518 1362 ex
1539 1323 1711 1375 vulgata
1740 1324 1928 1365 lectione
1955 1336 2040 1368 non
2058 1326 2144 1366 col·

1266 1384 1390 1436 liges,
1410 1397 1505 1425 cum
1526 1384 1642 1426 dicat
1657 1387 1836 1443 alterum
1850 1387 2142 1439 parricidium,

1267 1457 1423 1497 nempe
1444 1446 1711 1500 veneficium,
1742 1449 1905 1490 ultione
1935 1461 2018 1490 non
2050 1445 2143 1503 dig-

1269 1520 1369 1549 num
1389 1508 1535 1550 fuisse.
1567 1511 1688 1562 Pigh.

1324 1574 1345 1624 §
1375 1577 1401 1613 2
1430 1575 1595 1626 Eadem,
1636 1576 1724 1628 εμπ]
1777 1574 1948 1628 Contig.
1989 1575 2044 1617 A.
2091 1577 2145 1617 U.

1270 1647 1507 1679 nchxxV.

1325 1701 1542 1753 Areopagi]
1594 1700 1847 1754 Areopagus
1887 1702 2006 1744 vicus
2053 1709 2146 1745 erat

1273 1761 1468 1814 Athenis,
1501 1777 1525 1803 a
1544 1764 1706 1816 templo
1733 1765 1886 1806 Martis
1906 1765 1968 1806 sic
1989 1778 2144 1819 cogno-

1272 1828 1472 1879 minatus,
1506 1829 1575 1870 vel
1593 1829 1703 1882 quod
1733 1829 1794 1871 ibi
1825 1830 2014 1872 habitum
2033 1837 2147 1873 esset

1264 1891 1477 1943 judicium
1509 1892 1667 1933 Martis
1693 1893 1921 1945 parricidio
1940 1896 2145 1937 accusati.

1273 1955 1386 1995 Nam
1406 1955 1463 1994 ibi
1485 1956 1886 2009 primumjudicium
1902 1959 2056 2010 capitis
2077 1972 2147 2000 ac-

1273 2024 1362 2058 tum
1397 2017 1527 2059 fuisse
1563 2019 1676 2060 dixit
1710 2020 1892 2061 Plinius.
1945 2022 2004 2062 Et
2045 2022 2147 2062 inde

1273 2082 1548 2135 Areopagitae
1575 2083 1843 2135 dicebantur,
1876 2084 1947 2137 qui
1965 2085 2146 2126 Athenis

1274 2145 1495 2197 intemplo
1526 2146 1679 2187 Martis
1692 2146 1966 2199 judicabant.
2019 2149 2147 2190 Quod

1267 2209 1477 2260 judicium
1497 2210 1869 2262 exquisitissimum
1895 2210 2148 2252 habebatur.

1279 2273 1428 2314 Oliver.
2148 2320 2151 2322 ,

1328 2336 1664 2388 Inexplicabilem]
1694 2336 1790 2378 Hoc
1809 2331 1891 2387 est,
1910 2337 2032 2390 cujus
2058 2339 2149 2378 nul-

1272 2401 1337 2441 lus
1376 2400 1610 2441 viventium
1644 2400 1810 2440 visurus
1849 2407 1966 2441 esset
2006 2399 2149 2442 finem.

1274 2464 1415 2504 Nemo
1453 2466 1564 2505 enim
1601 2465 1817 2517 explicare
1853 2469 2000 2516 potest
2034 2465 2150 2518 quic-

1274 2538 1414 2579 quam,
1443 2526 1554 2578 quod
1573 2538 1716 2567 secum
1738 2525 1912 2567 desierit
1928 2538 2038 2568 esse.
2066 2527 2151 2566 Βα-

1274 2591 1376 2629 dius.

1331 2650 1576 2702 Incitabant]
1604 2651 1655 2691 In
1686 2651 1877 2692 omnibus
1895 2651 2153 2704 exemplari-

1276 2713 1354 2754 bus
1368 2714 1469 2765 legi,
1499 2714 1717 2759 mutabant.
1746 2714 1884 2755 Idem.

1329 2778 1438 2818 CAP.
1458 2789 1507 2816 ιι.
1530 2779 1590 2829 §1
1624 2777 1823 2829 Claudius,
1841 2777 1931 2830 &NJ
1959 2777 2153 2831 Contigit

1275 2838 1329 2880 A.
1351 2839 1403 2879 U.
1423 2850 1548 2881 nmx.

1330 2901 1450 2941 Coelio
1482 2901 1628 2953 monte]
1655 2902 1773 2942 Unus
1803 2906 1899 2943 erat
1930 2914 1955 2944 e
1988 2909 2153 2957 septem

1276 2964 1456 3005 collibus
1476 2964 1688 3005 Romanis.

1333 3028 1542 3080 Calpurnio
1594 3028 1782 3081 Lanario]
1824 3027 1955 3069 Hunc
2001 3029 2156 3081 saepius

1276 3093 1571 3133 nominaverat
1603 3092 1829 3133 Sallustius
1865 3092 1910 3132 in
1945 3091 2157 3135 Historia.

1279 3156 1393 3196 Hinc
1422 3157 1434 3178 ‘
1452 3156 1711 3209 Calpurnius
1743 3154 2050 3196 Sallustianus'
2081 3167 2155 3208 ap·

1279 3220 1465 3271 pellatur
1500 3232 1525 3259 a
1561 3220 1605 3260 S.
1644 3219 1924 3270 Hieronymo,
1972 3216 2157 3270 Apolog-

1282 3283 1484 3323 adversus
1499 3281 1642 3323 Rufin.
1664 3281 1718 3321 ab
1734 3280 1884 3321 eodem
1901 3280 2006 3321 dicti
2034 3281 2158 3322 ‘Cal-

1283 3345 1476 3396 purniani
1495 3342 1725 3395 discipuli!
1756 3343 1885 3382 Coler.

1337 3408 1543 3458 Augurum
1573 3407 1681 3458 erat]
1702 3405 1868 3459 Augur,
1884 3417 1978 3447 cum
2003 3411 2158 3459 captu-

1283 3484 1353 3511 rus
1390 3476 1481 3511 erat
1516 3470 1723 3522 auspicia,
1766 3471 1810 3509 in
1843 3482 1944 3510 saxo
1972 3469 2155 3520 Tarpeio

1285 3535 1482 3586 sedebat,
1519 3540 1578 3587 et,
1606 3540 1654 3575 ut
1688 3545 1815 3586 supra
1845 3533 2039 3586 diximus,
2056 3543 2163 3593 qua--
