2288 3990
368 306 473 358 988

371 437 753 488 Lavinium‚aliam
786 439 950 490 urbem,
983 451 1035 479 ex
1066 442 1240 481 oraculo

370 503 515 542 AEneae
535 502 719 553 reddito,
752 502 974 550 Ascanius,
994 503 1104 543 filius
1131 506 1240 555 ejus,

369 565 575 616 condidit,
595 566 897 618 translatisque
919 567 1240 607 Laviniensibus

369 635 414 669 et
434 630 525 669 aliis
543 629 717 680 Latinis,
733 629 883 681 quibus
899 631 1159 670 commodius
1169 631 1242 670 ha·

370 691 508 732 bitare
527 693 743 744 placebat,
770 692 813 731 in
845 704 996 732 recens
1027 694 1240 734 conditam

370 755 534 805 urbem,
582 753 705 794 Albae
738 755 777 794 ei
814 767 967 795 nomen
1011 756 1238 808 imposuit:

369 818 645 870 additumque
685 824 751 859 est
784 831 1020 871 cognomen
1050 833 1103 859 ex
1135 821 1241 860 situs

367 881 531 931 forma;
574 888 621 922 ut
666 882 982 924 discerneretur
1016 884 1070 924 ab
1104 886 1242 925 altera

369 946 558 997 ejusdem
573 947 792 997 ⁵nominis3
833 959 884 987 ac
905 948 1037 987 veluti
1069 961 1240 999 compo-

368 1009 451 1048 sito
473 1009 693 1059 vocabulo,
711 1010 823 1050 Alba
842 1010 965 1062 longa
986 1013 1241 1062 appellatur.

369 1071 496 1111 Nunc
514 1083 567 1111 ea
600 1073 772 1112 deserta
793 1074 940 1124 jacet3
968 1075 1124 1127 quippe
1146 1088 1241 1127 reg-

367 1140 496 1173 nante
516 1135 663 1174 Romae
682 1136 804 1175 Tullo
825 1137 1025 1188 Hostilio,
1043 1139 1240 1190 quoniam

368 1198 596 1239 videbatur
616 1211 711 1239 cum
741 1213 817 1239 sua
846 1201 1022 1240 Colonia
1053 1202 1106 1241 de
1127 1203 1240 1253 prin-

368 1261 512 1312 cipatu
540 1262 819 1315 contendere,
850 1265 940 1303 solo
973 1270 1145 1317 aequata
1176 1270 1242 1305 est

369 1336 393 1363 a
413 1325 630 1376 Romanis,
643 1326 859 1378 civeisque
873 1327 963 1378 ejus
977 1327 1075 1367 urbs
1089 1329 1240 1378 Roma,

367 1388 591 1428 destructa
610 1390 805 1440 matrice,
833 1391 949 1430 intra
980 1403 1057 1430 sua
1088 1392 1242 1431 moenia

366 1452 545 1503 recepit.
596 1453 755 1492 Verum
776 1454 868 1493 haec
888 1462 1124 1494 evenerunt
1147 1467 1241 1506 pos-

367 1519 450 1554 tea.
508 1515 622 1555 Olim
660 1529 756 1556 cum
789 1517 1092 1569 aedificaretur‚
1126 1518 1241 1570 apud

370 1583 555 1619 montem
577 1586 621 1620 et
643 1581 780 1620 lacum
815 1588 1037 1622 exstructa
1068 1589 1150 1635 est,
1179 1584 1242 1624 ita

367 1644 430 1683 uti
451 1644 635 1684 medium
655 1646 769 1686 inter
785 1652 1012 1700 utrumque
1028 1648 1242 1689 obtineret

370 1707 579 1757 spatium,
622 1719 672 1747 ac
707 1709 841 1748 veluti
884 1710 996 1750 muri
1027 1710 1241 1764 utrimque

370 1769 520 1810 urbem
559 1771 805 1824 tuebantur,
849 1785 903 1813 ne
947 1772 1076 1814 facile
1118 1787 1244 1827 cape·

366 1839 488 1873 retur
507 1847 518 1874 :
548 1846 645 1875 nam
666 1841 710 1875 et
741 1848 860 1876 mons
883 1836 1111 1877 admodum
1131 1839 1242 1880 altus

370 1908 421 1936 ac
440 1903 592 1937 natura
610 1899 798 1940 munitus
819 1906 908 1950 est3
937 1905 982 1940 et
1000 1901 1118 1942 lacus
1147 1913 1243 1953 pro-

369 1960 527 2001 fundus
549 1974 598 2002 ac
618 1975 820 2015 magnus:
862 1976 915 2004 ex
937 1976 1022 2017 quo
1051 1964 1243 2006 reductis

369 2025 582 2077 claustris,
612 2026 656 2065 in
683 2027 896 2079 subjectos
927 2040 1100 2080 campos
1133 2041 1245 2081 aqua

370 2087 659 2140 dispensatur,
680 2097 885 2143 quantum
905 2090 997 2144 ejus
1017 2092 1167 2132 volunt
1183 2093 1244 2132 in-

369 2152 506 2194 001aess
560 2153 670 2194 Haec
699 2155 944 2207 Dionysius.
990 2157 1106 2207 Ergo
1124 2156 1245 2208 liujus

371 2215 487 2256 urbis
508 2217 612 2256 situs
633 2218 724 2269 jam
750 2218 922 2259 minime
952 2219 1139 2271 ignorari
1170 2232 1245 2272 po-

371 2285 481 2329 lest3
512 2281 680 2333 quando
700 2286 743 2321 et
763 2294 881 2321 mons
895 2281 1106 2335 hodieque
1123 2288 1246 2324 extat

371 2349 416 2383 et
436 2344 536 2384 item
558 2345 700 2386 lacus:
733 2347 859 2398 vulgo
879 2347 951 2386 ille
970 2348 1110 2388 Monte
1123 2347 1246 2387 Alba·

367 2419 432 2459 πο,
449 2406 518 2448 hic
535 2408 647 2458 Lago
662 2407 856 2448 d'Albano
874 2409 995 2452 dicti.
1050 2410 1246 2450 Mediam

371 2470 432 2509 ait
458 2468 586 2510 fuisse
607 2471 754 2512 urbem
775 2472 890 2512 inter
917 2477 1103 2513 montem
1123 2478 1169 2513 et
1186 2473 1246 2513 la·

371 2543 467 2572 cum
484 2546 496 2572 ε
526 2533 653 2585 idque
672 2541 755 2574 tam
768 2540 888 2575 arcto
902 2536 1056 2588 spatio,
1070 2536 1134 2576 uti
1145 2537 1246 2578 hinc

370 2595 504 2647 lacus,
533 2596 633 2636 inde
662 2610 782 2637 mons
815 2599 911 2640 vice
936 2611 1152 2640 murorum
1181 2611 1246 2640 es-

371 2665 481 2700 sent.
536 2659 634 2701 Hoc
662 2673 765 2701 sane
795 2663 910 2702 nullo
942 2668 1070 2715 pacto
1102 2663 1157 2703 de
1175 2662 1247 2703 ho·

372 2723 522 2764 dierno
541 2725 698 2778 oppido
724 2725 909 2776 Albano,
940 2726 983 2766 in
1003 2727 1073 2767 via
1101 2725 1248 2780 Appia

371 2787 488 2828 mille
519 2799 672 2840 passus
692 2789 745 2829 ab
773 2788 919 2830 Ariola
937 2789 1106 2838 dissito,
1123 2790 1248 2830 intel·

371 2851 446 2902 ligi
465 2857 634 2904 potest3
663 2858 711 2893 ut
739 2853 852 2905 quod
883 2853 968 2894 duo
985 2854 1119 2894 millia
1151 2866 1248 2906 pas-

372 2925 494 2954 suum
514 2914 567 2954 ab
598 2917 692 2956 lacu
721 2922 766 2955 et
785 2916 892 2956 locis
922 2917 1035 2957 inter
1060 2917 1173 2958 hunc
1202 2923 1248 2958 et

373 2983 563 3017 montem
582 2978 674 3018 sitis
691 2978 827 3019 abest.
874 2979 972 3020 Fuit
988 2980 1117 3031 igitur
1134 2980 1250 3022 Alba

374 3041 500 3097 longa
519 3041 572 3081 ad
591 3043 840 3082 orientalem
856 3044 975 3083 lacus
1006 3044 1160 3096 ripam,
1185 3056 1250 3084 su·

372 3116 454 3156 pra
492 3105 750 3157 praedictum
784 3106 990 3157 oppidum
1020 3106 1248 3158 Albanum,

374 3169 417 3208 in
438 3169 489 3209 iis
508 3169 781 3222 tumuliS,qui
796 3169 923 3209 medii
939 3169 1048 3208 inter
1063 3174 1250 3210 montem

374 3238 420 3272 et
433 3233 571 3273 laeum
586 3232 879 3282 intercedunt,
898 3237 948 3272 ut
961 3233 1100 3272 clarus
1118 3233 1249 3274 etiam

377 3309 431 3336 ex
452 3295 672 3338 Ciceronis
701 3297 893 3337 oratione
912 3307 991 3349 pro
1010 3294 1154 3337 Annio
1169 3296 1252 3336 Mi-

375 3360 473 3399 lone
493 3364 631 3411 patet.
668 3359 825 3400 Cluver.

410 3423 432 3473 ξ
448 3425 473 3462 8
506 3423 631 3463 Facta
647 3421 856 3474 mentione]
869 3422 1122 3473 Exemplum
1137 3420 1252 3474 quod

379 3487 572 3539 sequitur
602 3500 696 3528 cum
731 3487 939 3540 superiori
975 3486 1253 3538 conjungitur

378 3550 457 3590 hoc
498 3550 649 3591 modo:
699 3549 1070 3605 Quandoquidem,
1101 3550 1254 3605 inquit,

944 322 1119 361 NOTAE
1166 322 1491 365 VARIORUM
1535 325 1600 364 IN

1303 441 1424 482 Albae
1446 444 1706 486 mentionem
1727 441 1918 494 fecimus,
1934 436 2054 483 recte
2067 443 2177 483 nune

1303 505 1356 545 de
1375 506 1492 547 Julio
1513 507 1681 546 Caesare
1699 507 1902 556 (neamus,
1918 505 1990 557 qui
2010 504 2064 545 ab
2080 505 2177 545 Iulo

1304 568 1427 608 Albae
1449 569 1672 608 conditore
1698 568 1779 608 fuit
1807 567 2024 619 oriundus,
2057 567 2179 618 cnjus

1303 642 1458 670 numen
1481 631 1627 671 Cassio
1657 630 1863 670 minatum
1894 635 1979 680 est,
2011 641 2106 669 cum
2135 629 2178 668 in

1302 693 1465 745 campis
1489 693 1743 745 Philippicis
1764 705 1860 734 cum
1891 692 2100 744 Augusto·
2115 691 2180 731 di·

1311 757 1504 797 micaret.
1535 757 1681 796 Oliver.

1357 821 1655 871 Paludamento]
1666 819 1774 859 Vide
1783 829 1914 870 supra
1923 830 2020 870 cap.
2030 821 2070 858 6.
2080 819 2102 870 §
2114 819 2180 858 11.

1355 884 1424 934 §9
1459 885 1555 923 Jam
1592 883 1744 934 quidem
1791 883 1936 922 Lucius
1971 879 2180 930 Lentulus]

1302 946 1535 998 Pompeius
1562 947 1603 986 in
1637 947 1730 986 acie
1762 945 2014 986 Pharsalica
2042 943 2181 984 victus

1303 1024 1326 1051 a
1349 1012 1532 1063 Caesare,
1565 1013 1607 1051 in
1630 1012 1824 1052 Ciliciam
1859 1016 1990 1064 atque
2010 1009 2110 1051 inde
2137 1009 2182 1048 in

1303 1076 1495 1126 Cyprum
1520 1075 1725 1128 profugit,
1755 1075 2017 1115 transiturus
2034 1072 2077 1112 in
2104 1072 2184 1124 Sy·

1302 1138 1407 1177 riam
1425 1152 1437 1188 ;
1467 1140 1540 1178 sed
1563 1139 1633 1179 ubi
1655 1139 1855 1190 cognovit
1870 1148 2079 1178 consensu
2092 1147 2181 1176 om·

1303 1201 1419 1239 nium
1437 1200 1790 1241 Antiochensium
1805 1200 2047 1251 civiumque
2062 1199 2185 1239 Rom.

1305 1263 1376 1316 qui
1409 1264 1496 1303 illic
1529 1264 1871 1315 negotiarentur,
1903 1273 2046 1302 arcem
2080 1266 2182 1301 ante

1303 1331 1474 1377 captam
1508 1339 1601 1366 esse
1639 1325 1900 1366 excludendi
1939 1325 2004 1365 sui
2039 1322 2184 1376 canoa,

1303 1389 1559 1440 nuntiosque
1579 1388 1774 1428 dimissos
1793 1387 1847 1427 ad
1865 1399 1956 1439 eos,
1971 1385 2045 1439 qui
2063 1390 2113 1428 se
2129 1396 2184 1426 ex

1304 1448 1409 1502 fuga
1427 1451 1470 1490 in
1506 1451 1706 1490 finitimas
1740 1451 1941 1491 civitates
1967 1450 2185 1502 recepisse

1305 1513 1568 1564 dicerentur,
1605 1526 1656 1553 ne
1686 1513 1958 1570 Antiochiam
1986 1513 2182 1554 adirent:

1304 1576 1347 1618 id
1371 1577 1405 1616 si
1425 1575 1649 1628 fecissent,
1677 1589 1831 1631 magno
1851 1589 1999 1618 eorum
2026 1576 2183 1629 capitis

1305 1642 1497 1694 periculo
1517 1640 1732 1682 futurum:
1762 1642 1963 1694 deposito
1976 1641 2183 1682 adeundae

1303 1706 1442 1759 Syriae
1472 1706 1668 1759 consilio,
1702 1706 1970 1759 pecuniaque
2001 1717 2027 1746 a
2058 1704 2185 1746 sociis

1305 1768 1491 1821 sublata,
1534 1775 1580 1809 et
1627 1781 1654 1809 a
1699 1768 1953 1822 quibusdam
2009 1767 2187 1822 privatis

1305 1837 1495 1885 sumpta,
1511 1832 1608 1872 aeris
1627 1844 1782 1885 magno
1802 1832 1992 1885 pondere
2010 1831 2064 1872 ad
2075 1831 2186 1872 mili-

1306 1900 1443 1936 tarem
1463 1908 1584 1936 usum
1601 1902 1645 1936 et
1663 1896 1707 1936 in
1724 1907 1856 1936 naves
1875 1895 2090 1947 imposito,
2108 1894 2184 1935 du-

1307 1962 1496 2016 obusque
1527 1962 1698 2004 milibus
1741 1963 1958 2003 hominum
1995 1960 2190 2012 armatis,

1307 2038 1412 2079 quos
1450 2027 1608 2078 partim
1644 2038 1698 2066 ex
1730 2026 1903 2066 familiis
1932 2025 2187 2065 societatum

1308 2090 1547 2142 delegerat,
1585 2090 1743 2143 partim
1781 2103 1806 2130 a
1842 2087 2186 2141 negotiatoribus

1309 2154 1529 2206 coegerat,
1547 2165 1738 2207 quosque
1758 2165 1812 2194 ex
1830 2153 1915 2210 suis
1931 2152 2113 2206 quisque
2131 2151 2188 2192 ad

1306 2217 1417 2258 hanc
1437 2228 1526 2258 rem
1545 2216 1721 2258 idoneos
1741 2215 2034 2267 existimabat,
2055 2214 2187 2261 Pffilu·

1308 2281 1417 2321 sium
1454 2280 1680 2333 pervenit;
1721 2279 1784 2320 ibi
1820 2291 1922 2320 casu
1957 2277 2057 2320 Rex
2092 2284 2190 2320 erat

1307 2344 1587 2394 Ptolemaeus,
1618 2354 1727 2396 puer
1756 2348 1905 2394 aetate,
1933 2341 2189 2394 magniaco-

1309 2407 1393 2459 piis
1412 2419 1508 2446 cum
1529 2418 1678 2447 sorore
1695 2406 1931 2458 Cieopatra
1941 2405 2103 2446 bellum
2116 2416 2190 2458 ge·

1309 2482 1424 2521 rens,
1442 2482 1568 2522 quam
1589 2469 1738 2522 paucis
1757 2475 1860 2509 ante
1875 2468 2094 2510 mensibus
2112 2479 2191 2522 per

1309 2545 1410 2574 suos
1431 2533 1694 2585 propinquos
1714 2537 1759 2572 et
1786 2531 1944 2571 amicos
1965 2542 2098 2584 reguo
2115 2542 2191 2571 ex-

1309 2597 1508 2651 pulerat3
1554 2603 1781 2650 castraque
1817 2597 2060 2648 cleopatrae
2104 2607 2190 2636 non

1308 2663 1438 2714 longo
1459 2661 1601 2711 spatio
1619 2660 1673 2701 ab
1693 2660 1754 2700 eis
1775 2659 1930 2700 castris
1949 2659 2194 2705 dictabaut3

1310 2725 1365 2766 ad
1379 2738 1475 2766 eum
1489 2724 1722 2777 Pompeius
1730 2724 1897 2775 legatos
1908 2721 2043 2774 misit,
2051 2727 2099 2762 ut
2111 2733 2190 2774 pro

1309 2789 1496 2843 bospitio
1510 2794 1640 2842 atque
1654 2787 1843 2829 amicitia
1859 2787 1995 2840 patris
2009 2785 2193 2828 Alexan-

1311 2853 1404 2894 dria
1424 2852 1706 2905 reciperetur,
1734 2858 1867 2904 atque
1894 2849 2008 2890 illius
2038 2849 2191 2902 opibus

1312 2917 1613 2963 acalamitate·
1633 2920 1884 2968 tegeretur3
1922 2913 1998 2954 sed
2033 2912 2106 2967 qui
2137 2913 2191 2954 ab

1311 2992 1365 3021 eo
1397 2979 1517 3020 missi
1560 2984 1702 3031 erant,
1735 2976 1933 3019 confecto
1965 2975 2191 3029 legationis

1313 3041 1468 3094 officio,
1503 3041 1679 3082 liberius
1712 3052 1808 3081 cum
1840 3037 2048 3080 militibus
2079 3037 2191 3091 regis

1308 3105 1498 3158 colloqui
1517 3109 1760 3156 coeperunt,
1779 3113 1939 3156 eosque
1951 3100 2131 3153 hortari,
2143 3106 2194 3142 ut

1314 3180 1435 3208 suum
1460 3165 1646 3207 officium
1679 3164 1891 3216 Pompeio
1918 3168 2190 3217 praestarent,

1314 3243 1421 3271 neve
1441 3230 1536 3283 ejus
1553 3228 1770 3270 fortunam
1792 3227 2083 3280 despicerent,
2138 3225 2191 3265 In

1314 3294 1394 3334 hoc
1408 3299 1534 3334 erant
1548 3303 1724 3333 numero
1741 3291 1980 3343 complures
1995 3288 2193 3340 Pompeii

1314 3342 1490 3408 milites,
1510 3367 1616 3408 quos
1636 3367 1691 3395 ex
1709 3354 1804 3406 ejus
1823 3352 2019 3392 exercitu
2037 3362 2191 3402 aecep-

1317 3427 1384 3461 tos
1417 3420 1461 3460 in
1492 3419 1612 3472 Syria
1643 3417 1856 3460 Gabinius
1889 3414 2192 3455 Alexandriam

1317 3483 1584 3534 traduxerat,
1617 3481 1815 3533 belloque
1847 3477 2049 3520 confecto
2075 3476 2190 3529 apud

1318 3547 1600 3589 Ptolemaeum
1622 3551 1788 3599 patrem
1806 3542 1927 3598 pueri
1944 3541 2190 3595 reliquerat.
