2320 4004
363 251 502 303 1144

414 385 508 434 §12
538 383 723 434 Multum,
754 381 841 432 fisca]
881 382 1051 435 Contig.
1086 382 1141 423 A.
1176 385 1231 425 U.

360 458 506 487 nccw.

414 510 538 549 Bellis
550 507 742 558 civilibus]
771 507 946 548 Scilicet
964 508 1077 548 inter
1093 510 1230 551 Caesa-

358 584 448 612 rem
468 578 512 612 et
541 571 807 623 Pompeium.

412 635 625 676 Duodecim
653 647 779 674 servos
795 634 948 686 habuit]
979 635 1230 678 Plutarchus

356 697 400 736 in
419 697 586 750 Apoph.
619 703 664 737 et
684 697 914 738 Athenaeus
934 698 1008 739 lib.
1031 711 1092 740 vl.
1114 701 1229 753 quin·

357 771 438 811 que
457 760 659 800 scribunt.
693 761 901 800 Corradus.

411 822 432 871 ᾗ
455 826 502 861 13
533 823 702 863 Exultat
731 822 900 874 animus]
927 823 1072 875 Scipio
1104 825 1230 865 AEmi-

355 886 489 925 lianus
508 887 673 937 legatus
689 885 742 926 ad
760 885 1061 938 Aristonicum,
1076 893 1121 928 ut
1137 901 1231 929 con-

346 947 512 999 jicitur,
547 948 619 1000 qui
652 948 730 988 sub
764 954 935 1000 captam
973 962 998 988 a
1031 949 1230 1001 Scipione

356 1011 645 1062 Numantiam,
694 1021 744 1050 eo
791 1012 904 1063 quod
940 1018 1056 1052 esset
1091 1013 1231 1054 Attali

357 1075 469 1125 regis
507 1086 652 1126 nepos,
689 1075 891 1114 Eumenis
934 1074 1044 1115 filius
1082 1075 1229 1117 Asiam

353 1138 596 1189 occupavit,
629 1143 827 1190 tanquam
857 1138 1018 1178 avitum
1052 1150 1227 1190 regnum

354 1192 435 1240 sibi
457 1201 556 1252 jure
585 1199 855 1239 baereditario
894 1199 1099 1248 debitum,
1133 1213 1227 1240 cum

354 1268 609 1303 testamento
626 1262 736 1312 regis
756 1261 892 1301 Attali
909 1262 1054 1311 populi
1074 1261 1229 1301 Roma-

353 1326 395 1363 ni
432 1325 646 1376 provincia
677 1325 819 1374 legata
834 1324 969 1363 libera
989 1335 1081 1363 esse
1102 1325 1228 1364 debe-

353 1393 432 1427 ret.
490 1388 618 1428 Hunc
640 1387 863 1427 Frontinus
896 1388 971 1438 ait,
999 1388 1041 1427 in
1073 1389 1228 1430 itinere

353 1462 447 1489 cum
494 1450 639 1490 amicis
696 1449 997 1500 ambulantem,
1051 1457 1227 1504 accepto

352 1525 478 1564 pane,
499 1514 612 1553 vesci
634 1513 818 1553 solitum.
875 1513 995 1552 Idem
1026 1514 1078 1554 de
1099 1515 1226 1554 Alex-

353 1576 484 1615 andro
510 1588 610 1627 rege
641 1575 911 1616 Macedoniae
939 1576 1109 1617 dicitur.
1141 1579 1226 1618 Oti·

351 1651 430 1679 ver.
495 1639 688 1690 Contigit
708 1639 757 1678 A.
779 1640 833 1680 U.
856 1650 1055 1679 Dcxxnr.

405 1701 633 1752 Manubias]
674 1700 832 1742 Differt
863 1703 977 1742 inter
1009 1704 1146 1753 spolia
1183 1710 1227 1745 et

351 1764 588 1815 manubias,
623 1771 672 1803 ut
701 1765 792 1803 vult
821 1763 875 1805 A.
904 1765 1086 1816 Gellius,
1113 1768 1225 1819 quod

352 1828 542 1881 ‘spolia'
588 1833 687 1868 sunt
722 1840 904 1880 corpora
935 1841 1092 1880 rerum,
1130 1844 1223 1883 quae

352 1893 580 1943 capiuntur
598 1904 651 1931 ex
675 1892 810 1944 hoste,
839 1893 1097 1933 ‘manubiae'
1126 1906 1224 1934 vero

352 1956 532 2005 pecunia
565 1967 618 1994 ex
654 1954 896 1994 venditione
926 1955 1080 2005 praedae
1102 1967 1223 1996 recu-

352 2022 518 2067 perata.

403 2080 496 2130 §14
530 2079 781 2120 Continentia
809 2090 896 2118 vero
928 2080 1044 2119 etiam
1075 2081 1118 2120 in
1143 2081 1226 2120 uni-

349 2139 487 2190 versae]
536 2141 607 2179 De
655 2140 819 2190 origine
853 2140 1076 2183 Tarentini
1124 2143 1228 2184 belli

349 2203 465 2242 nulla
502 2206 567 2242 est
597 2203 710 2242 inter
750 2209 945 2244 auctores
993 2205 1223 2247 dissensio:

349 2275 445 2302 nam
477 2276 624 2304 omnes
653 2264 813 2304 bellum
850 2274 1093 2319 susceptum
1132 2281 1226 2310 esse

349 2325 496 2365 dicunt
517 2326 571 2366 ob
592 2326 807 2379 direptam
829 2328 1009 2370 classem
1029 2331 1226 2372 violatos-

348 2400 430 2438 que
451 2389 643 2440 legatos;
673 2388 726 2430 de
759 2397 915 2431 eventu
946 2405 1047 2434 vero
1067 2380 1227 2435 dissen-

349 2451 461 2490 tiunt
499 2452 612 2491 inter
652 2464 696 2492 se
733 2453 925 2496 Justinus
963 2460 1008 2495 et
1046 2457 1226 2504 Florus;

350 2525 447 2554 nam
471 2514 678 2554 Romanos
710 2515 773 2555 bis
800 2516 949 2567 praelio
970 2517 1103 2558 victos
1128 2519 1226 2560 Jus-

349 2576 462 2617 tinus
484 2576 683 2628 affirmat,
703 2583 748 2617 et
776 2579 828 2618 ob
857 2591 949 2619 eam
980 2593 1068 2620 rem
1102 2581 1228 2622 missa

351 2651 376 2678 a
389 2639 807 2692 Carthaginiensibus
823 2642 982 2682 auxilia
997 2642 1126 2683 fuisse
1142 2644 1227 2684 Ro-

350 2702 499 2753 manis,
530 2715 625 2754 quae
663 2708 835 2743 senatus
873 2716 968 2744 eum
997 2707 1227 2757 gratiarum

351 2765 522 2805 actione
542 2765 768 2815 recusavit,
789 2766 1227 2818 Carthaginiensibus-

351 2839 434 2880 que
455 2827 627 2868 remisit.
669 2827 839 2868 Deinde
859 2828 1101 2870 Fabricium
1121 2831 1227 2872 Lus-

350 2891 488 2931 cinum
514 2892 685 2931 missum
714 2903 738 2930 a
756 2892 917 2931 Senatu
937 2892 1136 2945 legatum,
1156 2896 1228 2947 qui

351 2966 446 2995 cum
467 2956 632 3008 Pyrrho
649 2967 750 3006 rege
763 2967 912 3007 pacem
927 2963 1224 3009 componeret;

351 3019 405 3060 ad
419 3031 543 3072 quam
562 3019 909 3069 confirmandam,
922 3031 1017 3060 cum
1036 3021 1226 3072 Pyrrhus

350 3082 538 3133 Cyneam
568 3083 756 3132 legatum
777 3082 900 3122 Rom.
929 3094 1026 3122 cum
1046 3082 1227 3134 ingenti-

350 3144 430 3186 bus
457 3145 577 3185 donis
608 3145 806 3195 misisset,
839 3144 992 3197 quibus
1022 3145 1225 3187 Senatum

351 3211 656 3259 corrumperet,
675 3213 724 3248 ut
742 3206 892 3260 quibus
908 3207 1110 3259 cupiebat
1129 3221 1227 3249 con-

350 3270 597 3323 ditionibus,
618 3281 768 3322 pacem
799 3270 1065 3321 impetraret,
1094 3273 1224 3311 nemi-

353 3344 448 3372 nem
469 3333 645 3383 invenit‚
663 3333 783 3385 cujus
809 3333 953 3373 domus
982 3335 1224 3375 muneribus

353 3400 537 3445 pateret.
584 3395 700 3434 Mira
727 3394 923 3447 profecto
954 3400 1074 3435 tanta
1093 3397 1224 3436 Sena-

353 3462 419 3497 tus
449 3456 718 3498 continentia.
780 3456 937 3498 Lucius
955 3469 1056 3498 vero
1075 3458 1224 3500 Florus

941 265 1116 304 NOTAE
1158 265 1436 306 VARIORU
1447 268 1486 305 M
1531 269 1595 307 IN

1294 397 1378 425 non
1398 386 1559 426 duobus
1587 387 1761 439 proeliis,
1789 389 1862 428 sed
1884 401 1964 429 uno
1983 389 2166 431 duntax-

1296 453 1356 499 at,
1376 454 1419 488 et
1438 461 1520 488 non
1540 440 1721 490 hostium
1741 451 1917 502 virtute,
1941 453 2016 492 sed
2037 465 2166 493 nova-

1295 522 1386 550 rum
1405 511 1635 552 belluarum
1657 520 1819 553 terrore
1834 514 1938 554 dicit
1954 515 2165 555 Romanos

1294 571 1424 612 fuisse
1438 580 1676 624 superatos.
1734 576 1848 617 Quin
1861 576 1989 616 etiam
2010 589 2167 629 pugna,

1296 639 1341 673 nt
1358 635 1511 686 inquit,
1533 642 1617 675 tam
1637 643 1756 676 atrox
1775 636 1871 687 fuit,
1901 643 1946 677 ut
1965 639 2167 679 Ferenta-
2196 635 2199 637 ’

1293 707 1358 735 nae
1372 701 1522 735 turmae
1537 696 2012 747 praefectusinvectusin
2022 711 2167 751 regem
2188 709 2191 713 ’

1294 757 1548 809 turbaverit,
1577 758 1852 812 coegeritque
1881 761 2086 812 projectis
2106 762 2168 801 in-

1293 821 1483 873 signibus
1511 823 1658 874 praelio
1676 824 1903 864 excedere.
1949 825 2001 864 In
2021 824 2168 877 Appu-

1292 884 1351 921 lia
1386 883 1538 923 deinde
1568 885 1718 924 melius
1745 885 2010 936 dimicatum,
2040 886 2168 926 Curio
2240 930 2246 934 Α

1292 946 1567 999 Fabritioqne
1596 947 1864 987 consulibus:
1887 948 1976 999 jam
2007 947 2168 999 quippe

1292 1012 1431 1048 terror
1467 1008 1704 1050 belluarum
1741 1011 2007 1061 exoleverat,
2039 1015 2084 1050 et
2115 1011 2167 1052 C.

1290 1069 1504 1110 Minucius
1543 1078 1703 1122 quartae
1741 1072 1920 1123 legionis
1962 1073 2170 1124 hastatus,

1292 1132 1413 1172 unius
1429 1133 1684 1185 proboscide
1701 1134 1905 1186 abscissa,
1917 1135 2023 1175 mori
2041 1146 2166 1186 posse

1290 1195 1453 1234 belluas
1473 1197 1732 1237 ostenderat.
1787 1197 1950 1237 Rursus
1969 1197 2012 1236 in
2030 1198 2164 1238 Luca-

1290 1258 1360 1296 nia
1379 1257 1526 1297 eodem
1545 1259 1687 1298 Marte
1702 1265 1916 1310 praesente
1932 1264 2165 1311 pugnatum

1291 1325 1371 1360 est.
1428 1320 1523 1360 Nec
1563 1332 1662 1360 vero
1698 1321 1832 1361 solum
1860 1321 2004 1371 armis,
2039 1326 2086 1362 et
2122 1321 2166 1362 ln

1291 1382 1466 1434 campis,
1485 1383 1561 1422 sed
1587 1383 1769 1422 consiliis
1789 1395 1957 1435 quoque
1976 1387 2021 1422 et
2038 1382 2168 1433 domi,

1291 1450 1336 1484 et
1355 1445 1467 1484 intra
1485 1445 1631 1485 urbem
1659 1458 1753 1485 cnm
1786 1457 1885 1497 rege
1915 1446 2083 1497 Pyrrho
2103 1444 2168 1487 di·

1291 1507 1490 1546 micatum
1529 1513 1609 1558 est,
1644 1508 1805 1560 quippe
1842 1514 1942 1560 post
1989 1509 2167 1561 primam

1292 1569 1512 1609 victoriam
1533 1583 1608 1609 rex
1632 1571 1826 1622 callidus,
1844 1571 2066 1611 intellecta
2085 1571 2167 1611 vir-

1289 1638 1385 1673 tute
1423 1634 1625 1682 Romana,
1658 1634 1804 1675 statim
1836 1634 2083 1686 desperavit
2101 1647 2167 1674 ar-

1288 1695 1384 1744 mis,
1408 1707 1538 1748 seque
1567 1696 1620 1735 ad
1649 1696 1767 1737 dolos
1798 1698 2039 1737 convertit:
2067 1705 2165 1737 nam

1287 1758 1566 1810 interemptos
1585 1760 1806 1810 cremavit,
1821 1760 2012 1811 captivos
2030 1759 2167 1800 indul-

1289 1828 1439 1873 genter
1453 1822 1619 1873 habuit‚
1634 1828 1679 1863 et
1696 1824 1784 1863 sine
1803 1824 1942 1875 pretio
1956 1824 2165 1873 restituit;

1287 1885 1453 1935 legatos
1472 1885 1628 1925 deinde
1660 1898 1755 1926 cum
1784 1885 2028 1933 muneribus
2055 1885 2169 1926 misit

1294 1948 1333 1986 in
1372 1949 1534 1999 urbem,
1568 1956 1631 2002 ut,
1664 1958 1866 2003 corrupto
1909 1951 2086 2000 Senatu,
2124 1950 2167 1990 in

1289 2011 1516 2051 amicitiam
1549 2013 1846 2074 reciperetur,
1880 2013 1953 2052 sed
1981 2013 2094 2053 bello
2123 2018 2166 2052 et

1291 2085 1412 2124 pace,
1429 2073 1534 2114 foris
1554 2080 1599 2115 et
1618 2075 1730 2115 domi
1751 2087 1918 2116 omnem
1938 2076 1980 2115 in
2002 2079 2164 2127 partem

1291 2137 1481 2176 Romana
1510 2138 1643 2178 virtus
1674 2144 1764 2178 tum
1784 2151 1829 2178 se
1858 2137 2067 2190 probavit,
2086 2149 2167 2178 nec

1265 2227 1267 2229 -
1291 2200 1376 2239 alia
1404 2200 1539 2252 ,magis
1572 2213 1696 2252 quam
1724 2200 1958 2241 Tarentina
1988 2200 2169 2240 victoria

1291 2263 1478 2302 ostendit
1499 2264 1647 2314 populi
1660 2262 1839 2316 Romani
1854 2262 2169 2313 fortitudinem,

1291 2326 1469 2365 Senatus
1488 2326 1756 2378 sapientiam,
1773 2327 1927 2367 ducum
1955 2326 2170 2377 magnani-

1290 2389 1502 2440 mitatem,
1531 2389 1717 2429 omnium
1747 2389 1931 2442 denique
1950 2389 2169 2430 continen-

1291 2456 1406 2495 tiam.
1455 2456 1618 2496 Eodem
1639 2454 1764 2494 modo
1778 2455 2002 2506 Plutarch.
2019 2454 2062 2493 in
2081 2454 2169 2495 vita

1290 2519 1446 2570 Pyrrhi
1479 2520 1582 2559 duas
1611 2517 1738 2559 affert
1769 2519 2005 2570 opiniones,
2022 2523 2070 2563 et
2096 2530 2168 2559 eo-

1291 2592 1382 2620 rum
1418 2581 1489 2633 qul
1518 2582 1730 2621 Romanos
1758 2580 1824 2619 bis
1856 2579 2010 2631 victos,
2029 2585 2073 2620 et
2098 2592 2170 2619 eo-

1290 2655 1380 2683 rum
1394 2644 1467 2695 qui
1487 2644 1619 2683 semel
1635 2642 1928 2683 tantummodo
1946 2647 2168 2694 superatos

1291 2703 1422 2745 fuisse
1447 2705 1610 2745 dicunt.
1649 2706 1798 2745 Oliver.

1342 2767 1450 2819 Apta
1485 2769 1572 2807 usui
1603 2767 1780 2819 mune-ra]
1809 2768 1949 2808 Varro
1983 2768 2037 2808 de
2067 2768 2168 2809 Vita

1290 2831 1447 2882 Populi
1483 2831 1661 2870 Romani
1694 2831 1766 2871 lib.
1795 2841 1849 2870 11.
1886 2830 2009 2872 ‘Qua
2037 2830 2168 2871 absti-

1288 2893 1434 2933 nentia
1450 2893 1530 2933 viri
1543 2892 1827 2946 mulieresque
1843 2893 1965 2933 Rom.
1992 2891 2172 2947 fuerint,

1290 2959 1401 3011 quod
1431 2971 1457 2998 a
1491 2960 1608 3010 Rege
1627 2970 1803 2998 munera
1822 2969 1967 2999 eorum
1986 2957 2170 2998 voluerit

1289 3033 1413 3061 nemo
1442 3021 1665 3073 accipere!
1718 3021 1931 3073 Intelligit
1951 3019 2167 3072 Pyrrhum

1291 3096 1451 3136 regem.
1492 3085 1621 3125 Coler.

1344 3147 1639 3198 Tarentinaeque
1687 3143 1936 3196 petulantioe]
1984 3143 2091 3184 Cato
2126 3143 2171 3183 in

1290 3208 1509 3260 Oratione,
1522 3220 1644 3261 quam
1660 3207 1811 3247 habuit
1825 3219 1900 3259 pro
1914 3206 2169 3247 ornamentis

1286 3271 1538 3310 mulierum:
1574 3270 1724 3309 ‘Bello
1756 3268 2057 3320 Macedonico,
2086 3269 2168 3310 Pa-

1289 3339 1396 3373 trum
1412 3339 1651 3372 nostrorum
1663 3331 1881 3382 memoria,
1894 3343 1971 3383 per
1982 3332 2170 3383 legatum

1290 3396 1477 3447 cyneam
1499 3395 1688 3446 Pyrrhus
1709 3407 1793 3434 non
1825 3395 2007 3434 virorum
2026 3393 2170 3442 modo,

1287 3457 1359 3498 sed
1403 3457 1533 3498 etiam
1584 3456 1803 3498 mulierum
1848 3457 2007 3498 animos
2051 3455 2170 3497 donis
