<?xml version="1.0" encoding="UTF-8"?>
<!DOCTYPE html PUBLIC "-//W3C//DTD XHTML 1.0 Transitional//EN"
    "http://www.w3.org/TR/xhtml1/DTD/xhtml1-transitional.dtd">
<html xmlns="http://www.w3.org/1999/xhtml" xml:lang="en" lang="en">
 <head>
  <title>
</title>
<meta http-equiv="Content-Type" content="text/html;charset=utf-8" />
  <meta name='ocr-system' content='tesseract 3.04.00' />
  <meta name='ocr-capabilities' content='ocr_page ocr_carea ocr_par ocr_line ocrx_word'/>
</head>
<body>
  <div class='ocr_page' id='page_1' title='image "./factorumdictorum03valeuoft_0269.png"; bbox 0 0 2320 4004; ppageno 0'>
   <div class='ocr_carea' id='block_1_1' title="bbox 587 303 1642 356">
    <p class='ocr_par' dir='ltr' id='par_1_1' title="bbox 587 303 1642 356">
     <span class='ocr_line' id='line_1_1' title="bbox 587 303 1642 356; baseline 0.008 -8"><span class='ocrx_word' id='word_1_1' title='bbox 587 311 847 350; x_wconf 68' lang='lat' dir='ltr'><strong>VALERu</strong></span> <span class='ocrx_word' id='word_1_2' title='bbox 893 310 1137 350; x_wconf 77' lang='lat' dir='ltr'>MAXtMl</span> <span class='ocrx_word' id='word_1_3' title='bbox 1184 313 1302 352; x_wconf 65' lang='lat' dir='ltr'>Lus.</span> <span class='ocrx_word' id='word_1_4' title='bbox 1334 316 1387 352; x_wconf 93' lang='lat' dir='ltr'>v.</span> <span class='ocrx_word' id='word_1_5' title='bbox 1429 316 1562 356; x_wconf 78' lang='lat' dir='ltr'><strong>cAP.</strong></span> <span class='ocrx_word' id='word_1_6' title='bbox 1592 303 1642 355; x_wconf 89' lang='grc'>1.</span> 
     </span>
    </p>
   </div>
   <div class='ocr_carea' id='block_1_2' title="bbox 179 428 1078 1444">
    <p class='ocr_par' dir='ltr' id='par_1_2' title="bbox 179 428 1078 1444">
     <span class='ocr_line' id='line_1_2' title="bbox 194 428 1078 484; baseline -0.005 -12"><span class='ocrx_word' id='word_1_7' title='bbox 194 431 319 483; x_wconf 68' lang='lat' dir='ltr'>serit,</span> <span class='ocrx_word' id='word_1_8' title='bbox 335 430 426 484; x_wconf 86' lang='lat' dir='ltr'>ipse</span> <span class='ocrx_word' id='word_1_9' title='bbox 443 441 610 484; x_wconf 83' lang='lat' dir='ltr'>quoque</span> <span class='ocrx_word' id='word_1_10' title='bbox 628 441 726 470; x_wconf 88' lang='lat' dir='ltr'>cum</span> <span class='ocrx_word' id='word_1_11' title='bbox 741 428 934 482; x_wconf 86' lang='lat' dir='ltr'>equitatu</span> <span class='ocrx_word' id='word_1_12' title='bbox 952 434 1078 469; x_wconf 84' lang='lat' dir='ltr'>extra</span> 
     </span>
     <span class='ocr_line' id='line_1_3' title="bbox 196 493 1076 547; baseline -0.002 -11"><span class='ocrx_word' id='word_1_13' title='bbox 196 501 343 547; x_wconf 79' lang='lat' dir='ltr'>portas</span> <span class='ocrx_word' id='word_1_14' title='bbox 361 494 615 546; x_wconf 90' lang='lat' dir='ltr'>occurrerit,</span> <span class='ocrx_word' id='word_1_15' title='bbox 641 498 771 547; x_wconf 89' lang='lat' dir='ltr'>atque</span> <span class='ocrx_word' id='word_1_16' title='bbox 791 493 900 544; x_wconf 90' lang='lat' dir='ltr'>illos,</span> <span class='ocrx_word' id='word_1_17' title='bbox 921 505 1004 533; x_wconf 89' lang='lat' dir='ltr'>non</span> <span class='ocrx_word' id='word_1_18' title='bbox 1027 499 1076 534; x_wconf 90' lang='lat' dir='ltr'>ut</span> 
     </span>
     <span class='ocr_line' id='line_1_4' title="bbox 194 556 1076 606; baseline -0.002 -8"><span class='ocrx_word' id='word_1_19' title='bbox 194 559 336 598; x_wconf 82' lang='lat' dir='ltr'>victor</span> <span class='ocrx_word' id='word_1_20' title='bbox 359 557 555 598; x_wconf 76' lang='lat' dir='ltr'>secundis</span> <span class='ocrx_word' id='word_1_21' title='bbox 590 556 716 598; x_wconf 89' lang='lat' dir='ltr'>rebus</span> <span class='ocrx_word' id='word_1_22' title='bbox 750 558 902 606; x_wconf 88' lang='lat' dir='ltr'>elatus,</span> <span class='ocrx_word' id='word_1_23' title='bbox 921 556 996 597; x_wconf 90' lang='lat' dir='ltr'>sed</span> <span class='ocrx_word' id='word_1_24' title='bbox 1029 562 1076 596; x_wconf 91' lang='lat' dir='ltr'>ut</span> 
     </span>
     <span class='ocr_line' id='line_1_5' title="bbox 188 620 1076 673; baseline -0.001 -12"><span class='ocrx_word' id='word_1_25' title='bbox 188 621 350 662; x_wconf 82' lang='lat' dir='ltr'>amicus</span> <span class='ocrx_word' id='word_1_26' title='bbox 368 620 672 673; x_wconf 81' lang='lat' dir='ltr'>benignissime</span> <span class='ocrx_word' id='word_1_27' title='bbox 699 621 957 672; x_wconf 79' lang='lat' dir='ltr'>susceperit,</span> <span class='ocrx_word' id='word_1_28' title='bbox 975 632 1076 672; x_wconf 87' lang='lat' dir='ltr'>cap·</span> 
     </span>
     <span class='ocr_line' id='line_1_6' title="bbox 191 683 1075 735; baseline -0.001 -12"><span class='ocrx_word' id='word_1_29' title='bbox 191 683 304 723; x_wconf 86' lang='lat' dir='ltr'>tivos</span> <span class='ocrx_word' id='word_1_30' title='bbox 320 683 411 724; x_wconf 86' lang='lat' dir='ltr'>sine</span> <span class='ocrx_word' id='word_1_31' title='bbox 432 684 576 735; x_wconf 89' lang='lat' dir='ltr'>pretio</span> <span class='ocrx_word' id='word_1_32' title='bbox 596 684 825 734; x_wconf 78' lang='lat' dir='ltr'>remiserit,</span> <span class='ocrx_word' id='word_1_33' title='bbox 842 683 1006 735; x_wconf 86' lang='lat' dir='ltr'>dicens,</span> <span class='ocrx_word' id='word_1_34' title='bbox 1029 689 1075 723; x_wconf 90' lang='lat' dir='ltr'>ut</span> 
     </span>
     <span class='ocr_line' id='line_1_7' title="bbox 187 749 1074 802; baseline -0.002 -12"><span class='ocrx_word' id='word_1_35' title='bbox 187 754 260 790; x_wconf 79' lang='lat' dir='ltr'>est</span> <span class='ocrx_word' id='word_1_36' title='bbox 276 749 390 802; x_wconf 87' lang='lat' dir='ltr'>apud</span> <span class='ocrx_word' id='word_1_37' title='bbox 410 750 623 790; x_wconf 87' lang='lat' dir='ltr'>Ennium:</span> <span class='ocrx_word' id='word_1_38' title='bbox 655 752 667 773; x_wconf 89' lang='lat'>‘</span> <span class='ocrx_word' id='word_1_39' title='bbox 693 750 789 790; x_wconf 91' lang='lat' dir='ltr'>Non</span> <span class='ocrx_word' id='word_1_40' title='bbox 813 762 959 789; x_wconf 89' lang='lat' dir='ltr'>aurum</span> <span class='ocrx_word' id='word_1_41' title='bbox 981 761 1074 800; x_wconf 87' lang='lat' dir='ltr'>pos-</span> 
     </span>
     <span class='ocr_line' id='line_1_8' title="bbox 188 813 1073 867; baseline -0.003 -12"><span class='ocrx_word' id='word_1_42' title='bbox 188 827 255 865; x_wconf 85' lang='lat' dir='ltr'>co,</span> <span class='ocrx_word' id='word_1_43' title='bbox 285 826 366 855; x_wconf 86' lang='lat' dir='ltr'>nec</span> <span class='ocrx_word' id='word_1_44' title='bbox 394 815 452 854; x_wconf 84' lang='lat' dir='ltr'>mi</span> <span class='ocrx_word' id='word_1_45' title='bbox 483 814 670 867; x_wconf 87' lang='lat' dir='ltr'>pretium</span> <span class='ocrx_word' id='word_1_46' title='bbox 703 813 937 854; x_wconf 86' lang='lat' dir='ltr'>dederitis:</span> <span class='ocrx_word' id='word_1_47' title='bbox 978 813 1073 853; x_wconf 87' lang='lat' dir='ltr'>Nec</span> 
     </span>
     <span class='ocr_line' id='line_1_9' title="bbox 188 877 1071 931; baseline -0.001 -13"><span class='ocrx_word' id='word_1_48' title='bbox 188 883 483 931; x_wconf 79' lang='lat' dir='ltr'>cauponantes</span> <span class='ocrx_word' id='word_1_49' title='bbox 504 878 680 930; x_wconf 89' lang='lat' dir='ltr'>bellum,</span> <span class='ocrx_word' id='word_1_50' title='bbox 710 877 787 918; x_wconf 90' lang='lat' dir='ltr'>sed</span> <span class='ocrx_word' id='word_1_51' title='bbox 816 877 1071 930; x_wconf 84' lang='lat' dir='ltr'>belligeran-</span> 
     </span>
     <span class='ocr_line' id='line_1_10' title="bbox 190 941 1069 993; baseline -0.001 -12"><span class='ocrx_word' id='word_1_52' title='bbox 190 947 274 993; x_wconf 84' lang='lat' dir='ltr'>tes,</span> <span class='ocrx_word' id='word_1_53' title='bbox 312 943 459 993; x_wconf 87' lang='lat' dir='ltr'>Ferro,</span> <span class='ocrx_word' id='word_1_54' title='bbox 491 955 576 983; x_wconf 90' lang='lat' dir='ltr'>non</span> <span class='ocrx_word' id='word_1_55' title='bbox 604 954 722 992; x_wconf 83' lang='lat' dir='ltr'>auro,</span> <span class='ocrx_word' id='word_1_56' title='bbox 753 941 883 981; x_wconf 84' lang='lat' dir='ltr'>vitam</span> <span class='ocrx_word' id='word_1_57' title='bbox 920 953 1069 981; x_wconf 86' lang='lat' dir='ltr'>cerna-</span> 
     </span>
     <span class='ocr_line' id='line_1_11' title="bbox 187 1005 1069 1059; baseline 0 -15"><span class='ocrx_word' id='word_1_58' title='bbox 187 1017 280 1045; x_wconf 85' lang='lat' dir='ltr'>mua</span> <span class='ocrx_word' id='word_1_59' title='bbox 296 1007 497 1059; x_wconf 79' lang='lat' dir='ltr'>utrique3</span> <span class='ocrx_word' id='word_1_60' title='bbox 526 1007 668 1046; x_wconf 83' lang='lat' dir='ltr'>Vosne</span> <span class='ocrx_word' id='word_1_61' title='bbox 687 1005 792 1045; x_wconf 85' lang='lat' dir='ltr'>velit</span> <span class='ocrx_word' id='word_1_62' title='bbox 813 1017 864 1044; x_wconf 85' lang='lat' dir='ltr'>an</span> <span class='ocrx_word' id='word_1_63' title='bbox 884 1017 952 1045; x_wconf 87' lang='lat' dir='ltr'>me</span> <span class='ocrx_word' id='word_1_64' title='bbox 973 1017 1069 1057; x_wconf 88' lang='lat' dir='ltr'>reg·</span> 
     </span>
     <span class='ocr_line' id='line_1_12' title="bbox 185 1069 1068 1124; baseline 0 -16"><span class='ocrx_word' id='word_1_65' title='bbox 185 1080 290 1110; x_wconf 86' lang='lat' dir='ltr'>nare</span> <span class='ocrx_word' id='word_1_66' title='bbox 308 1070 428 1120; x_wconf 82' lang='lat' dir='ltr'>hera,</span> <span class='ocrx_word' id='word_1_67' title='bbox 447 1070 604 1124; x_wconf 85' lang='lat' dir='ltr'>quidve</span> <span class='ocrx_word' id='word_1_68' title='bbox 637 1069 750 1110; x_wconf 83' lang='lat' dir='ltr'>ferat</span> <span class='ocrx_word' id='word_1_69' title='bbox 776 1069 866 1110; x_wconf 88' lang='lat' dir='ltr'>fors</span> <span class='ocrx_word' id='word_1_70' title='bbox 890 1071 1068 1110; x_wconf 81' lang='lat' dir='ltr'>Virtute</span> 
     </span>
     <span class='ocr_line' id='line_1_13' title="bbox 184 1132 1066 1184; baseline 0.003 -14"><span class='ocrx_word' id='word_1_71' title='bbox 184 1132 471 1184; x_wconf 79' lang='lat' dir='ltr'>experiamur,</span> <span class='ocrx_word' id='word_1_72' title='bbox 489 1139 534 1173; x_wconf 91' lang='lat' dir='ltr'>et</span> <span class='ocrx_word' id='word_1_73' title='bbox 555 1132 635 1174; x_wconf 86' lang='lat' dir='ltr'>hoe</span> <span class='ocrx_word' id='word_1_74' title='bbox 654 1133 781 1173; x_wconf 88' lang='lat' dir='ltr'>simul</span> <span class='ocrx_word' id='word_1_75' title='bbox 799 1133 948 1184; x_wconf 81' lang='lat' dir='ltr'>accipe</span> <span class='ocrx_word' id='word_1_76' title='bbox 977 1133 1066 1173; x_wconf 92' lang='lat' dir='ltr'>dic-</span> 
     </span>
     <span class='ocr_line' id='line_1_14' title="bbox 182 1196 1066 1238; baseline 0.003 -4"><span class='ocrx_word' id='word_1_77' title='bbox 182 1199 299 1234; x_wconf 87' lang='lat' dir='ltr'>tum:</span> <span class='ocrx_word' id='word_1_78' title='bbox 339 1196 531 1238; x_wconf 81' lang='lat' dir='ltr'>Quorum</span> <span class='ocrx_word' id='word_1_79' title='bbox 569 1197 722 1237; x_wconf 87' lang='lat' dir='ltr'>virtuti</span> <span class='ocrx_word' id='word_1_80' title='bbox 762 1197 862 1237; x_wconf 90' lang='lat' dir='ltr'>belli</span> <span class='ocrx_word' id='word_1_81' title='bbox 890 1197 1066 1237; x_wconf 83' lang='lat' dir='ltr'>fortuna</span> 
     </span>
     <span class='ocr_line' id='line_1_15' title="bbox 182 1260 1064 1311; baseline 0.005 -14"><span class='ocrx_word' id='word_1_82' title='bbox 182 1260 394 1311; x_wconf 83' lang='lat' dir='ltr'>pepercit,</span> <span class='ocrx_word' id='word_1_83' title='bbox 442 1261 696 1302; x_wconf 77' lang='lat' dir='ltr'>Hor-undem</span> <span class='ocrx_word' id='word_1_84' title='bbox 743 1274 811 1301; x_wconf 89' lang='lat' dir='ltr'>me</span> <span class='ocrx_word' id='word_1_85' title='bbox 868 1261 1064 1301; x_wconf 83' lang='lat' dir='ltr'>libertati</span> 
     </span>
     <span class='ocr_line' id='line_1_16' title="bbox 179 1329 1063 1380; baseline 0.003 -15"><span class='ocrx_word' id='word_1_86' title='bbox 179 1337 363 1376; x_wconf 77' lang='lat' dir='ltr'>parcere</span> <span class='ocrx_word' id='word_1_87' title='bbox 393 1333 556 1368; x_wconf 89' lang='lat' dir='ltr'>certum</span> <span class='ocrx_word' id='word_1_88' title='bbox 589 1333 685 1368; x_wconf 88' lang='lat' dir='ltr'>est:</span> <span class='ocrx_word' id='word_1_89' title='bbox 725 1329 870 1373; x_wconf 88' lang='lat' dir='ltr'>Dono,</span> <span class='ocrx_word' id='word_1_90' title='bbox 899 1329 1063 1380; x_wconf 82' lang='lat' dir='ltr'>ducite,</span> 
     </span>
     <span class='ocr_line' id='line_1_17' title="bbox 181 1388 1065 1444; baseline 0.003 -16"><span class='ocrx_word' id='word_1_91' title='bbox 181 1388 322 1441; x_wconf 88' lang='lat' dir='ltr'>doque</span> <span class='ocrx_word' id='word_1_92' title='bbox 351 1390 595 1431; x_wconf 84' lang='lat' dir='ltr'>volentibus</span> <span class='ocrx_word' id='word_1_93' title='bbox 628 1403 726 1431; x_wconf 87' lang='lat' dir='ltr'>cum</span> <span class='ocrx_word' id='word_1_94' title='bbox 758 1392 923 1444; x_wconf 86' lang='lat' dir='ltr'>magnis</span> <span class='ocrx_word' id='word_1_95' title='bbox 954 1392 1065 1431; x_wconf 89' lang='lat' dir='ltr'>Dis.’</span> 
     </span>
    </p>
   </div>
   <div class='ocr_carea' id='block_1_3' title="bbox 181 1453 1071 1508">
    <p class='ocr_par' dir='ltr' id='par_1_3' title="bbox 181 1453 1071 1508">
     <span class='ocr_line' id='line_1_18' title="bbox 181 1453 1071 1508; baseline 0.003 -15"><span class='ocrx_word' id='word_1_96' title='bbox 181 1453 372 1506; x_wconf 75' lang='lat' dir='ltr'>Regalis,</span> <span class='ocrx_word' id='word_1_97' title='bbox 390 1455 531 1508; x_wconf 90' lang='lat' dir='ltr'>inquit</span> <span class='ocrx_word' id='word_1_98' title='bbox 543 1455 713 1508; x_wconf 89' lang='lat' dir='ltr'>Cicero,</span> <span class='ocrx_word' id='word_1_99' title='bbox 727 1461 772 1496; x_wconf 89' lang='lat' dir='ltr'>et</span> <span class='ocrx_word' id='word_1_100' title='bbox 793 1456 1071 1496; x_wconf 83' lang='lat' dir='ltr'>AEacidarum</span> 
     </span>
    </p>
   </div>
   <div class='ocr_carea' id='block_1_4' title="bbox 159 1518 1061 2787">
    <p class='ocr_par' dir='ltr' id='par_1_4' title="bbox 178 1518 1061 1633">
     <span class='ocr_line' id='line_1_19' title="bbox 178 1518 1061 1570; baseline 0.002 -12"><span class='ocrx_word' id='word_1_101' title='bbox 178 1523 311 1568; x_wconf 85' lang='lat' dir='ltr'>gente</span> <span class='ocrx_word' id='word_1_102' title='bbox 329 1518 463 1570; x_wconf 89' lang='lat' dir='ltr'>digna</span> <span class='ocrx_word' id='word_1_103' title='bbox 480 1519 708 1560; x_wconf 88' lang='lat' dir='ltr'>sententia.</span> <span class='ocrx_word' id='word_1_104' title='bbox 742 1520 908 1560; x_wconf 65' lang='lat' dir='ltr'>Ozinen·</span> <span class='ocrx_word' id='word_1_105' title='bbox 950 1521 1061 1560; x_wconf 89' lang='lat' dir='ltr'>Con·</span> 
     </span>
     <span class='ocr_line' id='line_1_20' title="bbox 178 1581 720 1633; baseline 0.004 -11"><span class='ocrx_word' id='word_1_106' title='bbox 178 1582 279 1633; x_wconf 88' lang='lat' dir='ltr'>tigit</span> <span class='ocrx_word' id='word_1_107' title='bbox 295 1581 349 1622; x_wconf 90' lang='lat' dir='ltr'>A.</span> <span class='ocrx_word' id='word_1_108' title='bbox 368 1584 422 1623; x_wconf 90' lang='lat' dir='ltr'>U.</span> <span class='ocrx_word' id='word_1_109' title='bbox 443 1594 720 1625; x_wconf 70' lang='lat' dir='ltr'>ccccnxnv.</span> 
     </span>
    </p>

    <p class='ocr_par' dir='ltr' id='par_1_5' title="bbox 174 1645 1060 1888">
     <span class='ocr_line' id='line_1_21' title="bbox 232 1645 1060 1700; baseline 0.002 -15"><span class='ocrx_word' id='word_1_110' title='bbox 232 1645 324 1698; x_wconf 81' lang='lat' dir='ltr'>Ipse</span> <span class='ocrx_word' id='word_1_111' title='bbox 348 1659 434 1686; x_wconf 79' lang='lat' dir='ltr'>cum</span> <span class='ocrx_word' id='word_1_112' title='bbox 459 1652 598 1687; x_wconf 77' lang='lat' dir='ltr'>ornato</span> <span class='ocrx_word' id='word_1_113' title='bbox 624 1648 801 1699; x_wconf 75' lang='lat' dir='ltr'>equitatu</span> <span class='ocrx_word' id='word_1_114' title='bbox 826 1652 941 1687; x_wconf 80' lang='lat' dir='ltr'>extra</span> <span class='ocrx_word' id='word_1_115' title='bbox 969 1660 1060 1700; x_wconf 83' lang='lat' dir='ltr'>por·</span> 
     </span>
     <span class='ocr_line' id='line_1_22' title="bbox 175 1709 1060 1762; baseline 0.003 -14"><span class='ocrx_word' id='word_1_116' title='bbox 175 1712 257 1749; x_wconf 72' lang='lat' dir='ltr'>tom</span> <span class='ocrx_word' id='word_1_117' title='bbox 283 1709 473 1762; x_wconf 79' lang='lat' dir='ltr'>occurrit]</span> <span class='ocrx_word' id='word_1_118' title='bbox 515 1711 587 1751; x_wconf 86' lang='lat' dir='ltr'>Ita</span> <span class='ocrx_word' id='word_1_119' title='bbox 605 1710 647 1750; x_wconf 90' lang='lat' dir='ltr'>in</span> <span class='ocrx_word' id='word_1_120' title='bbox 676 1711 985 1760; x_wconf 87' lang='lat' dir='ltr'>Wincheliauo,</span> <span class='ocrx_word' id='word_1_121' title='bbox 1014 1716 1060 1751; x_wconf 90' lang='lat' dir='ltr'>et</span> 
     </span>
     <span class='ocr_line' id='line_1_23' title="bbox 174 1772 1057 1826; baseline 0.006 -15"><span class='ocrx_word' id='word_1_122' title='bbox 174 1772 283 1813; x_wconf 83' lang='lat' dir='ltr'>aliis.</span> <span class='ocrx_word' id='word_1_123' title='bbox 337 1774 504 1826; x_wconf 84' lang='lat' dir='ltr'>Vulgo:</span> <span class='ocrx_word' id='word_1_124' title='bbox 547 1787 633 1815; x_wconf 86' lang='lat' dir='ltr'>cum</span> <span class='ocrx_word' id='word_1_125' title='bbox 683 1778 828 1814; x_wconf 81' lang='lat' dir='ltr'>ornatu</span> <span class='ocrx_word' id='word_1_126' title='bbox 868 1775 1057 1826; x_wconf 75' lang='lat' dir='ltr'>equitum.</span> 
     </span>
     <span class='ocr_line' id='line_1_24' title="bbox 178 1834 507 1888; baseline 0.009 -14"><span class='ocrx_word' id='word_1_127' title='bbox 178 1834 309 1888; x_wconf 80' lang='lat' dir='ltr'>Pigh.</span> <span class='ocrx_word' id='word_1_128' title='bbox 499 1839 507 1844; x_wconf 87' lang='grc'><em>“</em></span> 
     </span>
    </p>

    <p class='ocr_par' dir='ltr' id='par_1_6' title="bbox 159 1900 1058 2787">
     <span class='ocr_line' id='line_1_25' title="bbox 227 1900 1058 1956; baseline 0.005 -17"><span class='ocrx_word' id='word_1_129' title='bbox 227 1901 296 1951; x_wconf 78' lang='lat'>§4</span> <span class='ocrx_word' id='word_1_130' title='bbox 327 1900 449 1950; x_wconf 75' lang='lat' dir='ltr'>Cnjus</span> <span class='ocrx_word' id='word_1_131' title='bbox 473 1905 558 1941; x_wconf 80' lang='lat' dir='ltr'>tam</span> <span class='ocrx_word' id='word_1_132' title='bbox 581 1902 693 1941; x_wconf 79' lang='lat' dir='ltr'>mitis</span> <span class='ocrx_word' id='word_1_133' title='bbox 724 1901 898 1953; x_wconf 76' lang='lat' dir='ltr'>ingenii]</span> <span class='ocrx_word' id='word_1_134' title='bbox 948 1903 1058 1956; x_wconf 87' lang='lat' dir='ltr'>Pyr·</span> 
     </span>
     <span class='ocr_line' id='line_1_26' title="bbox 172 1963 1058 2019; baseline 0.006 -17"><span class='ocrx_word' id='word_1_135' title='bbox 172 1963 274 2003; x_wconf 83' lang='lat' dir='ltr'>rhus</span> <span class='ocrx_word' id='word_1_136' title='bbox 290 1965 418 2005; x_wconf 85' lang='lat' dir='ltr'>Italia</span> <span class='ocrx_word' id='word_1_137' title='bbox 433 1966 596 2018; x_wconf 90' lang='lat' dir='ltr'>pulsus,</span> <span class='ocrx_word' id='word_1_138' title='bbox 611 1967 653 2005; x_wconf 89' lang='lat' dir='ltr'>in</span> <span class='ocrx_word' id='word_1_139' title='bbox 675 1966 866 2006; x_wconf 82' lang='lat' dir='ltr'>Siciliam</span> <span class='ocrx_word' id='word_1_140' title='bbox 881 1968 1058 2019; x_wconf 76' lang='lat' dir='ltr'>trajecit</span> 
     </span>
     <span class='ocr_line' id='line_1_27' title="bbox 171 2029 1056 2082; baseline 0.005 -15"><span class='ocrx_word' id='word_1_141' title='bbox 171 2029 430 2080; x_wconf 84' lang='lat' dir='ltr'>exercitum,</span> <span class='ocrx_word' id='word_1_142' title='bbox 464 2029 537 2070; x_wconf 90' lang='lat' dir='ltr'>nbi</span> <span class='ocrx_word' id='word_1_143' title='bbox 574 2030 715 2070; x_wconf 86' lang='lat' dir='ltr'>navali</span> <span class='ocrx_word' id='word_1_144' title='bbox 745 2043 890 2082; x_wconf 86' lang='lat' dir='ltr'>pugna</span> <span class='ocrx_word' id='word_1_145' title='bbox 911 2044 936 2071; x_wconf 89' lang='lat' dir='ltr'>a</span> <span class='ocrx_word' id='word_1_146' title='bbox 956 2031 1056 2071; x_wconf 90' lang='lat' dir='ltr'>Car-</span> 
     </span>
     <span class='ocr_line' id='line_1_28' title="bbox 169 2090 1055 2145; baseline 0.003 -15"><span class='ocrx_word' id='word_1_147' title='bbox 169 2090 507 2144; x_wconf 81' lang='lat' dir='ltr'>thaginiensibus</span> <span class='ocrx_word' id='word_1_148' title='bbox 528 2099 771 2145; x_wconf 85' lang='lat' dir='ltr'>superatus,</span> <span class='ocrx_word' id='word_1_149' title='bbox 785 2106 880 2134; x_wconf 91' lang='lat' dir='ltr'>cum</span> <span class='ocrx_word' id='word_1_150' title='bbox 899 2093 952 2134; x_wconf 93' lang='lat' dir='ltr'>ab</span> <span class='ocrx_word' id='word_1_151' title='bbox 969 2094 1055 2133; x_wconf 86' lang='lat' dir='ltr'>Au·</span> 
     </span>
     <span class='ocr_line' id='line_1_29' title="bbox 169 2154 1055 2209; baseline 0.005 -15"><span class='ocrx_word' id='word_1_152' title='bbox 169 2154 318 2205; x_wconf 82' lang='lat' dir='ltr'>tigono</span> <span class='ocrx_word' id='word_1_153' title='bbox 355 2157 631 2198; x_wconf 84' lang='lat' dir='ltr'>Macedoniae</span> <span class='ocrx_word' id='word_1_154' title='bbox 663 2170 763 2209; x_wconf 86' lang='lat' dir='ltr'>rege</span> <span class='ocrx_word' id='word_1_155' title='bbox 791 2159 950 2199; x_wconf 83' lang='lat' dir='ltr'>auxilia</span> <span class='ocrx_word' id='word_1_156' title='bbox 970 2171 1055 2199; x_wconf 88' lang='lat' dir='ltr'>uon</span> 
     </span>
     <span class='ocr_line' id='line_1_30' title="bbox 167 2219 1055 2273; baseline 0.003 -14"><span class='ocrx_word' id='word_1_157' title='bbox 167 2219 463 2272; x_wconf 81' lang='lat' dir='ltr'>impetrasset,</span> <span class='ocrx_word' id='word_1_158' title='bbox 473 2222 774 2262; x_wconf 86' lang='lat' dir='ltr'>Macedoniam</span> <span class='ocrx_word' id='word_1_159' title='bbox 788 2222 1055 2273; x_wconf 81' lang='lat' dir='ltr'>invasit,An-</span> 
     </span>
     <span class='ocr_line' id='line_1_31' title="bbox 168 2284 1056 2335; baseline 0.003 -12"><span class='ocrx_word' id='word_1_160' title='bbox 168 2284 363 2335; x_wconf 84' lang='lat' dir='ltr'>tigonum</span> <span class='ocrx_word' id='word_1_161' title='bbox 385 2285 504 2326; x_wconf 84' lang='lat' dir='ltr'>vicit.</span> <span class='ocrx_word' id='word_1_162' title='bbox 561 2287 709 2327; x_wconf 86' lang='lat' dir='ltr'>Elatus</span> <span class='ocrx_word' id='word_1_163' title='bbox 740 2286 898 2326; x_wconf 87' lang='lat' dir='ltr'>deinde</span> <span class='ocrx_word' id='word_1_164' title='bbox 924 2287 1056 2327; x_wconf 90' lang='lat' dir='ltr'>victo-</span> 
     </span>
     <span class='ocr_line' id='line_1_32' title="bbox 168 2348 1054 2399; baseline 0.003 -12"><span class='ocrx_word' id='word_1_165' title='bbox 168 2348 245 2399; x_wconf 87' lang='lat' dir='ltr'>ria,</span> <span class='ocrx_word' id='word_1_166' title='bbox 263 2350 411 2390; x_wconf 85' lang='lat' dir='ltr'>statim</span> <span class='ocrx_word' id='word_1_167' title='bbox 429 2349 485 2396; x_wconf 70' lang='lat' dir='ltr'>ad,</span> <span class='ocrx_word' id='word_1_168' title='bbox 504 2349 689 2390; x_wconf 85' lang='lat' dir='ltr'>Graeciae</span> <span class='ocrx_word' id='word_1_169' title='bbox 709 2355 755 2390; x_wconf 91' lang='lat' dir='ltr'>et</span> <span class='ocrx_word' id='word_1_170' title='bbox 774 2349 891 2390; x_wconf 79' lang='lat' dir='ltr'>Asiae</span> <span class='ocrx_word' id='word_1_171' title='bbox 922 2351 1054 2390; x_wconf 89' lang='lat' dir='ltr'>totius</span> 
     </span>
     <span class='ocr_line' id='line_1_33' title="bbox 167 2411 1051 2466; baseline 0.002 -15"><span class='ocrx_word' id='word_1_172' title='bbox 167 2411 394 2463; x_wconf 87' lang='lat' dir='ltr'>imperium</span> <span class='ocrx_word' id='word_1_173' title='bbox 407 2413 567 2465; x_wconf 77' lang='lat' dir='ltr'>adJecit</span> <span class='ocrx_word' id='word_1_174' title='bbox 586 2415 791 2463; x_wconf 88' lang='lat' dir='ltr'>animum,</span> <span class='ocrx_word' id='word_1_175' title='bbox 807 2420 852 2453; x_wconf 89' lang='lat' dir='ltr'>et</span> <span class='ocrx_word' id='word_1_176' title='bbox 870 2414 1051 2466; x_wconf 87' lang='lat' dir='ltr'>primum</span> 
     </span>
     <span class='ocr_line' id='line_1_34' title="bbox 166 2475 1051 2530; baseline 0.005 -16"><span class='ocrx_word' id='word_1_177' title='bbox 166 2475 353 2514; x_wconf 87' lang='lat' dir='ltr'>omnium</span> <span class='ocrx_word' id='word_1_178' title='bbox 388 2476 621 2528; x_wconf 86' lang='lat' dir='ltr'>Spartanos</span> <span class='ocrx_word' id='word_1_179' title='bbox 658 2477 843 2528; x_wconf 89' lang='lat' dir='ltr'>invadit,</span> <span class='ocrx_word' id='word_1_180' title='bbox 875 2490 1051 2530; x_wconf 87' lang='lat' dir='ltr'>quorum</span> 
     </span>
     <span class='ocr_line' id='line_1_35' title="bbox 165 2539 1052 2594; baseline 0.005 -16"><span class='ocrx_word' id='word_1_181' title='bbox 165 2551 261 2580; x_wconf 87' lang='lat' dir='ltr'>cum</span> <span class='ocrx_word' id='word_1_182' title='bbox 281 2539 430 2580; x_wconf 89' lang='lat' dir='ltr'>urbem</span> <span class='ocrx_word' id='word_1_183' title='bbox 449 2547 737 2594; x_wconf 80' lang='lat' dir='ltr'>oppugnaret,</span> <span class='ocrx_word' id='word_1_184' title='bbox 757 2547 879 2581; x_wconf 88' lang='lat' dir='ltr'>tanta</span> <span class='ocrx_word' id='word_1_185' title='bbox 909 2543 1052 2582; x_wconf 86' lang='lat' dir='ltr'>multi-</span> 
     </span>
     <span class='ocr_line' id='line_1_36' title="bbox 166 2602 1049 2658; baseline 0.008 -17"><span class='ocrx_word' id='word_1_186' title='bbox 166 2603 272 2643; x_wconf 84' lang='lat' dir='ltr'>tudo</span> <span class='ocrx_word' id='word_1_187' title='bbox 301 2602 568 2645; x_wconf 87' lang='lat' dir='ltr'>foeminarum</span> <span class='ocrx_word' id='word_1_188' title='bbox 600 2606 652 2645; x_wconf 86' lang='lat' dir='ltr'>ad</span> <span class='ocrx_word' id='word_1_189' title='bbox 681 2608 833 2658; x_wconf 78' lang='lat' dir='ltr'>patriae</span> <span class='ocrx_word' id='word_1_190' title='bbox 867 2610 1049 2648; x_wconf 85' lang='lat' dir='ltr'>tutelam</span> 
     </span>
     <span class='ocr_line' id='line_1_37' title="bbox 159 2667 1048 2723; baseline 0.009 -19"><span class='ocrx_word' id='word_1_191' title='bbox 159 2667 372 2717; x_wconf 72' lang='lat' dir='ltr'>accurrit,</span> <span class='ocrx_word' id='word_1_192' title='bbox 393 2673 441 2707; x_wconf 85' lang='lat' dir='ltr'>ut</span> <span class='ocrx_word' id='word_1_193' title='bbox 459 2679 541 2708; x_wconf 90' lang='lat' dir='ltr'>non</span> <span class='ocrx_word' id='word_1_194' title='bbox 570 2667 725 2708; x_wconf 86' lang='lat' dir='ltr'>fortius</span> <span class='ocrx_word' id='word_1_195' title='bbox 744 2668 899 2720; x_wconf 87' lang='lat' dir='ltr'>victus,</span> <span class='ocrx_word' id='word_1_196' title='bbox 924 2683 1048 2723; x_wconf 87' lang='lat' dir='ltr'>quam</span> 
     </span>
     <span class='ocr_line' id='line_1_38' title="bbox 162 2730 1047 2787; baseline 0.007 -19"><span class='ocrx_word' id='word_1_197' title='bbox 162 2730 435 2771; x_wconf 77' lang='lat' dir='ltr'>verecundus</span> <span class='ocrx_word' id='word_1_198' title='bbox 468 2733 711 2784; x_wconf 84' lang='lat' dir='ltr'>recederet,</span> <span class='ocrx_word' id='word_1_199' title='bbox 743 2739 790 2773; x_wconf 89' lang='lat' dir='ltr'>et</span> <span class='ocrx_word' id='word_1_200' title='bbox 821 2733 863 2772; x_wconf 91' lang='lat' dir='ltr'>in</span> <span class='ocrx_word' id='word_1_201' title='bbox 895 2746 944 2774; x_wconf 87' lang='lat' dir='ltr'>ea</span> <span class='ocrx_word' id='word_1_202' title='bbox 975 2748 1047 2787; x_wconf 88' lang='lat' dir='ltr'>op-</span> 
     </span>
    </p>
   </div>
   <div class='ocr_carea' id='block_1_5' title="bbox 163 2794 1072 2850">
    <p class='ocr_par' dir='ltr' id='par_1_7' title="bbox 163 2794 1072 2850">
     <span class='ocr_line' id='line_1_39' title="bbox 163 2794 1072 2850; baseline 0.007 -18"><span class='ocrx_word' id='word_1_203' title='bbox 163 2794 428 2843; x_wconf 76' lang='lat' dir='ltr'>pugnatione</span> <span class='ocrx_word' id='word_1_204' title='bbox 459 2795 744 2836; x_wconf 80' lang='lat' dir='ltr'>Ptolemaeum</span> <span class='ocrx_word' id='word_1_205' title='bbox 775 2797 906 2837; x_wconf 88' lang='lat' dir='ltr'>filium</span> <span class='ocrx_word' id='word_1_206' title='bbox 939 2804 1072 2850; x_wconf 21' lang='lat' dir='ltr'>stre-⁵</span> 
     </span>
    </p>
   </div>
   <div class='ocr_carea' id='block_1_6' title="bbox 160 2858 1048 3666">
    <p class='ocr_par' dir='ltr' id='par_1_8' title="bbox 160 2858 1048 3607">
     <span class='ocr_line' id='line_1_40' title="bbox 162 2858 1046 2914; baseline 0.008 -19"><span class='ocrx_word' id='word_1_207' title='bbox 162 2867 293 2897; x_wconf 85' lang='lat' dir='ltr'>nuum</span> <span class='ocrx_word' id='word_1_208' title='bbox 325 2870 538 2911; x_wconf 83' lang='lat' dir='ltr'>manuque</span> <span class='ocrx_word' id='word_1_209' title='bbox 555 2858 714 2900; x_wconf 85' lang='lat' dir='ltr'>fortem</span> <span class='ocrx_word' id='word_1_210' title='bbox 735 2861 894 2911; x_wconf 88' lang='lat' dir='ltr'>amisit,</span> <span class='ocrx_word' id='word_1_211' title='bbox 924 2864 1046 2914; x_wconf 90' lang='lat' dir='ltr'>cujus</span> 
     </span>
     <span class='ocr_line' id='line_1_41' title="bbox 161 2919 1048 2979; baseline 0.008 -21"><span class='ocrx_word' id='word_1_212' title='bbox 161 2919 370 2961; x_wconf 82' lang='lat' dir='ltr'>cadavere</span> <span class='ocrx_word' id='word_1_213' title='bbox 389 2923 443 2962; x_wconf 84' lang='lat' dir='ltr'>ad</span> <span class='ocrx_word' id='word_1_214' title='bbox 469 2935 516 2963; x_wconf 81' lang='lat' dir='ltr'>se</span> <span class='ocrx_word' id='word_1_215' title='bbox 535 2923 696 2975; x_wconf 89' lang='lat' dir='ltr'>delato,</span> <span class='ocrx_word' id='word_1_216' title='bbox 714 2925 877 2964; x_wconf 79' lang='lat' dir='ltr'>dixisse</span> <span class='ocrx_word' id='word_1_217' title='bbox 896 2924 1048 2979; x_wconf 78' lang='lat' dir='ltr'>fertur,</span> 
     </span>
     <span class='ocr_line' id='line_1_42' title="bbox 162 2983 1046 3040; baseline 0.008 -18"><span class='ocrx_word' id='word_1_218' title='bbox 162 2983 378 3036; x_wconf 86' lang='lat' dir='ltr'>aliquanto</span> <span class='ocrx_word' id='word_1_219' title='bbox 409 2985 574 3025; x_wconf 86' lang='lat' dir='ltr'>tardius</span> <span class='ocrx_word' id='word_1_220' title='bbox 599 2987 828 3038; x_wconf 88' lang='lat' dir='ltr'>cecidisse,</span> <span class='ocrx_word' id='word_1_221' title='bbox 846 3000 973 3040; x_wconf 87' lang='lat' dir='ltr'>quam</span> <span class='ocrx_word' id='word_1_222' title='bbox 994 2991 1046 3029; x_wconf 90' lang='lat' dir='ltr'>ti-</span> 
     </span>
     <span class='ocr_line' id='line_1_43' title="bbox 162 3048 1046 3103; baseline 0.007 -17"><span class='ocrx_word' id='word_1_223' title='bbox 162 3054 344 3088; x_wconf 87' lang='lat' dir='ltr'>muerat.</span> <span class='ocrx_word' id='word_1_224' title='bbox 411 3048 571 3088; x_wconf 87' lang='lat' dir='ltr'>Pulsus</span> <span class='ocrx_word' id='word_1_225' title='bbox 601 3050 735 3101; x_wconf 86' lang='lat' dir='ltr'>igitur</span> <span class='ocrx_word' id='word_1_226' title='bbox 769 3064 793 3090; x_wconf 80' lang='lat' dir='ltr'>a</span> <span class='ocrx_word' id='word_1_227' title='bbox 820 3051 1046 3103; x_wconf 85' lang='lat' dir='ltr'>Spartanis</span> 
     </span>
     <span class='ocr_line' id='line_1_44' title="bbox 160 3107 1044 3166; baseline 0.008 -18"><span class='ocrx_word' id='word_1_228' title='bbox 160 3107 302 3162; x_wconf 87' lang='lat' dir='ltr'>Argos</span> <span class='ocrx_word' id='word_1_229' title='bbox 324 3113 480 3163; x_wconf 90' lang='lat' dir='ltr'>petiit:</span> <span class='ocrx_word' id='word_1_230' title='bbox 512 3112 572 3152; x_wconf 88' lang='lat' dir='ltr'>ibi</span> <span class='ocrx_word' id='word_1_231' title='bbox 592 3113 693 3153; x_wconf 91' lang='lat' dir='ltr'>dum</span> <span class='ocrx_word' id='word_1_232' title='bbox 714 3113 975 3166; x_wconf 86' lang='lat' dir='ltr'>Antigonum</span> <span class='ocrx_word' id='word_1_233' title='bbox 1002 3117 1044 3155; x_wconf 90' lang='lat' dir='ltr'>in</span> 
     </span>
     <span class='ocr_line' id='line_1_45' title="bbox 160 3173 1045 3229; baseline 0.007 -17"><span class='ocrx_word' id='word_1_234' title='bbox 160 3173 267 3213; x_wconf 85' lang='lat' dir='ltr'>urbe</span> <span class='ocrx_word' id='word_1_235' title='bbox 285 3174 476 3215; x_wconf 85' lang='lat' dir='ltr'>clausum</span> <span class='ocrx_word' id='word_1_236' title='bbox 502 3187 751 3228; x_wconf 84' lang='lat' dir='ltr'>expugnare</span> <span class='ocrx_word' id='word_1_237' title='bbox 768 3183 962 3229; x_wconf 87' lang='lat' dir='ltr'>conatur,</span> <span class='ocrx_word' id='word_1_238' title='bbox 983 3179 1045 3218; x_wconf 90' lang='lat' dir='ltr'>in·</span> 
     </span>
     <span class='ocr_line' id='line_1_46' title="bbox 161 3236 1044 3281; baseline 0.007 -7"><span class='ocrx_word' id='word_1_239' title='bbox 161 3241 230 3274; x_wconf 86' lang='lat' dir='ltr'>ter</span> <span class='ocrx_word' id='word_1_240' title='bbox 244 3236 577 3279; x_wconf 86' lang='lat' dir='ltr'>confertissimos</span> <span class='ocrx_word' id='word_1_241' title='bbox 598 3240 903 3279; x_wconf 82' lang='lat' dir='ltr'>violentissime</span> <span class='ocrx_word' id='word_1_242' title='bbox 923 3240 1044 3281; x_wconf 88' lang='lat' dir='ltr'>dimi-</span> 
     </span>
     <span class='ocr_line' id='line_1_47' title="bbox 161 3301 1044 3357; baseline 0.011 -22"><span class='ocrx_word' id='word_1_243' title='bbox 161 3307 275 3347; x_wconf 82' lang='lat' dir='ltr'>cans,</span> <span class='ocrx_word' id='word_1_244' title='bbox 303 3312 406 3340; x_wconf 82' lang='lat' dir='ltr'>saxo</span> <span class='ocrx_word' id='word_1_245' title='bbox 435 3301 490 3342; x_wconf 88' lang='lat' dir='ltr'>de</span> <span class='ocrx_word' id='word_1_246' title='bbox 517 3303 649 3343; x_wconf 86' lang='lat' dir='ltr'>muris</span> <span class='ocrx_word' id='word_1_247' title='bbox 671 3304 791 3355; x_wconf 90' lang='lat' dir='ltr'>jacto</span> <span class='ocrx_word' id='word_1_248' title='bbox 811 3305 1044 3357; x_wconf 85' lang='lat' dir='ltr'>occiditur,</span> 
     </span>
     <span class='ocr_line' id='line_1_48' title="bbox 163 3362 1043 3420; baseline 0.014 -24"><span class='ocrx_word' id='word_1_249' title='bbox 163 3365 296 3409; x_wconf 87' lang='lat' dir='ltr'>capnt</span> <span class='ocrx_word' id='word_1_250' title='bbox 308 3362 398 3413; x_wconf 82' lang='lat' dir='ltr'>ejus</span> <span class='ocrx_word' id='word_1_251' title='bbox 416 3364 635 3417; x_wconf 90' lang='lat' dir='ltr'>Antigono</span> <span class='ocrx_word' id='word_1_252' title='bbox 649 3365 858 3417; x_wconf 80' lang='lat' dir='ltr'>defertur,</span> <span class='ocrx_word' id='word_1_253' title='bbox 873 3367 943 3420; x_wconf 90' lang='lat' dir='ltr'>qui</span> <span class='ocrx_word' id='word_1_254' title='bbox 959 3368 1043 3409; x_wconf 88' lang='lat' dir='ltr'>vic-</span> 
     </span>
     <span class='ocr_line' id='line_1_49' title="bbox 162 3421 1043 3478; baseline 0.012 -19"><span class='ocrx_word' id='word_1_255' title='bbox 162 3421 273 3461; x_wconf 88' lang='lat' dir='ltr'>toria</span> <span class='ocrx_word' id='word_1_256' title='bbox 308 3426 454 3466; x_wconf 87' lang='lat' dir='ltr'>mitius</span> <span class='ocrx_word' id='word_1_257' title='bbox 503 3440 618 3478; x_wconf 88' lang='lat' dir='ltr'>usus,</span> <span class='ocrx_word' id='word_1_258' title='bbox 654 3428 788 3469; x_wconf 90' lang='lat' dir='ltr'>filium</span> <span class='ocrx_word' id='word_1_259' title='bbox 828 3430 1043 3470; x_wconf 88' lang='lat' dir='ltr'>Helenum</span> 
     </span>
     <span class='ocr_line' id='line_1_50' title="bbox 163 3485 1042 3544; baseline 0.013 -23"><span class='ocrx_word' id='word_1_260' title='bbox 163 3494 259 3522; x_wconf 89' lang='lat' dir='ltr'>cum</span> <span class='ocrx_word' id='word_1_261' title='bbox 279 3485 466 3537; x_wconf 82' lang='lat' dir='ltr'>Epirotis</span> <span class='ocrx_word' id='word_1_262' title='bbox 487 3489 565 3529; x_wconf 86' lang='lat' dir='ltr'>sibi</span> <span class='ocrx_word' id='word_1_263' title='bbox 586 3490 779 3530; x_wconf 89' lang='lat' dir='ltr'>deditum</span> <span class='ocrx_word' id='word_1_264' title='bbox 799 3492 842 3530; x_wconf 89' lang='lat' dir='ltr'>in</span> <span class='ocrx_word' id='word_1_265' title='bbox 864 3504 1042 3544; x_wconf 86' lang='lat' dir='ltr'>regnum</span> 
     </span>
     <span class='ocr_line' id='line_1_51' title="bbox 161 3545 1042 3607; baseline 0.012 -23"><span class='ocrx_word' id='word_1_266' title='bbox 161 3545 336 3597; x_wconf 84' lang='lat' dir='ltr'>dimisit,</span> <span class='ocrx_word' id='word_1_267' title='bbox 355 3551 476 3601; x_wconf 78' lang='lat' dir='ltr'>eique</span> <span class='ocrx_word' id='word_1_268' title='bbox 495 3552 697 3604; x_wconf 87' lang='lat' dir='ltr'>insepulti</span> <span class='ocrx_word' id='word_1_269' title='bbox 726 3555 859 3607; x_wconf 88' lang='lat' dir='ltr'>patris</span> <span class='ocrx_word' id='word_1_270' title='bbox 877 3568 972 3596; x_wconf 80' lang='lat' dir='ltr'>ossa</span> <span class='ocrx_word' id='word_1_271' title='bbox 1001 3558 1042 3595; x_wconf 93' lang='lat' dir='ltr'>in</span> 
     </span>
    </p>

    <p class='ocr_par' dir='ltr' id='par_1_9' title="bbox 268 3614 716 3666">
     <span class='ocr_line' id='line_1_52' title="bbox 268 3614 716 3666; baseline 0.013 -13"><span class='ocrx_word' id='word_1_272' title='bbox 268 3614 412 3666; x_wconf 72' lang='lat' dir='ltr'>Delplc.</span> <span class='ocrx_word' id='word_1_273' title='bbox 428 3621 465 3656; x_wconf 77' lang='lat' dir='ltr'>et</span> <span class='ocrx_word' id='word_1_274' title='bbox 493 3617 587 3658; x_wconf 82' lang='lat' dir='ltr'>Var.</span> <span class='ocrx_word' id='word_1_275' title='bbox 607 3620 716 3659; x_wconf 75' lang='lat' dir='ltr'>Clas.</span> 
     </span>
    </p>
   </div>
   <div class='ocr_carea' id='block_1_7' title="bbox 959 3623 1186 3663">
    <p class='ocr_par' dir='ltr' id='par_1_10' title="bbox 959 3623 1186 3663">
     <span class='ocr_line' id='line_1_53' title="bbox 959 3623 1186 3663; baseline 0.004 -1"><span class='ocrx_word' id='word_1_276' title='bbox 959 3623 1046 3663; x_wconf 81' lang='lat' dir='ltr'>Val.</span> <span class='ocrx_word' id='word_1_277' title='bbox 1068 3625 1186 3663; x_wconf 81' lang='lat' dir='ltr'>Max.</span> 
     </span>
    </p>
   </div>
   <div class='ocr_carea' id='block_1_8' title="bbox 1883 306 2024 358">
    <p class='ocr_par' dir='ltr' id='par_1_11' title="bbox 1883 306 2024 358">
     <span class='ocr_line' id='line_1_54' title="bbox 1883 306 2024 358; baseline 0.014 -2"><span class='ocrx_word' id='word_1_278' title='bbox 1883 306 2024 358; x_wconf 82' lang='lat'>1169</span> 
     </span>
    </p>
   </div>
   <div class='ocr_carea' id='block_1_9' title="bbox 1105 431 2051 3545">
    <p class='ocr_par' dir='ltr' id='par_1_12' title="bbox 1105 431 2051 3545">
     <span class='ocr_line' id='line_1_55' title="bbox 1140 431 2024 482; baseline 0.009 -13"><span class='ocrx_word' id='word_1_279' title='bbox 1140 431 1321 482; x_wconf 86' lang='lat' dir='ltr'>patriam</span> <span class='ocrx_word' id='word_1_280' title='bbox 1369 433 1600 474; x_wconf 82' lang='lat' dir='ltr'>referenda</span> <span class='ocrx_word' id='word_1_281' title='bbox 1647 434 1842 475; x_wconf 80' lang='lat' dir='ltr'>tradidit.</span> <span class='ocrx_word' id='word_1_282' title='bbox 1912 437 2024 478; x_wconf 80' lang='lat' dir='ltr'>Haec</span> 
     </span>
     <span class='ocr_line' id='line_1_56' title="bbox 1139 497 2023 551; baseline 0.007 -17"><span class='ocrx_word' id='word_1_283' title='bbox 1139 497 1379 536; x_wconf 81' lang='lat' dir='ltr'>summatim</span> <span class='ocrx_word' id='word_1_284' title='bbox 1398 499 1612 540; x_wconf 87' lang='lat' dir='ltr'>Justinus.</span> <span class='ocrx_word' id='word_1_285' title='bbox 1671 500 1780 539; x_wconf 84' lang='lat' dir='ltr'>Sunt</span> <span class='ocrx_word' id='word_1_286' title='bbox 1802 500 1874 551; x_wconf 89' lang='lat' dir='ltr'>qui</span> <span class='ocrx_word' id='word_1_287' title='bbox 1896 502 2023 540; x_wconf 83' lang='lat' dir='ltr'>aliter</span> 
     </span>
     <span class='ocr_line' id='line_1_57' title="bbox 1140 559 2021 615; baseline 0.007 -18"><span class='ocrx_word' id='word_1_288' title='bbox 1140 559 1318 600; x_wconf 83' lang='lat' dir='ltr'>tradunt</span> <span class='ocrx_word' id='word_1_289' title='bbox 1353 561 1460 602; x_wconf 88' lang='lat' dir='ltr'>hanc</span> <span class='ocrx_word' id='word_1_290' title='bbox 1496 563 1716 603; x_wconf 84' lang='lat' dir='ltr'>historiam</span> <span class='ocrx_word' id='word_1_291' title='bbox 1735 578 1744 602; x_wconf 91' lang='lat'><strong>:</strong></span> <span class='ocrx_word' id='word_1_292' title='bbox 1804 564 2021 615; x_wconf 87' lang='lat' dir='ltr'>Pyrrhum</span> 
     </span>
     <span class='ocr_line' id='line_1_58' title="bbox 1138 623 2021 679; baseline 0.008 -19"><span class='ocrx_word' id='word_1_293' title='bbox 1138 623 1322 670; x_wconf 82' lang='lat' dir='ltr'>scilicet,</span> <span class='ocrx_word' id='word_1_294' title='bbox 1343 625 1441 665; x_wconf 89' lang='lat' dir='ltr'>dum</span> <span class='ocrx_word' id='word_1_295' title='bbox 1468 627 1608 678; x_wconf 86' lang='lat' dir='ltr'>Argos</span> <span class='ocrx_word' id='word_1_296' title='bbox 1631 633 1923 679; x_wconf 86' lang='lat' dir='ltr'>oppugnaret,</span> <span class='ocrx_word' id='word_1_297' title='bbox 1942 641 2021 679; x_wconf 89' lang='lat' dir='ltr'>per</span> 
     </span>
     <span class='ocr_line' id='line_1_59' title="bbox 1139 687 2020 743; baseline 0.006 -18"><span class='ocrx_word' id='word_1_298' title='bbox 1139 687 1423 738; x_wconf 80' lang='lat' dir='ltr'>proditionem</span> <span class='ocrx_word' id='word_1_299' title='bbox 1445 691 1591 730; x_wconf 88' lang='lat' dir='ltr'>urbem</span> <span class='ocrx_word' id='word_1_300' title='bbox 1612 691 1865 743; x_wconf 89' lang='lat' dir='ltr'>ingressum,</span> <span class='ocrx_word' id='word_1_301' title='bbox 1882 692 1933 731; x_wconf 87' lang='lat' dir='ltr'>ad</span> <span class='ocrx_word' id='word_1_302' title='bbox 1955 704 2020 730; x_wconf 80' lang='lat' dir='ltr'>ar·</span> 
     </span>
     <span class='ocr_line' id='line_1_60' title="bbox 1135 755 2022 806; baseline 0.006 -17"><span class='ocrx_word' id='word_1_303' title='bbox 1135 762 1229 790; x_wconf 87' lang='lat' dir='ltr'>cem</span> <span class='ocrx_word' id='word_1_304' title='bbox 1249 764 1382 804; x_wconf 87' lang='lat' dir='ltr'>nsque</span> <span class='ocrx_word' id='word_1_305' title='bbox 1403 756 1664 806; x_wconf 86' lang='lat' dir='ltr'>pervenisse,</span> <span class='ocrx_word' id='word_1_306' title='bbox 1694 755 1767 795; x_wconf 86' lang='lat' dir='ltr'>ubi</span> <span class='ocrx_word' id='word_1_307' title='bbox 1787 769 1882 796; x_wconf 83' lang='lat' dir='ltr'>eum</span> <span class='ocrx_word' id='word_1_308' title='bbox 1903 767 2022 795; x_wconf 84' lang='lat' dir='ltr'>acer-</span> 
     </span>
     <span class='ocr_line' id='line_1_61' title="bbox 1135 813 2019 871; baseline 0.007 -20"><span class='ocrx_word' id='word_1_309' title='bbox 1135 813 1241 853; x_wconf 87' lang='lat' dir='ltr'>rime</span> <span class='ocrx_word' id='word_1_310' title='bbox 1258 815 1782 869; x_wconf 83' lang='lat' dir='ltr'>dimicaretur,mulierem</span> <span class='ocrx_word' id='word_1_311' title='bbox 1806 820 2019 871; x_wconf 85' lang='lat' dir='ltr'>quandam</span> 
     </span>
     <span class='ocr_line' id='line_1_62' title="bbox 1134 879 2019 924; baseline 0.007 -8"><span class='ocrx_word' id='word_1_312' title='bbox 1134 879 1304 918; x_wconf 87' lang='lat' dir='ltr'>etectis</span> <span class='ocrx_word' id='word_1_313' title='bbox 1337 882 1586 921; x_wconf 87' lang='lat' dir='ltr'>mortarium</span> <span class='ocrx_word' id='word_1_314' title='bbox 1623 882 1846 923; x_wconf 89' lang='lat' dir='ltr'>demisisse</span> <span class='ocrx_word' id='word_1_315' title='bbox 1876 883 1918 922; x_wconf 92' lang='lat' dir='ltr'>in</span> <span class='ocrx_word' id='word_1_316' title='bbox 1949 896 2019 924; x_wconf 87' lang='lat' dir='ltr'>ca-</span> 
     </span>
     <span class='ocr_line' id='line_1_63' title="bbox 1133 942 2022 997; baseline 0.008 -17"><span class='ocrx_word' id='word_1_317' title='bbox 1133 948 1211 993; x_wconf 92' lang='lat' dir='ltr'>put</span> <span class='ocrx_word' id='word_1_318' title='bbox 1233 942 1407 995; x_wconf 86' lang='lat' dir='ltr'>Pyrrhi,</span> <span class='ocrx_word' id='word_1_319' title='bbox 1428 957 1512 997; x_wconf 89' lang='lat' dir='ltr'>quo</span> <span class='ocrx_word' id='word_1_320' title='bbox 1536 946 1622 984; x_wconf 87' lang='lat' dir='ltr'>ictu</span> <span class='ocrx_word' id='word_1_321' title='bbox 1654 946 1929 986; x_wconf 82' lang='lat' dir='ltr'>moribundus</span> <span class='ocrx_word' id='word_1_322' title='bbox 1950 959 2022 987; x_wconf 89' lang='lat' dir='ltr'>ce-</span> 
     </span>
     <span class='ocr_line' id='line_1_64' title="bbox 1131 1004 2019 1059; baseline 0.006 -16"><span class='ocrx_word' id='word_1_323' title='bbox 1131 1004 1251 1045; x_wconf 89' lang='lat' dir='ltr'>cidit.</span> <span class='ocrx_word' id='word_1_324' title='bbox 1295 1006 1418 1046; x_wconf 88' lang='lat' dir='ltr'>Tunc</span> <span class='ocrx_word' id='word_1_325' title='bbox 1438 1007 1588 1047; x_wconf 89' lang='lat' dir='ltr'>dicunt</span> <span class='ocrx_word' id='word_1_326' title='bbox 1611 1007 1875 1059; x_wconf 87' lang='lat' dir='ltr'>Alcyoneum</span> <span class='ocrx_word' id='word_1_327' title='bbox 1893 1009 2019 1048; x_wconf 83' lang='lat' dir='ltr'>Anti-</span> 
     </span>
     <span class='ocr_line' id='line_1_65' title="bbox 1131 1067 2018 1122; baseline 0.007 -16"><span class='ocrx_word' id='word_1_328' title='bbox 1131 1068 1231 1118; x_wconf 86' lang='lat' dir='ltr'>goni</span> <span class='ocrx_word' id='word_1_329' title='bbox 1262 1067 1395 1108; x_wconf 80' lang='lat' dir='ltr'>filium</span> <span class='ocrx_word' id='word_1_330' title='bbox 1428 1070 1584 1122; x_wconf 90' lang='lat' dir='ltr'>Pyrrhi</span> <span class='ocrx_word' id='word_1_331' title='bbox 1621 1076 1755 1122; x_wconf 82' lang='lat' dir='ltr'>caput</span> <span class='ocrx_word' id='word_1_332' title='bbox 1785 1072 2018 1112; x_wconf 80' lang='lat' dir='ltr'>abscissum</span> 
     </span>
     <span class='ocr_line' id='line_1_66' title="bbox 1130 1132 2020 1184; baseline 0.006 -14"><span class='ocrx_word' id='word_1_333' title='bbox 1130 1132 1182 1170; x_wconf 87' lang='lat' dir='ltr'>ad</span> <span class='ocrx_word' id='word_1_334' title='bbox 1205 1140 1372 1184; x_wconf 88' lang='lat' dir='ltr'>patrem</span> <span class='ocrx_word' id='word_1_335' title='bbox 1393 1147 1488 1174; x_wconf 88' lang='lat' dir='ltr'>cum</span> <span class='ocrx_word' id='word_1_336' title='bbox 1519 1147 1685 1174; x_wconf 89' lang='lat' dir='ltr'>summa</span> <span class='ocrx_word' id='word_1_337' title='bbox 1720 1136 1875 1175; x_wconf 80' lang='lat' dir='ltr'>laetitia</span> <span class='ocrx_word' id='word_1_338' title='bbox 1895 1137 2020 1176; x_wconf 90' lang='lat' dir='ltr'>detu-</span> 
     </span>
     <span class='ocr_line' id='line_1_67' title="bbox 1126 1195 2018 1252; baseline 0.008 -19"><span class='ocrx_word' id='word_1_339' title='bbox 1126 1195 1254 1236; x_wconf 86' lang='lat' dir='ltr'>lisse:</span> <span class='ocrx_word' id='word_1_340' title='bbox 1276 1196 1558 1250; x_wconf 86' lang='lat' dir='ltr'>Antigonum,</span> <span class='ocrx_word' id='word_1_341' title='bbox 1570 1204 1770 1250; x_wconf 84' lang='lat' dir='ltr'>correpto</span> <span class='ocrx_word' id='word_1_342' title='bbox 1786 1198 1886 1250; x_wconf 88' lang='lat' dir='ltr'>filio,</span> <span class='ocrx_word' id='word_1_343' title='bbox 1904 1201 2018 1252; x_wconf 84' lang='lat' dir='ltr'>regis</span> 
     </span>
     <span class='ocr_line' id='line_1_68' title="bbox 1127 1262 2016 1317; baseline 0.006 -18"><span class='ocrx_word' id='word_1_344' title='bbox 1127 1266 1274 1312; x_wconf 86' lang='lat' dir='ltr'>caput,</span> <span class='ocrx_word' id='word_1_345' title='bbox 1287 1262 1498 1302; x_wconf 84' lang='lat' dir='ltr'>velamine</span> <span class='ocrx_word' id='word_1_346' title='bbox 1513 1264 1873 1314; x_wconf 88' lang='lat' dir='ltr'>tectum,corpori</span> <span class='ocrx_word' id='word_1_347' title='bbox 1890 1277 2016 1317; x_wconf 87' lang='lat' dir='ltr'>quam</span> 
     </span>
     <span class='ocr_line' id='line_1_69' title="bbox 1125 1323 2018 1377; baseline 0.007 -16"><span class='ocrx_word' id='word_1_348' title='bbox 1125 1323 1455 1365; x_wconf 88' lang='lat' dir='ltr'>honoratissime</span> <span class='ocrx_word' id='word_1_349' title='bbox 1469 1326 1743 1365; x_wconf 87' lang='lat' dir='ltr'>cremandum</span> <span class='ocrx_word' id='word_1_350' title='bbox 1759 1328 2018 1377; x_wconf 81' lang='lat' dir='ltr'>restituisse,</span> 
     </span>
     <span class='ocr_line' id='line_1_70' title="bbox 1125 1384 2015 1442; baseline 0.008 -18"><span class='ocrx_word' id='word_1_351' title='bbox 1125 1384 1345 1440; x_wconf 84' lang='lat' dir='ltr'>filiumque</span> <span class='ocrx_word' id='word_1_352' title='bbox 1363 1389 1579 1429; x_wconf 88' lang='lat' dir='ltr'>Helenum</span> <span class='ocrx_word' id='word_1_353' title='bbox 1595 1391 1814 1442; x_wconf 86' lang='lat' dir='ltr'>captivum</span> <span class='ocrx_word' id='word_1_354' title='bbox 1829 1392 2015 1432; x_wconf 86' lang='lat' dir='ltr'>liberum</span> 
     </span>
     <span class='ocr_line' id='line_1_71' title="bbox 1125 1454 2017 1507; baseline 0.007 -18"><span class='ocrx_word' id='word_1_355' title='bbox 1125 1454 1293 1501; x_wconf 71' lang='lat' dir='ltr'>esse,⁷et</span> <span class='ocrx_word' id='word_1_356' title='bbox 1314 1454 1475 1505; x_wconf 88' lang='lat' dir='ltr'>regium</span> <span class='ocrx_word' id='word_1_357' title='bbox 1497 1454 1678 1493; x_wconf 86' lang='lat' dir='ltr'>animum</span> <span class='ocrx_word' id='word_1_358' title='bbox 1703 1457 2017 1507; x_wconf 84' lang='lat' dir='ltr'>gererejnssis-</span> 
     </span>
     <span class='ocr_line' id='line_1_72' title="bbox 1125 1517 2051 1568; baseline 0.009 -16"><span class='ocrx_word' id='word_1_359' title='bbox 1125 1525 1186 1565; x_wconf 89' lang='lat' dir='ltr'>se,</span> <span class='ocrx_word' id='word_1_360' title='bbox 1206 1526 1387 1567; x_wconf 87' lang='lat' dir='ltr'>ossaque</span> <span class='ocrx_word' id='word_1_361' title='bbox 1405 1517 1559 1568; x_wconf 85' lang='lat' dir='ltr'>Pyrrhi</span> <span class='ocrx_word' id='word_1_362' title='bbox 1579 1530 1707 1558; x_wconf 86' lang='lat' dir='ltr'>aurea</span> <span class='ocrx_word' id='word_1_363' title='bbox 1724 1531 1830 1558; x_wconf 89' lang='lat' dir='ltr'>urna</span> <span class='ocrx_word' id='word_1_364' title='bbox 1851 1520 2014 1565; x_wconf 82' lang='lat' dir='ltr'>inclusa</span> <span class='ocrx_word' id='word_1_365' title='bbox 2047 1546 2051 1550; x_wconf 46' lang='grc' dir='ltr'><em>ι</em></span> 
     </span>
     <span class='ocr_line' id='line_1_73' title="bbox 1123 1577 2014 1634; baseline 0.009 -17"><span class='ocrx_word' id='word_1_366' title='bbox 1123 1577 1166 1617; x_wconf 92' lang='lat' dir='ltr'>in</span> <span class='ocrx_word' id='word_1_367' title='bbox 1188 1581 1372 1629; x_wconf 87' lang='lat' dir='ltr'>patriam</span> <span class='ocrx_word' id='word_1_368' title='bbox 1388 1580 1440 1620; x_wconf 86' lang='lat' dir='ltr'>ad</span> <span class='ocrx_word' id='word_1_369' title='bbox 1462 1581 1640 1621; x_wconf 85' lang='lat' dir='ltr'>fratrem</span> <span class='ocrx_word' id='word_1_370' title='bbox 1660 1585 1924 1634; x_wconf 88' lang='lat' dir='ltr'>reportanda</span> <span class='ocrx_word' id='word_1_371' title='bbox 1944 1599 2014 1625; x_wconf 84' lang='lat' dir='ltr'>cu·</span> 
     </span>
     <span class='ocr_line' id='line_1_74' title="bbox 1123 1646 2012 1698; baseline 0.008 -16"><span class='ocrx_word' id='word_1_372' title='bbox 1123 1654 1255 1685; x_wconf 87' lang='lat' dir='ltr'>rasse.</span> <span class='ocrx_word' id='word_1_373' title='bbox 1313 1646 1423 1687; x_wconf 80' lang='lat' dir='ltr'>Quae</span> <span class='ocrx_word' id='word_1_374' title='bbox 1453 1659 1605 1698; x_wconf 86' lang='lat' dir='ltr'>magua</span> <span class='ocrx_word' id='word_1_375' title='bbox 1625 1646 1823 1698; x_wconf 79' lang='lat' dir='ltr'>profecto</span> <span class='ocrx_word' id='word_1_376' title='bbox 1843 1647 1925 1689; x_wconf 89' lang='lat' dir='ltr'>fuit</span> <span class='ocrx_word' id='word_1_377' title='bbox 1948 1662 2012 1690; x_wconf 89' lang='lat' dir='ltr'>re·</span> 
     </span>
     <span class='ocr_line' id='line_1_75' title="bbox 1122 1707 2051 1757; baseline 0.009 -11"><span class='ocrx_word' id='word_1_378' title='bbox 1122 1707 1185 1757; x_wconf 82' lang='lat' dir='ltr'>gis</span> <span class='ocrx_word' id='word_1_379' title='bbox 1221 1709 1468 1750; x_wconf 87' lang='lat' dir='ltr'>clementia.</span> <span class='ocrx_word' id='word_1_380' title='bbox 1537 1711 1798 1751; x_wconf 82' lang='lat' dir='ltr'>Plutarchus</span> <span class='ocrx_word' id='word_1_381' title='bbox 1837 1713 1879 1752; x_wconf 94' lang='lat' dir='ltr'>in</span> <span class='ocrx_word' id='word_1_382' title='bbox 1909 1715 2013 1754; x_wconf 86' lang='lat' dir='ltr'>Vita</span> <span class='ocrx_word' id='word_1_383' title='bbox 2048 1744 2051 1748; x_wconf 61' lang='grc'><em>»</em></span> 
     </span>
     <span class='ocr_line' id='line_1_76' title="bbox 1123 1772 2011 1830; baseline 0.009 -20"><span class='ocrx_word' id='word_1_384' title='bbox 1123 1772 1295 1824; x_wconf 83' lang='lat' dir='ltr'>Pyrrhi,</span> <span class='ocrx_word' id='word_1_385' title='bbox 1325 1774 1430 1814; x_wconf 80' lang='lat' dir='ltr'>dicit</span> <span class='ocrx_word' id='word_1_386' title='bbox 1458 1775 1594 1825; x_wconf 88' lang='lat' dir='ltr'>illum,</span> <span class='ocrx_word' id='word_1_387' title='bbox 1631 1775 1731 1816; x_wconf 90' lang='lat' dir='ltr'>dum</span> <span class='ocrx_word' id='word_1_388' title='bbox 1767 1776 1907 1828; x_wconf 81' lang='lat' dir='ltr'>Argos</span> <span class='ocrx_word' id='word_1_389' title='bbox 1937 1790 2011 1830; x_wconf 89' lang='lat' dir='ltr'>op·</span> 
     </span>
     <span class='ocr_line' id='line_1_77' title="bbox 1122 1839 2009 1890; baseline 0.007 -15"><span class='ocrx_word' id='word_1_390' title='bbox 1122 1845 1352 1888; x_wconf 84' lang='lat' dir='ltr'>pugnaret,</span> <span class='ocrx_word' id='word_1_391' title='bbox 1374 1851 1450 1889; x_wconf 88' lang='lat' dir='ltr'>per</span> <span class='ocrx_word' id='word_1_392' title='bbox 1471 1839 1754 1890; x_wconf 79' lang='lat' dir='ltr'>proditionem</span> <span class='ocrx_word' id='word_1_393' title='bbox 1788 1848 1918 1881; x_wconf 88' lang='lat' dir='ltr'>nocte</span> <span class='ocrx_word' id='word_1_394' title='bbox 1943 1855 2009 1880; x_wconf 89' lang='lat' dir='ltr'>ur-</span> 
     </span>
     <span class='ocr_line' id='line_1_78' title="bbox 1123 1899 2023 1953; baseline 0.006 -15"><span class='ocrx_word' id='word_1_395' title='bbox 1123 1899 1217 1939; x_wconf 87' lang='lat' dir='ltr'>bem</span> <span class='ocrx_word' id='word_1_396' title='bbox 1247 1900 1503 1953; x_wconf 84' lang='lat' dir='ltr'>ingressum,</span> <span class='ocrx_word' id='word_1_397' title='bbox 1523 1902 1618 1942; x_wconf 52' lang='lat' dir='ltr'>&gt;una</span> <span class='ocrx_word' id='word_1_398' title='bbox 1642 1915 1743 1942; x_wconf 59' lang='lat' dir='ltr'>&lt;cum</span> <span class='ocrx_word' id='word_1_399' title='bbox 1774 1904 1941 1943; x_wconf 90' lang='lat' dir='ltr'>Galatis</span> <span class='ocrx_word' id='word_1_400' title='bbox 1967 1905 2023 1943; x_wconf 84' lang='lat' dir='ltr'>in-</span> 
     </span>
     <span class='ocr_line' id='line_1_79' title="bbox 1120 1962 2010 2019; baseline 0.006 -17"><span class='ocrx_word' id='word_1_401' title='bbox 1120 1962 1259 2003; x_wconf 84' lang='lat' dir='ltr'>forum</span> <span class='ocrx_word' id='word_1_402' title='bbox 1295 1977 1426 2017; x_wconf 88' lang='lat' dir='ltr'>usque</span> <span class='ocrx_word' id='word_1_403' title='bbox 1461 1966 1733 2017; x_wconf 81' lang='lat' dir='ltr'>pervenisse3</span> <span class='ocrx_word' id='word_1_404' title='bbox 1778 1968 1891 2019; x_wconf 88' lang='lat' dir='ltr'>quod</span> <span class='ocrx_word' id='word_1_405' title='bbox 1913 1980 2010 2007; x_wconf 86' lang='lat' dir='ltr'>sen-</span> 
     </span>
     <span class='ocr_line' id='line_1_80' title="bbox 1121 2028 2007 2083; baseline 0.005 -16"><span class='ocrx_word' id='word_1_406' title='bbox 1121 2029 1280 2068; x_wconf 75' lang='lat' dir='ltr'>tientes</span> <span class='ocrx_word' id='word_1_407' title='bbox 1300 2028 1468 2082; x_wconf 80' lang='lat' dir='ltr'>Argivi,</span> <span class='ocrx_word' id='word_1_408' title='bbox 1489 2031 1702 2083; x_wconf 83' lang='lat' dir='ltr'>Olypeum</span> <span class='ocrx_word' id='word_1_409' title='bbox 1738 2036 1784 2071; x_wconf 89' lang='lat' dir='ltr'>et</span> <span class='ocrx_word' id='word_1_410' title='bbox 1804 2032 1888 2070; x_wconf 90' lang='lat' dir='ltr'>alia</span> <span class='ocrx_word' id='word_1_411' title='bbox 1917 2044 2007 2071; x_wconf 91' lang='lat' dir='ltr'>mu-</span> 
     </span>
     <span class='ocr_line' id='line_1_81' title="bbox 1119 2091 2006 2147; baseline 0.006 -17"><span class='ocrx_word' id='word_1_412' title='bbox 1119 2091 1211 2131; x_wconf 89' lang='lat' dir='ltr'>nita</span> <span class='ocrx_word' id='word_1_413' title='bbox 1242 2093 1359 2133; x_wconf 85' lang='lat' dir='ltr'>urbis</span> <span class='ocrx_word' id='word_1_414' title='bbox 1378 2095 1474 2134; x_wconf 81' lang='lat' dir='ltr'>loca</span> <span class='ocrx_word' id='word_1_415' title='bbox 1493 2099 1718 2146; x_wconf 87' lang='lat' dir='ltr'>ceperunt,</span> <span class='ocrx_word' id='word_1_416' title='bbox 1741 2094 2006 2147; x_wconf 87' lang='lat' dir='ltr'>Antigonum</span> 
     </span>
     <span class='ocr_line' id='line_1_82' title="bbox 1118 2157 2008 2213; baseline 0.006 -17"><span class='ocrx_word' id='word_1_417' title='bbox 1118 2157 1161 2196; x_wconf 87' lang='lat' dir='ltr'>in</span> <span class='ocrx_word' id='word_1_418' title='bbox 1182 2157 1331 2198; x_wconf 87' lang='lat' dir='ltr'>urbem</span> <span class='ocrx_word' id='word_1_419' title='bbox 1355 2160 1621 2200; x_wconf 84' lang='lat' dir='ltr'>acciverunt.</span> <span class='ocrx_word' id='word_1_420' title='bbox 1665 2160 1783 2200; x_wconf 86' lang='lat' dir='ltr'>Tunc</span> <span class='ocrx_word' id='word_1_421' title='bbox 1803 2162 2008 2213; x_wconf 88' lang='lat' dir='ltr'>Pyrrhus,</span> 
     </span>
     <span class='ocr_line' id='line_1_83' title="bbox 1119 2218 2006 2275; baseline 0.003 -15"><span class='ocrx_word' id='word_1_422' title='bbox 1119 2221 1191 2260; x_wconf 90' lang='lat' dir='ltr'>ubi</span> <span class='ocrx_word' id='word_1_423' title='bbox 1226 2222 1337 2261; x_wconf 89' lang='lat' dir='ltr'>vidit</span> <span class='ocrx_word' id='word_1_424' title='bbox 1374 2218 1581 2275; x_wconf 68' lang='lat' dir='ltr'>Clype&#39;um</span> <span class='ocrx_word' id='word_1_425' title='bbox 1619 2223 1847 2263; x_wconf 87' lang='lat' dir='ltr'>hostilibus</span> <span class='ocrx_word' id='word_1_426' title='bbox 1879 2226 2006 2263; x_wconf 84' lang='lat' dir='ltr'>armis</span> 
     </span>
     <span class='ocr_line' id='line_1_84' title="bbox 1118 2282 2004 2335; baseline 0.007 -13"><span class='ocrx_word' id='word_1_427' title='bbox 1118 2282 1341 2335; x_wconf 84' lang='lat' dir='ltr'>refertum,</span> <span class='ocrx_word' id='word_1_428' title='bbox 1378 2292 1424 2326; x_wconf 88' lang='lat' dir='ltr'>et</span> <span class='ocrx_word' id='word_1_429' title='bbox 1452 2286 1536 2325; x_wconf 91' lang='lat' dir='ltr'>alia</span> <span class='ocrx_word' id='word_1_430' title='bbox 1565 2298 1660 2325; x_wconf 86' lang='lat' dir='ltr'>esse</span> <span class='ocrx_word' id='word_1_431' title='bbox 1691 2287 1856 2326; x_wconf 87' lang='lat' dir='ltr'>munita</span> <span class='ocrx_word' id='word_1_432' title='bbox 1885 2289 2004 2328; x_wconf 86' lang='lat' dir='ltr'>urbis</span> 
     </span>
     <span class='ocr_line' id='line_1_85' title="bbox 1116 2348 2004 2401; baseline 0.003 -15"><span class='ocrx_word' id='word_1_433' title='bbox 1116 2348 1227 2398; x_wconf 90' lang='lat' dir='ltr'>loca,</span> <span class='ocrx_word' id='word_1_434' title='bbox 1275 2349 1479 2400; x_wconf 81' lang='lat' dir='ltr'>prodigiis</span> <span class='ocrx_word' id='word_1_435' title='bbox 1516 2349 1768 2401; x_wconf 89' lang='lat' dir='ltr'>quibusdam</span> <span class='ocrx_word' id='word_1_436' title='bbox 1809 2351 2004 2400; x_wconf 83' lang='lat' dir='ltr'>territus,</span> 
     </span>
     <span class='ocr_line' id='line_1_86' title="bbox 1116 2412 2003 2464; baseline 0.006 -16"><span class='ocrx_word' id='word_1_437' title='bbox 1116 2412 1406 2461; x_wconf 88' lang='lat' dir='ltr'>retrocedere,</span> <span class='ocrx_word' id='word_1_438' title='bbox 1426 2418 1472 2452; x_wconf 93' lang='lat' dir='ltr'>et</span> <span class='ocrx_word' id='word_1_439' title='bbox 1487 2413 1634 2452; x_wconf 85' lang='lat' dir='ltr'>urbem</span> <span class='ocrx_word' id='word_1_440' title='bbox 1657 2413 1803 2464; x_wconf 82' lang='lat' dir='ltr'>egredi</span> <span class='ocrx_word' id='word_1_441' title='bbox 1826 2414 2003 2463; x_wconf 87' lang='lat' dir='ltr'>statuit;</span> 
     </span>
     <span class='ocr_line' id='line_1_87' title="bbox 1114 2475 2003 2528; baseline 0.004 -15"><span class='ocrx_word' id='word_1_442' title='bbox 1114 2475 1190 2515; x_wconf 88' lang='lat' dir='ltr'>sed</span> <span class='ocrx_word' id='word_1_443' title='bbox 1211 2488 1307 2517; x_wconf 83' lang='lat' dir='ltr'>cum</span> <span class='ocrx_word' id='word_1_444' title='bbox 1326 2476 1540 2527; x_wconf 87' lang='lat' dir='ltr'>angustias</span> <span class='ocrx_word' id='word_1_445' title='bbox 1557 2482 1778 2528; x_wconf 87' lang='lat' dir='ltr'>portarum</span> <span class='ocrx_word' id='word_1_446' title='bbox 1800 2476 2003 2517; x_wconf 87' lang='lat' dir='ltr'>formida-</span> 
     </span>
     <span class='ocr_line' id='line_1_88' title="bbox 1114 2539 2002 2591; baseline 0.002 -13"><span class='ocrx_word' id='word_1_447' title='bbox 1114 2545 1200 2589; x_wconf 83' lang='lat' dir='ltr'>ret,</span> <span class='ocrx_word' id='word_1_448' title='bbox 1220 2539 1416 2579; x_wconf 89' lang='lat' dir='ltr'>nuntium</span> <span class='ocrx_word' id='word_1_449' title='bbox 1435 2540 1666 2591; x_wconf 84' lang='lat' dir='ltr'>praemittit</span> <span class='ocrx_word' id='word_1_450' title='bbox 1682 2540 1733 2580; x_wconf 87' lang='lat' dir='ltr'>ad</span> <span class='ocrx_word' id='word_1_451' title='bbox 1755 2540 1890 2580; x_wconf 88' lang='lat' dir='ltr'>filium</span> <span class='ocrx_word' id='word_1_452' title='bbox 1913 2541 2002 2580; x_wconf 83' lang='lat' dir='ltr'>He-</span> 
     </span>
     <span class='ocr_line' id='line_1_89' title="bbox 1113 2603 2002 2655; baseline 0.003 -15"><span class='ocrx_word' id='word_1_453' title='bbox 1113 2603 1274 2655; x_wconf 82' lang='lat' dir='ltr'>lenum,</span> <span class='ocrx_word' id='word_1_454' title='bbox 1304 2604 1376 2655; x_wconf 90' lang='lat' dir='ltr'>qui</span> <span class='ocrx_word' id='word_1_455' title='bbox 1406 2616 1503 2643; x_wconf 90' lang='lat' dir='ltr'>cum</span> <span class='ocrx_word' id='word_1_456' title='bbox 1533 2615 1688 2654; x_wconf 86' lang='lat' dir='ltr'>magna</span> <span class='ocrx_word' id='word_1_457' title='bbox 1716 2616 1843 2643; x_wconf 88' lang='lat' dir='ltr'>manu</span> <span class='ocrx_word' id='word_1_458' title='bbox 1877 2610 2002 2643; x_wconf 85' lang='lat' dir='ltr'>extra</span> 
     </span>
     <span class='ocr_line' id='line_1_90' title="bbox 1113 2666 1999 2718; baseline 0.001 -14"><span class='ocrx_word' id='word_1_459' title='bbox 1113 2667 1269 2706; x_wconf 80' lang='lat' dir='ltr'>moenia</span> <span class='ocrx_word' id='word_1_460' title='bbox 1287 2666 1484 2717; x_wconf 90' lang='lat' dir='ltr'>sedebat,</span> <span class='ocrx_word' id='word_1_461' title='bbox 1504 2671 1553 2706; x_wconf 87' lang='lat' dir='ltr'>ut</span> <span class='ocrx_word' id='word_1_462' title='bbox 1579 2666 1765 2718; x_wconf 84' lang='lat' dir='ltr'>dejectis</span> <span class='ocrx_word' id='word_1_463' title='bbox 1791 2668 1999 2707; x_wconf 83' lang='lat' dir='ltr'>moenibus</span> 
     </span>
     <span class='ocr_line' id='line_1_91' title="bbox 1112 2729 2000 2782; baseline 0.002 -14"><span class='ocrx_word' id='word_1_464' title='bbox 1112 2729 1273 2769; x_wconf 79' lang='lat' dir='ltr'>aditum</span> <span class='ocrx_word' id='word_1_465' title='bbox 1295 2729 1375 2770; x_wconf 88' lang='lat' dir='ltr'>sibi</span> <span class='ocrx_word' id='word_1_466' title='bbox 1397 2730 1602 2781; x_wconf 86' lang='lat' dir='ltr'>aperiret,</span> <span class='ocrx_word' id='word_1_467' title='bbox 1632 2742 1816 2782; x_wconf 87' lang='lat' dir='ltr'>suosque</span> <span class='ocrx_word' id='word_1_468' title='bbox 1838 2735 2000 2771; x_wconf 87' lang='lat' dir='ltr'>tutare-</span> 
     </span>
     <span class='ocr_line' id='line_1_92' title="bbox 1112 2792 1999 2845; baseline 0.002 -14"><span class='ocrx_word' id='word_1_469' title='bbox 1112 2798 1206 2832; x_wconf 85' lang='lat' dir='ltr'>tur:</span> <span class='ocrx_word' id='word_1_470' title='bbox 1238 2792 1350 2832; x_wconf 86' lang='lat' dir='ltr'>filius</span> <span class='ocrx_word' id='word_1_471' title='bbox 1369 2805 1452 2831; x_wconf 91' lang='lat' dir='ltr'>non</span> <span class='ocrx_word' id='word_1_472' title='bbox 1483 2800 1603 2832; x_wconf 85' lang='lat' dir='ltr'>recte</span> <span class='ocrx_word' id='word_1_473' title='bbox 1633 2798 1816 2845; x_wconf 88' lang='lat' dir='ltr'>accepto</span> <span class='ocrx_word' id='word_1_474' title='bbox 1848 2794 1999 2835; x_wconf 89' lang='lat' dir='ltr'>nuntio</span> 
     </span>
     <span class='ocr_line' id='line_1_93' title="bbox 1113 2855 2001 2908; baseline 0 -13"><span class='ocrx_word' id='word_1_475' title='bbox 1113 2857 1165 2895; x_wconf 83' lang='lat' dir='ltr'>ad</span> <span class='ocrx_word' id='word_1_476' title='bbox 1189 2869 1314 2907; x_wconf 86' lang='lat' dir='ltr'>opem</span> <span class='ocrx_word' id='word_1_477' title='bbox 1334 2855 1553 2895; x_wconf 85' lang='lat' dir='ltr'>ferendam</span> <span class='ocrx_word' id='word_1_478' title='bbox 1574 2856 1725 2896; x_wconf 84' lang='lat' dir='ltr'>urbem</span> <span class='ocrx_word' id='word_1_479' title='bbox 1747 2856 2001 2908; x_wconf 81' lang='lat' dir='ltr'>ingreditur,</span> 
     </span>
     <span class='ocr_line' id='line_1_94' title="bbox 1111 2920 1997 2973; baseline 0 -13"><span class='ocrx_word' id='word_1_480' title='bbox 1111 2929 1154 2961; x_wconf 80' lang='lat' dir='ltr'>et</span> <span class='ocrx_word' id='word_1_481' title='bbox 1175 2922 1234 2960; x_wconf 89' lang='lat' dir='ltr'>ita</span> <span class='ocrx_word' id='word_1_482' title='bbox 1249 2920 1515 2972; x_wconf 88' lang='lat' dir='ltr'>fugientibus</span> <span class='ocrx_word' id='word_1_483' title='bbox 1533 2921 1826 2973; x_wconf 88' lang='lat' dir='ltr'>ingredientes</span> <span class='ocrx_word' id='word_1_484' title='bbox 1848 2935 1997 2962; x_wconf 88' lang='lat' dir='ltr'>occur-</span> 
     </span>
     <span class='ocr_line' id='line_1_95' title="bbox 1110 2983 1996 3037; baseline -0.002 -13"><span class='ocrx_word' id='word_1_485' title='bbox 1110 2992 1228 3036; x_wconf 89' lang='lat' dir='ltr'>runt,</span> <span class='ocrx_word' id='word_1_486' title='bbox 1246 2985 1573 3037; x_wconf 87' lang='lat' dir='ltr'>impediuntque</span> <span class='ocrx_word' id='word_1_487' title='bbox 1594 2983 1755 3036; x_wconf 83' lang='lat' dir='ltr'>fugam.</span> <span class='ocrx_word' id='word_1_488' title='bbox 1806 2985 1996 3036; x_wconf 85' lang='lat' dir='ltr'>Pyrrhus</span> 
     </span>
     <span class='ocr_line' id='line_1_96' title="bbox 1111 3048 1995 3098; baseline -0.003 -9"><span class='ocrx_word' id='word_1_489' title='bbox 1111 3050 1182 3089; x_wconf 88' lang='lat' dir='ltr'>ubi</span> <span class='ocrx_word' id='word_1_490' title='bbox 1218 3050 1429 3089; x_wconf 82' lang='lat' dir='ltr'>evadendi</span> <span class='ocrx_word' id='word_1_491' title='bbox 1462 3048 1761 3089; x_wconf 87' lang='lat' dir='ltr'>difficultatem</span> <span class='ocrx_word' id='word_1_492' title='bbox 1803 3049 1924 3098; x_wconf 86' lang='lat' dir='ltr'>vidit,</span> <span class='ocrx_word' id='word_1_493' title='bbox 1953 3049 1995 3086; x_wconf 92' lang='lat' dir='ltr'>in</span> 
     </span>
     <span class='ocr_line' id='line_1_97' title="bbox 1110 3113 1996 3165; baseline -0.002 -14"><span class='ocrx_word' id='word_1_494' title='bbox 1110 3119 1420 3165; x_wconf 88' lang='lat' dir='ltr'>persequentes</span> <span class='ocrx_word' id='word_1_495' title='bbox 1443 3113 1589 3152; x_wconf 87' lang='lat' dir='ltr'>hostes</span> <span class='ocrx_word' id='word_1_496' title='bbox 1609 3124 1842 3152; x_wconf 89' lang='lat' dir='ltr'>conversus</span> <span class='ocrx_word' id='word_1_497' title='bbox 1856 3124 1879 3150; x_wconf 87' lang='lat' dir='ltr'>a</span> <span class='ocrx_word' id='word_1_498' title='bbox 1900 3122 1996 3161; x_wconf 87' lang='lat' dir='ltr'>gre·</span> 
     </span>
     <span class='ocr_line' id='line_1_98' title="bbox 1109 3175 1995 3228; baseline -0.005 -12"><span class='ocrx_word' id='word_1_499' title='bbox 1109 3178 1226 3228; x_wconf 82' lang='lat' dir='ltr'>gario</span> <span class='ocrx_word' id='word_1_500' title='bbox 1245 3177 1381 3216; x_wconf 90' lang='lat' dir='ltr'>milite</span> <span class='ocrx_word' id='word_1_501' title='bbox 1401 3175 1564 3228; x_wconf 87' lang='lat' dir='ltr'>Argivo</span> <span class='ocrx_word' id='word_1_502' title='bbox 1584 3177 1707 3215; x_wconf 87' lang='lat' dir='ltr'>hasta</span> <span class='ocrx_word' id='word_1_503' title='bbox 1726 3176 1880 3215; x_wconf 86' lang='lat' dir='ltr'>leviter</span> <span class='ocrx_word' id='word_1_504' title='bbox 1898 3187 1995 3225; x_wconf 89' lang='lat' dir='ltr'>per-</span> 
     </span>
     <span class='ocr_line' id='line_1_99' title="bbox 1107 3238 1995 3292; baseline -0.007 -12"><span class='ocrx_word' id='word_1_505' title='bbox 1107 3253 1271 3290; x_wconf 85' lang='lat' dir='ltr'>cussuS,</span> <span class='ocrx_word' id='word_1_506' title='bbox 1287 3253 1440 3292; x_wconf 89' lang='lat' dir='ltr'>equum</span> <span class='ocrx_word' id='word_1_507' title='bbox 1473 3241 1622 3290; x_wconf 84' lang='lat' dir='ltr'>adegit</span> <span class='ocrx_word' id='word_1_508' title='bbox 1650 3240 1692 3278; x_wconf 92' lang='lat' dir='ltr'>in</span> <span class='ocrx_word' id='word_1_509' title='bbox 1713 3239 1845 3277; x_wconf 88' lang='lat' dir='ltr'>illum.</span> <span class='ocrx_word' id='word_1_510' title='bbox 1902 3238 1995 3275; x_wconf 82' lang='lat' dir='ltr'>Ma-</span> 
     </span>
     <span class='ocr_line' id='line_1_100' title="bbox 1107 3302 1992 3355; baseline -0.005 -13"><span class='ocrx_word' id='word_1_511' title='bbox 1107 3308 1173 3343; x_wconf 88' lang='lat' dir='ltr'>ter</span> <span class='ocrx_word' id='word_1_512' title='bbox 1189 3304 1300 3355; x_wconf 83' lang='lat' dir='ltr'>ejus,</span> <span class='ocrx_word' id='word_1_513' title='bbox 1325 3317 1419 3355; x_wconf 87' lang='lat' dir='ltr'>quae</span> <span class='ocrx_word' id='word_1_514' title='bbox 1453 3302 1566 3342; x_wconf 89' lang='lat' dir='ltr'>forte</span> <span class='ocrx_word' id='word_1_515' title='bbox 1596 3303 1781 3353; x_wconf 87' lang='lat' dir='ltr'>desuper</span> <span class='ocrx_word' id='word_1_516' title='bbox 1807 3312 1992 3352; x_wconf 84' lang='lat' dir='ltr'>pugnam</span> 
     </span>
     <span class='ocr_line' id='line_1_101' title="bbox 1105 3365 2029 3418; baseline -0.004 -14"><span class='ocrx_word' id='word_1_517' title='bbox 1105 3368 1355 3418; x_wconf 79' lang='lat' dir='ltr'>spectabat,</span> <span class='ocrx_word' id='word_1_518' title='bbox 1390 3368 1564 3418; x_wconf 87' lang='lat' dir='ltr'>cognito</span> <span class='ocrx_word' id='word_1_519' title='bbox 1594 3365 1671 3405; x_wconf 89' lang='lat' dir='ltr'>filii</span> <span class='ocrx_word' id='word_1_520' title='bbox 1701 3365 1910 3415; x_wconf 88' lang='lat' dir='ltr'>periculo,</span> <span class='ocrx_word' id='word_1_521' title='bbox 1930 3370 1992 3402; x_wconf 82' lang='lat' dir='ltr'>te·</span> <span class='ocrx_word' id='word_1_522' title='bbox 2023 3402 2029 3405; x_wconf 61' lang='grc'><strong><em>,</em></strong></span> 
     </span>
     <span class='ocr_line' id='line_1_102' title="bbox 1107 3429 1991 3482; baseline -0.006 -12"><span class='ocrx_word' id='word_1_523' title='bbox 1107 3432 1266 3482; x_wconf 89' lang='lat' dir='ltr'>gulam,</span> <span class='ocrx_word' id='word_1_524' title='bbox 1288 3432 1354 3471; x_wconf 83' lang='lat' dir='ltr'>vel</span> <span class='ocrx_word' id='word_1_525' title='bbox 1376 3438 1421 3471; x_wconf 90' lang='lat' dir='ltr'>ut</span> <span class='ocrx_word' id='word_1_526' title='bbox 1442 3431 1515 3470; x_wconf 81' lang='lat' dir='ltr'>alii</span> <span class='ocrx_word' id='word_1_527' title='bbox 1540 3430 1706 3475; x_wconf 85' lang='lat' dir='ltr'>dicunt,</span> <span class='ocrx_word' id='word_1_528' title='bbox 1728 3429 1991 3476; x_wconf 85' lang='lat' dir='ltr'>mortarium,</span> 
     </span>
     <span class='ocr_line' id='line_1_103' title="bbox 1107 3490 1988 3545; baseline -0.006 -13"><span class='ocrx_word' id='word_1_529' title='bbox 1107 3494 1160 3532; x_wconf 89' lang='lat' dir='ltr'>de</span> <span class='ocrx_word' id='word_1_530' title='bbox 1180 3494 1366 3545; x_wconf 89' lang='lat' dir='ltr'>speculis</span> <span class='ocrx_word' id='word_1_531' title='bbox 1385 3494 1426 3533; x_wconf 91' lang='lat' dir='ltr'>in</span> <span class='ocrx_word' id='word_1_532' title='bbox 1447 3492 1603 3543; x_wconf 88' lang='lat' dir='ltr'>Pyrrhi</span> <span class='ocrx_word' id='word_1_533' title='bbox 1623 3497 1753 3542; x_wconf 87' lang='lat' dir='ltr'>capnt</span> <span class='ocrx_word' id='word_1_534' title='bbox 1774 3490 1988 3541; x_wconf 79' lang='lat' dir='ltr'>conjecit3</span> 
     </span>
    </p>
   </div>
   <div class='ocr_carea' id='block_1_10' title="bbox 1106 3552 1989 3658">
    <p class='ocr_par' dir='ltr' id='par_1_13' title="bbox 1106 3552 1989 3658">
     <span class='ocr_line' id='line_1_104' title="bbox 1106 3552 1989 3609; baseline -0.007 -14"><span class='ocrx_word' id='word_1_535' title='bbox 1106 3570 1188 3609; x_wconf 89' lang='lat' dir='ltr'>quo</span> <span class='ocrx_word' id='word_1_536' title='bbox 1209 3559 1299 3598; x_wconf 87' lang='lat' dir='ltr'>ictu</span> <span class='ocrx_word' id='word_1_537' title='bbox 1327 3554 1607 3596; x_wconf 87' lang='lat' dir='ltr'>moribundus</span> <span class='ocrx_word' id='word_1_538' title='bbox 1638 3552 1812 3593; x_wconf 64' lang='lat' dir='ltr'>cecidit.</span> <span class='ocrx_word' id='word_1_539' title='bbox 1869 3553 1989 3590; x_wconf 89' lang='lat' dir='ltr'>Tunc</span> 
     </span>
     <span class='ocr_line' id='line_1_105' title="bbox 1787 3619 1879 3658; baseline 0.011 -1"><span class='ocrx_word' id='word_1_540' title='bbox 1787 3622 1810 3657; x_wconf 84' lang='lat'>4</span> <span class='ocrx_word' id='word_1_541' title='bbox 1842 3619 1879 3658; x_wconf 89' lang='lat' dir='ltr'>E</span> 
     </span>
    </p>
   </div>
  </div>
 </body>
</html>
