2346 3996
535 257 802 299 VALERu
845 243 1619 297 MAXJMIIAB.VT.CAP.6.

163 368 325 419 egisset
363 364 636 418 Hispaniam.
687 362 796 403 Oliv.
843 360 1043 413 Contigit

166 430 300 546 Αξῐέ
314 440 667 543 ἓζρνιεεεηιειηιιε]
715 487 912 540 Contigit
933 499 1046 528 anno

163 556 295 597 Urbis
313 564 578 596 ccccxxvii.

215 615 446 670 Apollonia]
489 617 597 660 Quae
627 622 697 658 est
729 620 804 671 aut
823 616 868 656 in
887 615 1046 666 Ponto,

162 687 239 722 aut
275 682 318 721 in
354 682 503 732 Creta,
534 686 610 720 aut
640 681 684 720 in
714 679 854 732 Syria,
891 684 966 719 aut
1003 678 1045 718 in

160 745 369 794 Thracia;
400 744 443 785 in
463 745 659 784 omnibus
679 744 791 784 enim
809 743 892 783 illis
908 742 1046 795 regio-

163 808 286 848 nibus
306 809 524 861 reperitur
541 820 593 848 eo
614 806 786 847 nomine
806 806 910 846 urbs
927 819 940 855 ;
969 806 1044 846 sed

161 875 312 924 putem
331 871 386 911 de
406 869 592 911 Pontica
609 868 713 909 urbe
729 868 863 921 loqui.
893 868 999 910 Bad.

215 934 418 976 Sociorum
429 945 577 986 quoque
594 932 757 983 animis]
784 932 951 984 Utpote
971 933 1047 972 Sa-

160 999 434 1050 guntinorum
460 1003 507 1038 et
537 996 861 1046 Petellinorum,
882 996 935 1035 de
956 995 1047 1048 qui-

162 1062 242 1102 bus
261 1061 488 1115 sequentia
507 1065 606 1100 sunt
637 1060 849 1111 exempla,
872 1059 924 1099 ad
947 1072 1044 1112 quae

159 1135 424 1177 parasceven
442 1123 565 1165 facit.
598 1124 750 1163 Oliver.

203 1188 319 1230 Ex‘r.
333 1189 388 1240 §1
403 1187 504 1228 Post
514 1188 695 1239 duorum,
706 1185 794 1238 85c.]
811 1186 884 1227 Ita
897 1187 1044 1238 vulgo.

157 1250 303 1292 Videl.
337 1252 416 1292 Cn.
435 1255 489 1291 et>
506 1250 560 1292 P.
579 1250 843 1303 Scipionum,
865 1263 1044 1304 quorum

160 1315 273 1357 alter
286 1327 347 1356 sc.
365 1316 420 1356 P.
437 1315 602 1368 Scipio,
620 1316 713 1368 ejus
735 1315 949 1369 Scipionis
971 1328 1046 1367 pa-

161 1386 227 1420 ter
244 1379 342 1431 fuit,
360 1380 432 1433 qui
451 1379 612 1421 deiude
633 1380 865 1421 Africanus
882 1379 1043 1421 dictus.

158 1443 221 1484 Hi
241 1443 340 1492 duo,
357 1450 549 1497 utsupra
569 1445 768 1496 diximus,
784 1443 1042 1496 Hispaniam

158 1508 203 1548 in
236 1513 455 1560 potestate
488 1522 591 1562 pop.
627 1511 748 1550 Rom.
780 1509 856 1549 diu
895 1514 1042 1549 tenue-

157 1578 273 1624 rant,
291 1573 366 1612 sed
387 1572 558 1613 tandem
575 1585 653 1625 per
663 1574 894 1626 Magonem
910 1584 1044 1625 quen·

68 1641 83 1648 ·
157 1636 256 1676 dam
294 1636 520 1688 Celtiberi,
564 1649 743 1689 quorum
781 1649 880 1688 pars
908 1637 1043 1689 major

156 1706 254 1740 erat
285 1699 328 1739 in
358 1700 552 1740 exercitu
585 1701 726 1751 Rom„
759 1699 977 1740 illecebris
997 1705 1043 1740 et

155 1762 341 1816 pecunia
369 1762 580 1815 corrupti,
611 1761 869 1803 defecerunt
898 1774 923 1802 a
956 1763 1041 1803 Ro-

154 1826 307 1868 manis.
365 1826 547 1866 Romani
571 1839 677 1868 vero
705 1827 937 1878 exercitus,
968 1839 1042 1867 ex·

155 1889 287 1929 ternis
323 1889 497 1933 auxiliis
534 1889 752 1941 destituti,
785 1891 830 1930 in
878 1892 1042 1934 tutiora

154 1955 251 1995 loca
267 1967 314 1995 se
346 1960 620 2007 receperunt,
642 1960 687 1999 et
707 1956 879 1997 clitellis
909 1961 1040 2009 atque

153 2017 476 2071 impedimentis
508 2020 619 2060 vallo
652 2018 787 2072 facto,
819 2033 843 2060 a
877 2021 1042 2071 Poenis,

155 2081 310 2136 quibus
339 2088 464 2123 erant
495 2083 658 2124 viribus
692 2083 936 2137 inferiores,
967 2085 1042 2125 diu

154 2145 336 2196 obsessi,
365 2146 540 2187 tandem
572 2147 691 2200 capti
718 2148 906 2202 caesique
926 2155 1041 2191 sunt.

155 2207 212 2248 L.
243 2221 347 2249 vero
384 2210 571 2250 Martius
609 2210 804 2251 tribunus
839 2212 1040 2262 militum,

153 2272 351 2314 collectis
371 2273 566 2326 reliquiis
595 2274 832 2325 exercitus,
847 2279 892 2315 et
910 2281 1040 2315 nocte

153 2336 352 2390 sequenti
370 2337 536 2378 vocatis
551 2338 606 2378 ad
626 2339 877 2379 concionem
896 2339 1040 2381 militi-

153 2399 248 2452 bus,
266 2401 465 2442 hortatus
484 2408 565 2453 est,
582 2407 632 2443 ut
661 2403 894 2455 improviso
919 2403 1037 2445 iuva-

153 2463 308 2507 derent
324 2464 485 2518 hostes,
511 2466 615 2506 nihil
648 2467 735 2506 tale
753 2472 934 2519 propter
954 2468 1039 2509 vic·

151 2527 304 2568 toi-iam
323 2533 582 2580 metuentes,
596 2534 642 2570 et
656 2531 768 2574 inter
781 2532 1037 2572 concionan-

152 2590 254 2632 dum
290 2593 436 2634 subita
464 2591 634 2633 flamma
670 2606 726 2635 ex
758 2594 852 2646 ejus
880 2595 1038 2647 capitis

150 2657 276 2709 apice
297 2657 490 2708 emicuit,
510 2671 595 2711 quo
622 2659 744 2711 signo
772 2664 910 2699 motos
928 2659 1038 2700 mili-

152 2725 219 2760 tes
239 2731 289 2760 ea
307 2726 438 2766 nocte
457 2720 583 2761 duxit
601 2721 654 2761 ad
671 2722 856 2762 hostiurn
876 2728 1036 2775 castra,

149 2782 304 2836 quibus
324 2796 379 2824 ex
398 2784 629 2836 improviso
646 2786 799 2838 captis,
815 2787 1038 2840 caesisque,

148 2850 355 2902 majorem
375 2851 521 2894 intulit
555 2853 739 2904 cladem,
770 2865 895 2905 quam
916 2866 1036 2894 acce-

149 2919 292 2965 perat.
347 2914 433 2954 Sed
453 2915 496 2958 in
526 2915 605 2956 hac
632 2916 812 2956 historia
837 2916 1035 2958 Valerius

151 2976 353 3020 dissentit
390 2990 415 3016 a
453 2978 603 3018 Livio:
652 2990 736 3018 non
787 2979 899 3018 enim
936 2985 1035 3030 post

148 3052 282 3081 caesos
298 3041 339 3080 in
362 3041 576 3093 Hispania
602 3042 826 3094 Scipiones
848 3042 1034 3085 Annibal

146 3103 384 3156 Saguntum
406 3105 684 3156 expugnavit,
704 3105 782 3145 sed
802 3112 1032 3159 antequam

148 3165 306 3207 bellum
327 3180 425 3208 cum
457 3168 662 3208 Romanis
696 3168 952 3222 susciperet,
983 3174 1033 3208 ut

149 3228 297 3272 Livius
315 3231 464 3282 tradit,
481 3237 528 3272 et
555 3233 731 3274 Marcus
763 3233 926 3279 Tullius
961 3233 1030 3273 Ci-

149 3302 267 3334 cero.
320 3294 379 3334 Et
415 3296 495 3336 hoc
541 3296 645 3336 belli
692 3297 951 3349 principium
986 3303 1032 3338 et

149 3364 320 3394 causam
352 3355 484 3399 fuisse
515 3359 634 3411 dicit,
667 3362 767 3414 quia
804 3374 898 3401 cum
938 3362 1030 3413 jam

149 3416 290 3456 animo
309 3419 494 3471 agitaret
515 3421 699 3463 Annibal
732 3425 943 3464 Romanos
967 3425 1029 3463 in-

151 3478 324 3533 vadere,
341 3483 498 3526 nullam
531 3486 654 3530 aliam
689 3487 876 3528 violandi
895 3487 1030 3534 foede-

1855 242 1999 296 1235

1112 361 1172 401 ris
1218 361 1507 404 honestiorem
1555 360 1765 402 rationem
1814 360 1997 411 invenit,

1112 437 1238 476 quam
1252 425 1286 464 si
1299 426 1557 479 Saguntinos
1571 423 1774 466 Romanis
1787 422 1997 464 societate

1113 487 1366 539 conjunctos
1387 489 1646 528 adoriretur.
1680 487 1832 528 Oliver.
1895 488 1998 527 Post

1111 551 1275 590 duorum
1307 551 1350 591 in
1381 551 1579 603 Hispania
1615 549 1862 603 Scipionum]
1911 550 1996 590 Mi-

1112 612 1229 653 rifice
1239 614 1491 655 mendacem
1508 614 1826 655 fecerunthunc
1841 614 1998 655 librum

1112 676 1257 728 scioli;
1290 689 1375 717 non
1394 679 1504 718 enim
1525 684 1623 731 post
1642 679 1889 732 Scipionum
1910 679 1998 719 cla·

1112 739 1208 780 dem
1230 741 1283 781 ab
1314 740 1530 782 Annibale
1548 755 1761 794 oppressa
1778 743 1998 795 Saguntus

1112 808 1193 855 est,
1213 804 1288 844 sed
1319 805 1455 844 multo
1483 811 1625 846 antea.
1683 806 1736 846 In
1765 806 2001 858 Campensi

1110 869 1290 920 legimus
1309 884 1335 910 2·¹
1370 870 1481 910 Nam
1504 875 1591 922 post
1622 872 1801 911 duorum.
1859 871 1998 910 Immo

1111 945 1166 973 ex
1185 933 1324 985 Livio,
1341 933 1546 986 Polybio,
1563 933 1739 986 aliisque
1762 933 1999 974 Historicis

1109 996 1305 1037 omnibus
1335 997 1563 1049 legendum
1598 1008 1690 1035 esse
1710 1001 1842 1047 puto:
1889 996 2000 1036 Nam

1108 1065 1199 1100 ante
1216 1061 1380 1100 duorum
1398 1060 1441 1100 in
1461 1059 1663 1111 Hispania
1682 1058 1908 1111 Scipionum
1920 1075 1935 1106 ;
1965 1059 1999 1101 si

1110 1136 1136 1164 a
1169 1124 1353 1164 veritate
1391 1124 1618 1164 discedere
1644 1124 1841 1164 nolimus.
1898 1124 2001 1164 Cor·

1109 1188 1226 1239 rupit
1255 1188 1395 1228 locum
1412 1187 1600 1228 historiae
1637 1187 1844 1228 Romanae
1863 1188 1999 1239 impe·

1110 1253 1219 1294 ritus
1239 1253 1390 1307 aliquis
1419 1254 1622 1295 librarius
1655 1259 1729 1294 aut
1758 1253 2001 1306 ludimagis-

1109 1321 1194 1359 ter.
1225 1317 1349 1367 Pigh.

1161 1380 1402 1432 Saguntini]
1447 1382 1686 1432 Saguntum
1707 1381 1914 1434 oppidum
1931 1386 1999 1423 est

1109 1445 1476 1497 opulentissimum
1507 1445 1551 1485 in
1580 1446 1809 1498 Hispaniae
1839 1445 1996 1486 finibus

1108 1509 1294 1560 positum
1325 1509 1442 1550 circa
1473 1508 1636 1551 flumen
1667 1510 1861 1560 Iberum,
1881 1511 1994 1563 quod

1106 1572 1191 1613 fuit
1222 1572 1436 1625 quondam
1458 1574 1667 1614 terminus
1702 1574 1873 1626 imperii
1894 1586 1997 1626 pop.

1106 1636 1228 1676 Rom.
1249 1642 1294 1676 et
1314 1636 1750 1688 Carthaginiensium,
1783 1649 1996 1689 causaque

1106 1700 1284 1741 secundi
1307 1701 1462 1740 Punici
1495 1701 1624 1741 belli:
1666 1712 1762 1740 nam
1789 1712 1886 1741 cum
1906 1699 1997 1740 An-

1104 1765 1220 1807 nibal
1252 1765 1459 1819 oppidum
1490 1765 1597 1805 illud
1634 1764 1999 1816 circumsedisset,

1107 1828 1331 1880 Saguntini
1361 1829 1539 1869 Romam
1559 1829 1726 1880 legatos
1747 1828 1904 1868 auxilia
1923 1840 1998 1880 pe·

1107 1897 1249 1936 tentes
1267 1893 1490 1945 miserunt,
1505 1893 1577 1946 qui
1597 1905 1695 1934 cum
1715 1892 1880 1935 tardius
1900 1893 1997 1932 mit-

1106 1961 1319 2008 terentur,
1351 1970 1433 1998 nec
1472 1970 1517 1997 se
1558 1956 1720 1998 diutius
1758 1955 1995 1999 defendere

1105 2026 1299 2073 possent,
1330 2022 1384 2062 ad
1419 2033 1511 2062 eam
1549 2021 1834 2073 pertinaciam
1866 2033 1995 2061 vene-

1105 2089 1220 2135 runt,
1238 2085 1344 2124 utin
1365 2084 1461 2126 foro
1477 2090 1727 2125 constructo
1743 2085 1905 2137 ingenti
1925 2097 1993 2125 ro-

1105 2159 1173 2198 go,
1192 2147 1495 2201 impositisque
1515 2148 1642 2188 rebus
1665 2148 1752 2188 suis
1779 2147 1993 2198 omnibus,

1103 2209 1292 2250 flammas
1330 2212 1605 2264 subjicerent,
1642 2211 1798 2251 deinde
1831 2211 1994 2263 seipsos

1103 2273 1145 2313 in
1167 2286 1314 2326 rogum
1349 2275 1632 2328 conjicerent,
1659 2287 1716 2316 ne
1737 2288 1762 2315 a
1781 2274 1868 2315 fide
1888 2274 1993 2316 defi-

1104 2344 1269 2379 cerent.
1303 2339 1453 2379 Oliver.

1158 2403 1181 2454 ξ
1198 2407 1226 2443 2
1247 2402 1452 2456 Petellini]
1468 2402 1627 2443 Petilia
1642 2401 1743 2443 urbs
1761 2402 1991 2453 Calabriae,

1102 2466 1156 2508 de
1194 2479 1278 2520 qua
1303 2467 1500 2517 meminit
1536 2467 1770 2520 Virgilius:
1819 2466 1993 2507 ‘Parva

1101 2531 1360 2575 Philoctetae
1400 2533 1583 2574 subnixa
1628 2533 1792 2574 Petilia
1836 2530 1990 2573 muro!

1100 2595 1152 2635 In
1173 2609 1258 2649 qua
1277 2597 1544 2637 Philoctetes
1575 2597 1806 2637 Melibaeus
1839 2608 1989 2648 regna-

1101 2659 1178 2711 vit,
1206 2665 1318 2700 teste
1337 2661 1516 2701 Servio:
1557 2666 1603 2701 at
1630 2660 1789 2701 Strabo
1818 2660 1895 2700 lib.
1923 2671 1989 2700 vr.

1100 2723 1210 2763 dicit
1251 2736 1343 2765 esse
1386 2725 1654 2767 Lucanorum
1700 2724 1988 2777 metropolim,

1105 2788 1256 2829 Oliver.

1156 2852 1320 2904 Ejecta]
1361 2852 1518 2904 Vulgo,
1551 2847 1700 2904 egesta,
1733 2852 1777 2892 id
1807 2857 1891 2903 est,
1911 2863 1985 2891 ex·

1101 2919 1291 2966 portata.

1153 2979 1316 3018 Famem
1349 2978 1569 3031 traherent]
1609 2980 1677 3019 De
1697 2978 1907 3019 Petelinis
1925 2978 1983 3019 A·

1099 3042 1292 3083 thenaeus
1350 3043 1692 3094 Dipnosophista
1737 3042 1847 3081 libro
1895 3052 1984 3080 xu-

1097 3106 1294 3148 Πετιλῖνοι
1322 3104 1379 3156 δὲ,
1410 3105 1651 3158 τηρήσαντες
1669 3104 1742 3152 τὴν
1772 3103 1863 3156 πρὸς
1895 3103 1983 3144 ‘Peo-

1094 3167 1229 3218 μαίους
1272 3167 1422 3219 πίστιν,
1452 3168 1507 3208 εἷς
1547 3169 1737 3207 τοσοῦτον
1781 3165 1981 3218 καρτερίας

1094 3230 1216 3279 ἦλθον
1246 3231 1560 3284 πολιορκούμενοι
1592 3231 1656 3269 ὑπ’
1687 3229 1855 3282 Ἀννίβα,
1877 3228 1980 3271 ὥστε

1093 3296 1192 3345 μετὰ
1208 3295 1254 3335 τὸ
1268 3294 1396 3336 πάντα
1412 3295 1484 3345 μὲν
1500 3296 1549 3335 τὰ
1563 3294 1664 3336 κατὰ
1678 3293 1751 3340 τὴν
1771 3292 1882 3353 πάλιν
1897 3290 1979 3342 δέρ-

1093 3375 1198 3409 ματα
1225 3361 1482 3411 καταφαγεῖν,
1511 3357 1690 3396 ἁπάντων
1708 3354 1750 3395 δὲ
1768 3357 1847 3395 τῶν
1877 3353 1978 3396 κατὰ

1092 3426 1166 3471 τὴν
1187 3423 1302 3463 πόλιν
1330 3426 1490 3474 δενδρῶν
1507 3420 1596 3460 τοὺς
1613 3419 1772 3471 φλοιοὺς
1797 3418 1860 3458 καὶ
1881 3417 1972 3458 τοὺς

1093 3487 1265 3536 ἁπαλοὺς
1277 3487 1458 3542 πτόρθους
1468 3487 1676 3535 ἀναλῶσαι,
1689 3499 1725 3525 κ.
1736 3499 1775 3525 τ.
1788 3491 1828 3529 λ.
1843 3484 1971 3526 Coler-
