2346 3996
592 336 854 377 VALERn
897 334 1139 373 MAX1M¹
1185 336 1301 374 ma.
1330 336 1420 374 lx.
1460 337 1594 374 CAP.
1621 322 1707 376 12.

240 468 334 499 eam
371 455 556 505 Plinius,
594 454 667 507 qui
703 453 783 493 hoc
817 453 1058 504 exemplum
1094 463 1119 492 e

239 519 415 560 Valerio
463 517 578 558 haud
620 516 747 556 dubie
784 515 1007 555 desumsit.
1062 516 1120 554 Et

237 595 339 624 sane
359 582 637 634 impertinens
673 586 801 631 atque
839 578 1045 618 indecora
1061 578 1119 616 vi-

239 644 378 689 detur,
409 655 505 684 cum
536 648 686 681 auctor
718 641 812 692 ipse
842 653 939 679 mox
973 652 1118 680 eorum

237 707 349 747 hunc
369 706 529 746 exitum
552 713 744 746 excuset.
773 705 957 755 Pighius.

303 772 416 812 Exr.
465 772 487 823 ς
518 774 539 810 1
572 770 748 810 Maximi
781 771 975 809 latronum
1011 768 1121 809 ducis

237 834 454 886 Diogenis]
504 833 575 873 Ita
606 833 749 883 vulgo.
797 832 848 872 ln
878 831 1119 883 Campensi,

236 898 423 944 Eleonis,·
466 896 540 936 sed
578 896 621 935 in
653 895 947 935 Wincheliano
984 896 1118 946 magis

236 969 447 1011 correcte,
495 961 666 1001 Cleonis.
731 961 803 1000 Sic
850 960 961 1000 enim
1005 960 1119 999 hunc

236 1024 387 1065 ducem
404 1024 593 1076 appellat
621 1023 749 1063 etiam
772 1023 916 1063 Livius
936 1023 1008 1064 lib.
1029 1035 1118 1064 avr.

235 1088 390 1128 ‘Cleon
419 1098 589 1140 quoque
622 1086 733 1125 alter
768 1097 917 1126 servus
938 1085 990 1125 ad
1022 1098 1118 1138 sep·

235 1150 433 1202 tuaginta
460 1149 593 1189 millia
622 1161 841 1189 servorum
870 1148 1117 1190 contraxit!

286 1276 355 1317 Aa
375 1277 579 1329 Rupilium
598 1276 807 1328 consulem]
833 1276 936 1327 Qui,
956 1282 1003 1316 ut
1022 1277 1115 1316 dix·

234 1340 342 1381 imus
365 1341 409 1380 in
429 1353 528 1392 cap.
555 1341 610 1381 de
629 1341 873 1381 Mutatione
894 1341 1114 1391 Fortunae,

236 1405 382 1444 consul
401 1405 445 1444 in
459 1404 648 1445 Siciliam
665 1405 827 1455 missus,
861 1409 911 1446 ut
943 1405 1115 1455 provin-

233 1468 342 1508 ciam
381 1469 495 1508 illam
534 1468 678 1508 servili
711 1467 825 1507 bello
858 1473 1114 1518 occupatam

234 1531 464 1583 reciperet,
497 1536 542 1571 et
573 1543 599 1568 a
635 1529 912 1582 fugitivorum
949 1531 1115 1582 impetu

233 1599 369 1633 tutam
414 1600 699 1646 pacatamque
755 1593 973 1643 redderet,
1019 1599 1116 1644 post

233 1655 478 1696 confectum
514 1656 671 1696 bellum
702 1668 757 1696 ex
782 1656 931 1696 decem
952 1658 1113 1706 legato-

232 1731 325 1759 rum
345 1719 558 1760 sententia
589 1719 740 1760 Siculis
760 1720 876 1770 leges
897 1720 1114 1772 imposuit.

235 1781 389 1821 Oliver.

285 1844 462 1896 Enniam]
500 1844 579 1884 Est
597 1845 691 1885 haec
710 1844 809 1885 urbs
830 1845 1004 1886 Siciliae.

282 1907 349 1947 Aa
373 1919 415 1947 se
448 1908 725 1960 colligendum]
771 1908 837 1949 Ad
877 1909 1113 1950 deliberan-

230 1971 347 2023 dum,
394 1972 463 2011 vel
507 1972 561 2012 ad
595 1973 883 2024 colligendum
922 1973 1033 2014 vires
1067 1973 1111 2013 in

230 2046 373 2076 rmum.
405 2036 556 2075 Oliver.

283 2101 306 2151 ς
333 2102 359 2139 2
388 2097 681 2151 AEscltyli,81c.]
713 2099 798 2139 Hic
828 2098 988 2151 primus
1022 2103 1110 2139 tra-

231 2163 466 2214 goediarum
499 2162 685 2214 scriptor
703 2161 802 2213 fuit,
841 2168 954 2202 teste
976 2163 1110 2204 Quin-

230 2225 392 2276 tiliano,
424 2224 497 2279 qui
531 2225 619 2265 ait:
673 2225 921 2277 ‘AEschylus
955 2230 1108 2276 tragoe-

231 2287 323 2328 dias
357 2288 516 2340 primus
534 2287 576 2327 in
595 2288 735 2328 lucem
756 2287 966 2339 protulit.'
1022 2289 1109 2328 Ho-

231 2352 369 2392 ratius
389 2364 557 2405 quoque
576 2352 618 2392 in
638 2351 843 2392 Poetica:
873 2353 886 2375 ‘
902 2352 1107 2392 Personae

230 2415 443 2468 pallaeque
461 2421 658 2468 repertor
668 2416 856 2455 honestae
870 2415 1110 2467 AEschylus,

230 2485 275 2519 et
295 2479 470 2519 modicis
485 2479 688 2519 instruxit
702 2479 867 2530 pulpita
887 2479 1032 2530 tignis,
1051 2480 1109 2518 Et

229 2541 376 2582 docuit
393 2553 680 2593 magnumque
699 2541 832 2593 loqui,
857 2541 1020 2601 pitique
1040 2553 1110 2581 co·

232 2605 417 2645 thui-no!
473 2605 640 2645 Flornit
660 2604 856 2652 Athenis,
876 2612 987 2646 teste
1007 2606 1109 2646 Gel-

228 2667 303 2718 lio,
341 2674 536 2719 tempore
566 2667 794 2715 Miltiadis,
822 2680 935 2708 anno
954 2668 1109 2708 ducen-

228 2731 382 2772 tesimo
400 2730 667 2782 sexagesimo
684 2736 783 2782 post
799 2731 948 2771 urbem
965 2731 1108 2772 condi-

227 2800 330 2835 tam.
358 2796 482 2836 Idem.

285 2857 435 2910 Apn’co
453 2858 496 2898 in
515 2857 614 2910 loco]
641 2857 731 2898 Soli
759 2858 971 2909 exposito.

226 2942 229 2944 ·
287 2922 415 2972 Origo
441 2925 482 2962 et
506 2920 764 2973 principium]
793 2920 906 2961 Quia
927 2919 1024 2969 fuit,
1058 2925 1107 2959 ut

226 2985 429 3036 diximus,
446 2984 667 3035 tragoediae
695 2983 855 3035 primus
893 2983 1108 3034 inventor,

227 3047 411 3088 testibus
473 3046 739 3089 Quintiliano
803 3052 848 3086 et
905 3047 1105 3088 Horatio.

226 3112 350 3152 Iam.

227 3187 230 3190 ’
282 3176 408 3226 Origo
426 3178 464 3214 et
479 3171 735 3226 principium]
753 3172 958 3213 Testibus
976 3185 1107 3225 supra

225 3238 384 3278 citatis.
442 3236 649 3277 Fortioris
699 3242 841 3276 autem
883 3238 1104 3288 tragoediae

227 3307 444 3342 auctorem
463 3314 539 3342 cur
556 3300 661 3342 facit
679 3302 695 3341 ?
750 3301 864 3343 Quia
890 3302 1034 3342 verbis
1060 3306 1106 3341 et

226 3364 451 3404 sententiis
506 3363 667 3404 virilior
711 3369 757 3404 et
794 3365 964 3415 gravior
1026 3371 1105 3405 est.

227 3427 537 3478 Aristophanes
558 3427 711 3468 Ranis:
744 3428 872 3478 Ἀλλ’,
899 3427 929 3467 ὦ
957 3431 1105 3481 πρῶτος

229 3492 308 3530 τῶν
335 3489 533 3537 Ἑλλήνων
561 3491 768 3542 πυργώσας
794 3490 946 3542 ῥήματα
965 3492 1100 3542 σεμνὰ,

228 3553 291 3593 καὶ
336 3551 534 3602 κοσμήσας
582 3553 769 3605 τραγικὸν
812 3556 944 3606 λῆρον.
1013 3555 1100 3596 Ubi

1919 323 2060 376 1367

1182 452 1456 504 SclnoliasteS‚
1473 452 1693 506 πυργώσας,
1710 451 1866 504 inquit,
1896 452 2063 503 αὐξήσας

1183 515 1248 554 καὶ
1265 515 1425 565 μεγάλα
1443 517 1570 558 εἰπών.
1626 517 1741 557 Huic
1761 516 1890 556 etiam
1911 517 2062 557 Mene-

1184 578 1332 618 demus
1391 581 1549 631 primas
1610 579 1780 620 detulit.
1837 578 2060 620 Laertius:

1182 640 1372 694 Αἰσχύλῳ
1391 642 1498 683 δὲτὸ
1513 645 1699 697 πρωτεῖον
1733 642 1925 683 ἀπεδίδου.
1981 643 2063 685 Ce-

1183 704 1376 745 lebratur
1411 708 1538 747 etiam
1577 708 1902 759 Epigrammate
1938 705 2064 747 Anti-

1183 768 1322 820 patri:
1348 769 1398 808 ‘0
1425 769 1610 821 τραγικὸν
1636 770 1798 820 φώνημα
1832 768 1897 809 καὶ
1925 767 2061 822 ὀφρυό-

1183 843 1305 870 εσσαν
1340 831 1471 879 ἀοιδὴν
1506 833 1717 885 Πυργώσας
1734 833 1902 885 στιβαρῇ
1914 835 2063 890 πρῶτος

1183 895 1226 934 ἐν
1244 894 1390 948 εὐεπίῃ,
1421 895 1622 947 Αἰσχύλος
1653 895 1904 948 Εὐφορίωνος,
1931 897 2062 936 Ἐλευ-

1182 957 1307 1006 σινίης
1341 958 1433 999 ἑκὰς
1452 959 1536 1007 αἴης
1564 962 1698 999 xer-rac
1717 959 1900 999 κυδαίνων
1917 958 2063 1009 σήματι

1181 1020 1397 1073 Τρινακίην.
1454 1022 1583 1065 Quod
1608 1023 1669 1063 ita
1700 1023 1831 1063 verti:
1865 1024 2062 1063 Clamor-ee

1180 1086 1352 1135 tragicos
1377 1086 1678 1137 ampullatosque
1704 1098 1873 1130 sonores,
1902 1085 2065 1136 Magni·

1181 1148 1283 1199 loqui
1298 1148 1444 1200 punxit
1462 1148 1530 1199 qui
1544 1148 1656 1200 prior
1674 1150 1753 1188 oris
1772 1159 1878 1200 opus,
1898 1149 2061 1200 AEsclzy·

1180 1213 1240 1251 lus
1274 1212 1555 1263 Euphorionis,
1594 1212 1782 1252 Eleusina
1816 1213 1919 1251 alma
1968 1223 2060 1262 pro-

1178 1288 1279 1327 pago
1298 1276 1497 1327 Mortuus,
1533 1281 1590 1315 est
1608 1280 1723 1326 aptus
1742 1287 1902 1329 corpore
1920 1276 2060 1315 Tn‘na·

1178 1339 1318 1378 crium.
1373 1339 1474 1378 Fuit
1531 1339 1782 1390 Cyrenaeus,
1839 1336 2060 1379 familiaris

1180 1402 1442 1443 Callimachi.
1515 1401 1749 1443 Athenaeus
1813 1402 1891 1443 lib.
1955 1414 2059 1443 vin.

1180 1466 1320 1505 Unum
1354 1467 1484 1508 etiam
1515 1466 1641 1507 addo.
1695 1467 1946 1509 Macrobius
1966 1467 2060 1507 AEs-

1179 1529 1351 1579 chylum
1402 1529 1503 1569 satis
1553 1529 1762 1570 audacter
1816 1542 1943 1570 ausus
1991 1535 2061 1570 est

1178 1591 1364 1631 Siculum
1377 1591 1520 1633 facere
1539 1593 1614 1633 lib.
1633 1605 1678 1634 v.
1695 1605 1791 1645 cap.
1813 1597 1878 1633 19.
1907 1598 2060 1634 contra

1177 1666 1302 1705 quem
1341 1654 1560 1695 manifesti
1591 1661 1724 1696 testes
1753 1657 1985 1700 Pausanias
2015 1660 2061 1696 et

1178 1717 1434 1758 Plutarchus
1453 1719 1497 1758 in
1513 1719 1706 1760 Cimone.
1752 1719 1836 1759 Sed
1854 1719 2059 1760 Saturna-

1175 1783 1278 1823 lium
1297 1784 1556 1835 scriptorem
1575 1796 1719 1824 errare
1737 1783 1844 1828 fecit
1858 1784 2057 1825 exsilium

1176 1847 1368 1899 Tragici,
1417 1847 1532 1900 quod
1570 1848 1822 1900 plerumque
1854 1859 1978 1888 omne
2013 1848 2057 1887 in

1173 1910 1323 1952 Sicilia
1346 1910 1462 1963 apud
1484 1911 1717 1951 Hieronem
1749 1911 1854 1962 egit.
1887 1911 2060 1952 Coleruss

1229 1976 1251 2026 ᾧ
1281 1978 1305 2014 3
1338 1975 1431 2015 Non
1445 1973 1624 2025 vulgaris
1635 1975 1755 2015 etiam
1767 1975 1952 2026 Homeri,
1970 1975 2057 2027 ξω]

1175 2037 1283 2077 Cum
1311 2037 1426 2078 inter
1457 2048 1604 2078 omnes
1641 2036 1777 2079 ferme
1809 2038 2055 2090 Scriptores

1172 2111 1327 2154 magna
1344 2100 1401 2140 sit
1420 2099 1474 2140 de
1495 2099 1674 2155 Homeri
1706 2100 1848 2152 patria
1866 2100 2055 2150 parenti-

1174 2162 1337 2215 busque
1383 2163 1606 2215 dissensio,
1652 2163 1706 2204 de
1733 2168 1873 2204 morte
1910 2168 2054 2203 tamen

1172 2227 1375 2267 convenit
1405 2227 1522 2267 inter
1552 2238 1713 2278 omnes,
1743 2227 1857 2280 quod
1882 2227 1981 2267 dum
2008 2227 2053 2265 in

1172 2289 1337 2329 Ioniam
1356 2288 1531 2330 insulam
1547 2290 1809 2341 navigasset,
1838 2295 1886 2330 et
1904 2289 1946 2328 in
1966 2289 2054 2341 pis-

1171 2356 1352 2404 catores,
1391 2352 1463 2404 qui
1499 2353 1718 2394 littoribus
1757 2353 1926 2404 appulsi
1958 2364 2052 2392 sese

1172 2414 1382 2466 pediculis
1402 2415 1718 2467 expurgabam,
1750 2415 1863 2456 forte
1882 2414 2053 2455 fortuna

1171 2477 1414 2529 incidisset,
1443 2478 1640 2531 quaesivit
1667 2478 1719 2519 ab
1747 2479 1809 2518 eis
1844 2477 2052 2530 numquid

1172 2541 1399 2594 haberent,
1419 2543 1501 2593 vel,
1520 2548 1570 2582 ut
1582 2542 1653 2581 alii
1666 2541 1831 2592 dicunt,
1846 2540 1949 2593 quid
1964 2540 2051 2581 illic

1173 2611 1368 2656 agerent.
1422 2606 1529 2645 Erat
1545 2605 1673 2657 enim,
1699 2611 1811 2645 teste
1843 2604 2050 2646 Cicerone

1170 2671 1341 2711 Tuscul.
1376 2682 1417 2710 v.
1457 2671 1571 2713 circa
1601 2670 1729 2710 finem
1749 2682 1904 2711 caecus.
1962 2668 2049 2710 Qui

1171 2732 1353 2773 obscure
1392 2733 1496 2773 satis
1533 2733 1859 2785 responderunt,
1908 2730 2050 2783 perdi-

1171 2795 1287 2836 disse
1304 2799 1420 2850 quod
1440 2803 1666 2850 ceperant3
1711 2797 1822 2851 quod
1843 2808 1946 2837 vero
1964 2808 2050 2836 non

1170 2861 1401 2912 cepissent,
1419 2862 1593 2903 habere.
1621 2862 1719 2913 Vel,
1737 2866 1787 2902 ut
1799 2860 1870 2900 alii
1884 2859 2049 2910 dicunt,

1169 2924 1281 2978 quod
1300 2925 1489 2976 capimus
1521 2924 1764 2976 perdimus3
1794 2924 1907 2977 quod
1934 2935 2048 2976 quae-

1168 2988 1316 3038 rimus,
1329 2988 1549 3029 habemus.
1578 2980 1890 3041 significabant
1905 2992 2049 3026 autem

1168 3063 1262 3092 sese
1296 3064 1481 3104 purgare
1519 3052 1746 3104 pediculis,
1777 3057 1821 3092 et
1849 3051 1910 3090 ita
1943 3061 2046 3102 quos

1166 3119 1390 3166 caperent,
1427 3114 1624 3168 perdere,
1656 3127 1761 3169 quos
1798 3125 1882 3153 non
1911 3113 2048 3164 cepis-

1168 3182 1280 3228 sent,
1322 3178 1364 3216 in
1398 3178 1663 3218 vestimentis
1692 3177 1862 3216 habere.
1919 3174 2044 3216 Quod

1170 3241 1352 3293 aenigma
1370 3253 1466 3281 cum
1486 3240 1764 3292 interpretari
1783 3250 1865 3278 non
1883 3244 2046 3290 posset,

1168 3303 1299 3343 nimio
1330 3304 1478 3344 dolore
1509 3302 1731 3343 confectus
1764 3302 1964 3353 migravit
1989 3302 2042 3341 de

1168 3366 1272 3406 vita.
1338 3364 1784 3407 Honorificentissime
1829 3370 1970 3403 autem
2017 3376 2043 3402 a

1167 3429 1334 3470 civibus
1365 3430 1557 3480 sepultus
1589 3426 1688 3477 fuit,
1721 3426 1825 3465 etin
1844 3426 1956 3465 illius
1976 3437 2041 3465 se-

1167 3493 1344 3544 pulchro
1358 3492 1612 3543 epigramma
1628 3489 1826 3528 incisum:
1858 3489 1870 3510 ‘
1884 3487 2040 3527 Condi-

1170 3562 1237 3596 tus
1267 3556 1347 3596 hoc
1374 3554 1536 3595 tumulo
1560 3557 1677 3593 vates
1696 3551 1861 3591 divinus
1883 3550 2040 3591 Home·
