2320 4004
319 294 461 347 1192

321 437 375 465 ne
391 429 535 465 vetare
551 427 622 464 aut
636 422 905 464 intercedere
915 421 980 463 fas
999 423 1195 475 cuiquam

320 488 586 528 tribunorum
607 485 751 526 esset?

375 549 682 602 Amplissimam]
711 550 781 589 Sc.
801 548 1099 590 Tribunitiam.

378 616 400 666 ἕ
430 618 454 654 7
483 615 547 654 Ad
564 614 831 660 necessariam,
849 614 936 664 εγω]
967 614 1196 655 Carcerem

323 677 445 727 dicit,
467 677 559 716 urbi
587 678 720 728 magis
741 679 1042 729 necessarium,
1072 691 1196 731 quam

322 740 561 785 honestum,
574 740 647 779 ubi
661 746 884 780 serventur
902 747 1118 780 nocentes.

389 803 605 853 Sanguinis
655 803 836 854 ingenui]
883 804 1049 844 Plinius
1095 805 1198 845 Nat.

322 866 441 906 Hist.
477 866 550 906 lib.
587 868 753 918 vuffa-,⁸
779 866 1002 917 Pietatis,’
1040 868 1200 920 inquit,

329 930 549 981 ‘exempla
568 928 735 969 infinita
765 930 937 982 quidem
973 936 1064 970 toto
1095 931 1199 970 orbe

325 993 550 1044 exstitere,
578 993 654 1032 sed
674 994 818 1032 Romae
836 1005 978 1044 unum,
999 994 1068 1033 cui
1087 1006 1200 1033 com-

321 1055 467 1108 parari
493 1061 652 1112 cuncta
669 1067 753 1095 non
773 1057 951 1108 possint.
1009 1057 1199 1097 Humilis

326 1121 369 1159 in
389 1121 531 1173 plebe,
560 1126 604 1160 et
636 1121 736 1161 ideo
754 1121 950 1172 ignobilis
971 1133 1201 1173 puerpera,

328 1184 526 1236 supplicii
546 1196 671 1224 causa
687 1185 851 1224 carceri
871 1185 1035 1225 inclusa
1049 1190 1201 1235 matre,

326 1260 454 1301 quum
474 1250 744 1300 impetrasset
763 1247 972 1300 aditum}a
994 1249 1200 1300 janitore,

324 1324 494 1363 semper
512 1325 691 1352 excussa
719 1312 877 1364 nequid
898 1310 1080 1351 inferret
1100 1312 1200 1362 cibi,

327 1375 597 1426 deprehensa
632 1381 697 1414 est
727 1375 930 1414 uberibus
964 1376 1048 1414 suis
1087 1375 1203 1415 alens

328 1450 446 1487 eam3
476 1450 560 1490 quo
596 1437 802 1478 miraculo
834 1437 963 1477 matri
997 1438 1105 1478 salus
1132 1438 1203 1477 do-

326 1507 432 1541 nata
448 1500 524 1541 filii
543 1502 706 1553 pietate
721 1506 811 1541 est:
834 1501 969 1541 ambae
982 1502 1204 1554 perpetuis

329 1565 544 1605 alimentis
599 1564 834 1616 decoratae,
883 1571 928 1605 et
973 1566 1092 1606 loeus
1132 1565 1205 1606 ille

331 1630 469 1670 eidem
489 1635 764 1669 consecratus
783 1634 850 1669 est
870 1629 998 1680 Deae,
1008 1629 1056 1669 C.
1073 1629 1206 1670 Quin-

329 1694 406 1744 tio,
435 1693 499 1734 M.
536 1691 670 1732 Atilio
698 1693 819 1732 Coss.
847 1693 1007 1743 templo
1026 1692 1208 1732 Pietatis

333 1761 554 1796 exstructo
598 1755 641 1795 in
688 1755 801 1795 illius
850 1756 1036 1795 carceris
1088 1755 1206 1806 sede,

333 1821 407 1859 ubi
445 1831 557 1860 nunc
605 1819 804 1859 Marcelli
851 1818 1064 1859 theatrum
1098 1819 1208 1860 est.'

337 1884 487 1924 Oliver.

407 1947 559 1987 Exerto
605 1946 737 1998 ubere]
787 1945 965 1986 Nudata
1011 1958 1204 1986 mamma.

335 2010 575 2060 Virgilius:
627 2009 640 2032 ⁴
663 2010 835 2049 Exertae
872 2010 1040 2062 cingula
1077 2022 1208 2049 mam-

334 2072 448 2114 mae.'
840 2104 844 2108 .

393 2126 635 2178 Triumviro]
648 2127 786 2167 Erant
797 2127 1026 2167 Triumviri
1037 2127 1208 2179 judices

336 2192 559 2244 capitales,
574 2193 646 2245 qui
665 2192 719 2232 de
731 2193 983 2232 nocentibus
998 2193 1212 2245 supplicia

336 2256 575 2308 sumebant,
594 2260 639 2295 et
670 2255 714 2294 in
742 2266 919 2295 carcere
937 2267 1055 2295 more
1076 2255 1208 2307 majo-

338 2332 446 2360 rum.

342 2408 344 2411 ·
391 2385 506 2425 Ex'r.
533 2385 598 2437 §1
629 2383 740 2423 Idem
769 2382 1029 2435 praedieatum
1056 2384 1103 2423 de
1128 2383 1212 2434 pie-

338 2453 421 2489 tate
435 2449 516 2498 ey'us
540 2446 806 2499 existimetur]
834 2446 902 2486 Ita
929 2447 1071 2498 vulgo.
1127 2446 1212 2487 Va-

338 2513 454 2552 riant
465 2513 531 2552 hic
545 2510 771 2551 admodum
788 2510 1062 2562 exemplaria.
1092 2512 1213 2552 Cam-

339 2589 490 2629 pense,
507 2578 570 2617 De
585 2577 731 2627 pieta-te
760 2575 885 2626 prius.
941 2575 1072 2616 Male.
1099 2575 1212 2616 Item

339 2641 384 2679 in
403 2638 695 2689 Atrebatensi,
729 2638 828 2679 rius.
873 2636 935 2678 At
966 2639 1010 2678 in
1040 2639 1212 2679 Winch.

340 2704 423 2744 alia
435 2707 502 2743 est
517 2702 648 2743 lectio
667 2715 678 2742 ς
708 2702 818 2742 Idem
828 2701 973 2750 fecisse
991 2702 1096 2741 Pero
1110 2714 1214 2753 proe-

340 2767 510 2808 dicatur·
564 2764 710 2817 Atque
739 2764 890 2804 eadem
918 2770 985 2804 est
1011 2771 1214 2805 annotata

340 2830 386 2870 in
419 2827 667 2880 Campensis
700 2826 803 2866 libri
852 2827 1042 2877 margine
1087 2828 1215 2879 paulo

343 2893 500 2934 aliter:
532 2892 642 2931 Idem
677 2891 725 2929 de
757 2889 906 2940 pietate
923 2890 1052 2930 Perus
1079 2891 1217 2930 existi-

342 2961 484 2998 metur.
540 2954 667 2997 Quod
688 2954 873 3004 vulgatae
892 2954 1065 2993 lectioni
1084 2954 1217 3006 magis

345 3019 563 3062 convenit.
600 3019 767 3059 Nomen
788 3017 866 3056 hoc
887 3017 999 3069 apud
1031 3017 1220 3070 Proper-

345 3085 454 3126 tium
485 3082 667 3135 legimus
694 3082 804 3121 libro
821 3092 874 3120 n.
902 3087 1032 3134 atque
1062 3082 1221 3123 Home·

347 3161 441 3189 rum
458 3147 658 3199 Odyssea
675 3156 727 3185 11.
754 3145 939 3195 Pighius.

403 3209 587 3261 cimona]
610 3209 760 3249 Virum
789 3208 1004 3259 Graecum,
1022 3209 1099 3248 sed
1134 3221 1217 3249 non

348 3288 460 3323 eum,
474 3273 547 3326 qui
572 3283 787 3312 carcerem
813 3276 967 3325 sponte
980 3272 1155 3324 subivit,
1172 3279 1219 3313 ut

348 3337 572 3380 Miltiades
589 3337 677 3389 ejus
695 3341 820 3388 pater
846 3337 1077 3388 sepulturae
1106 3349 1220 3376 man·

351 3405 542 3453 daretur,
559 3400 614 3440 de
643 3411 727 3452 quo
744 3399 787 3439 in
805 3399 1001 3452 sequenti
1023 3401 1220 3452 exemplo

355 3467 547 3507 dicturus
579 3467 659 3503 est.
692 3463 797 3503 Oliv.
854 3463 1034 3515 Cimona]
1062 3462 1220 3514 Aliter,

359 3531 528 3570 Conona.
564 3526 752 3568 Cimonis
785 3538 939 3568 nomen
968 3527 1050 3568 huc
1077 3539 1222 3568 ascen-

904 305 1083 343 NOTAE
1124 302 1458 347 VARIORUM
1499 306 1565 345 IN

1263 423 1375 465 disse
1396 437 1621 477 perperam
1642 437 1694 466 ex
1729 426 1918 468 inferiori
1939 430 2144 482 exemplo'·

1264 499 1366 527 vero
1388 488 1525 528 simile
1546 497 1626 530 est.
1658 491 1786 532 Coler.

1316 553 1600 604 Lineamentis]
1639 555 1749 596 Quia
1777 567 1831 595 ex
1869 551 2138 597 lineamentis

1262 614 1433 666 pictura
1445 616 1656 656 consistit.

1316 678 1548 729 Admonita]
1588 678 1657 719 Ita
1692 681 1934 732 legendum.
1983 683 2138 736 Vulgo,

1263 738 1472 779 abmonito.

1316 804 1383 854 §2
1415 803 1500 842 Nee
1516 808 1556 844 te
1572 806 1726 856 quadem
1758 807 1916 858 Cimon]
1943 809 2033 848 Pro
2064 820 2139 861 pa-

1266 869 1331 904 tre
1350 865 1515 905 vincula
1536 868 1666 907 subiit
1694 868 1762 908 hic
1780 869 1991 910 Miltiadis
2010 871 2140 923 filius,

1265 934 1314 968 ut
1333 928 1374 968 in
1395 929 1585 981 capitulo
1616 930 1670 970 de
1690 931 2010 982 Ingratitudine
2030 932 2139 979 dixi-

1266 1004 1375 1033 mus.
1422 994 1543 1034 Duro
1563 994 1788 1035 admodum
1813 995 1935 1036 initio
1962 1008 2059 1036 usus
2078 1002 2147 1038 est

1265 1056 1600 1098 adolescentiae:
1639 1070 1735 1097 nam
1756 1071 1882 1111 quum
1907 1065 2031 1110 pater
2049 1059 2140 1111 ejus

1265 1117 1385 1157 litem
1414 1119 1666 1160 aestimatam
1687 1122 1847 1172 populo
1872 1123 2037 1176 solvere
2056 1133 2142 1164 non

1266 1183 1490 1232 potuisset,
1508 1183 1563 1223 ob
1577 1195 1756 1235 eamque
1771 1195 1941 1224 causam
1959 1185 2141 1225 vinculis

1267 1244 1448 1294 publicis
1457 1244 1878 1296 decessiss·et,Cimon
1889 1247 2039 1287 eadem
2049 1260 2145 1288 cus-

1267 1305 1386 1345 todia
1411 1306 1653 1358 tenebatur,
1671 1313 1720 1348 ut
1747 1315 1873 1359 pater
1907 1310 2142 1361 sepulturae

1266 1369 1569 1419 mandaretur3
1596 1382 1738 1422 neque
1769 1371 1931 1423 legibus
1961 1372 2145 1413 Atheni·

1269 1434 1433 1473 ensium
1452 1433 1589 1474 emitti
1609 1439 1797 1486 poterat,
1809 1435 1889 1475 nisi
1906 1436 2150 1490 pecuniam,

1269 1509 1351 1549 qua
1380 1503 1506 1548 pater
1537 1497 1771 1537 muletatus
1801 1502 1912 1548 erat,
1933 1498 2148 1550 solvisset,

1269 1573 1395 1613 quam
1410 1560 1562 1600 Callias
1580 1560 1767 1613 quidam,
1786 1573 1869 1601 non
1900 1567 1987 1601 tam
2018 1572 2149 1614 gene·

1271 1635 1409 1674 rosus,
1431 1635 1558 1675 quam
1578 1623 1851 1675 pecuniosus,
1878 1635 1957 1675 pro
1984 1636 2036 1664 eo
2060 1625 2147 1665 sol·

1273 1685 1348 1736 vit,
1366 1686 1596 1736 impetrato
1613 1685 1768 1725 sororis
1800 1686 1893 1738 ejus
1922 1688 2142 1739 Elpenicis

1270 1748 1558 1788 matrimonio.
1616 1748 1836 1789 Miltiades
1866 1755 2009 1790 autem
2027 1750 2147 1791 dam-

1272 1818 1397 1851 natus
1418 1817 1485 1852 est
1516 1813 1593 1852 hac
1624 1813 1678 1851 de
1711 1824 1863 1854 causa:
1891 1813 1998 1853 Post
2017 1814 2149 1854 Arta-

1273 1875 1479 1926 phernem
1496 1880 1540 1915 et
1557 1875 1749 1926 Dathim,
1768 1877 1878 1928 regis
1903 1876 2150 1928 praefectos,

1271 1938 1484 1978 Miltiadis
1504 1939 1694 1990 auspicio
1713 1945 1833 1979 terra
1851 1941 2044 1992 marique
2062 1941 2150 1982 vic-

1272 2006 1353 2053 tos,
1381 2003 1558 2041 classem
1589 2003 1867 2053 septuaginta
1895 2003 2068 2043 navium
2089 2003 2150 2043 ei-

1273 2065 1371 2106 dem
1392 2066 1617 2117 dederunt,
1647 2074 1693 2106 nt
1722 2068 1899 2118 insulas,
1927 2079 2022 2120 quae
2051 2067 2150 2108 bar·

1272 2129 1398 2170 baros
1420 2130 1640 2181 juverant,
1658 2129 1772 2170 bello
1788 2137 2120 2185 persequeretur
2137 2145 2151 2182 ;

1275 2205 1358 2245 quo
1389 2193 1566 2245 imperio
1596 2194 1821 2246 plerasque
1871 2193 1925 2234 ad
1963 2193 2151 2239 officium

1274 2255 1414 2295 redire
1434 2255 1592 2307 coegit,
1621 2256 1844 2296 nonnullas
1869 2256 1911 2295 vi
1929 2269 2153 2309 expugna-

1275 2318 1353 2358 vit.
1407 2318 1474 2357 Ex
1493 2318 1555 2357 his
1577 2318 1752 2358 Pharon
1768 2319 1965 2360 insulam.
2021 2320 2150 2362 Hauc

1275 2387 1379 2423 tunc
1399 2383 1553 2434 opibus
1573 2384 1729 2424 elatam
1751 2396 1851 2424 cum
1868 2384 2153 2426 reconciliare

1277 2460 1360 2488 non
1381 2454 1543 2501 posset,
1559 2449 1726 2501 copiam
1747 2461 1770 2489 e
1789 2449 1966 2490 navibus
1985 2449 2150 2502 eduxit,

1275 2512 1425 2552 urbem
1439 2512 1639 2565 operibus
1652 2513 2026 2565 clausit,omnique
2037 2523 2154 2553 com-

1278 2582 1421 2616 meatu
1464 2576 1684 2627 privavit3
1727 2575 1884 2616 deinde
1931 2576 2073 2616 vineis·
2100 2588 2153 2617 ac

1279 2639 1559 2679 testudinibus
1579 2638 1844 2690 constitutis,
1864 2639 2038 2690 propius
2058 2649 2152 2679 mu-

1280 2703 1335 2741 ris
1350 2702 1532 2742 accessit
1546 2715 1558 2751 3
1577 2713 1705 2754 quum
1717 2702 1810 2753 jam
1832 2702 1873 2740 in
1893 2713 1945 2740 eo
1958 2707 2087 2748 esset,
2103 2706 2154 2741 ut

1279 2765 1440 2817 oppido
1457 2765 1691 2817 potiretur,
1704 2764 1852 2815 procul
1872 2764 1914 2803 in
1929 2765 2154 2804 continen-

1282 2830 1316 2869 ti
1334 2829 1473 2878 lucus,
1486 2828 1625 2880 quiex
1641 2827 1776 2867 insula
1789 2827 2154 2879 conspiciebatur,

1282 2892 1427 2933 nescio
1465 2903 1549 2943 quo
1578 2902 1674 2930 casu
1704 2895 1914 2930 nocturno
1958 2895 2156 2942 tempore

1282 2956 1477 2996 incensus
1492 2959 1557 2993 est
1578 2966 1590 3003 ;
1620 2953 1740 3004 cujus
1754 2951 1926 2992 flamma
1942 2959 1992 2992 ut
2012 2953 2064 2993 ab
2081 2964 2156 3005 op-

1283 3019 1452 3072 pidanis
1488 3024 1532 3057 et
1560 3016 1922 3069 oppugnatoribus
1948 3021 2014 3056 est
2051 3016 2158 3069 visa,

1283 3082 1456 3133 utrique
1487 3080 1605 3120 venit
1636 3079 1678 3118 iu
1710 3079 1955 3130 opinionem
1987 3077 2156 3129 signum

1284 3158 1308 3186 a
1321 3145 1549 3186 classiariis
1563 3143 1677 3195 regis
1691 3143 1836 3183 datum
1855 3156 1871 3192 ;-
1898 3153 1981 3196 quo
1995 3141 2156 3184 factum

1285 3215 1365 3260 est,
1380 3214 1428 3248 ut
1443 3206 1590 3248 Pharii
1610 3219 1634 3245 a
1647 3205 1867 3246 deditione
1881 3205 2154 3246 deterreren-

1285 3279 1370 3322 tur,
1401 3277 1446 3311 et
1478 3269 1698 3310 Miltiades
1721 3269 1890 3320 timens,
1919 3280 1972 3308 ne
2005 3269 2157 3310 classis

1284 3336 1403 3388 regia
1427 3334 1698 3384 adventaret,
1718 3332 1898 3372 incensis
1934 3331 2157 3384 operibus,

1288 3411 1383 3452 quae
1403 3400 1627 3445 statuerat,
1644 3406 1739 3434 cum
1767 3393 1945 3434 totidem
1963 3395 2159 3447 navibus,

1287 3470 1414 3514 atque
1431 3466 1525 3500 erat
1539 3456 1761 3509 profectus
1780 3456 1986 3509 Athenas,
2003 3468 2161 3510 magna

1291 3522 1626 3573 eumpffensione
1635 3520 1790 3562 civium
1803 3531 1973 3563 suorum
1982 3520 2160 3562 rediret.
