2346 3996
617 307 874 347 VALERn
919 305 1162 345 MAxtM1
1208 307 1325 344 mu.
1358 307 1466 344 vn.
1507 307 1641 346 cAP.
1668 294 1720 346 2.

247 433 424 476 tilentia
442 430 581 474 omnia
597 429 735 471 ferme
757 429 956 481 jumenta
984 426 1135 479 periis-

249 503 364 548 sent,
391 502 437 539 et
471 507 618 537 eorum
651 500 794 534 mater
828 491 882 532 ad
919 502 1044 531 sacra
1073 489 1134 530 fa-

249 560 406 602 cienda
451 571 579 600 curru
625 556 818 598 vehenda
862 554 993 606 foret,
1037 554 1136 607 quia

249 625 429 676 pedibus
447 626 510 664 ire
523 622 697 665 omuino
709 621 918 674 religione
937 619 1135 673 prohibe·

245 687 392 739 batur,
410 687 564 728 matris
594 687 759 739 pietate
792 686 957 739 pariter
982 692 1030 727 et
1067 697 1134 725 re-

245 751 408 803 ligione
427 752 546 804 moti,
572 753 730 794 collum
760 751 986 804 subjecere
1009 751 1134 803 jugo,

245 822 291 858 et
306 822 489 858 matrem
505 817 560 858 ad
579 817 789 870 templum
802 817 973 858 cervice
992 821 1134 856 traxe·

245 886 364 924 runt.
417 881 503 922 Illa
535 881 710 934 deinde,
746 881 938 935 peractis
970 878 1133 920 sacrifi-

245 944 342 996 ciis,
366 945 581 987 Juuouem
600 947 755 997 oravit,
782 952 833 987 ut
862 944 960 986 filiis
993 944 1134 996 daret,

244 1010 359 1063 quod
378 1011 588 1062 optimum
609 1009 867 1062 judicasset,
893 1015 940 1049 et
969 1009 1033 1050 ita
1067 1021 1133 1049 se-

246 1073 395 1127 quenti
413 1074 484 1114 die
502 1075 659 1115 mortui
681 1074 726 1114 iu
755 1074 950 1115 cubiculo
967 1073 1133 1115 inventi

245 1144 360 1180 suut.
412 1139 481 1179 Ex
518 1151 604 1192 quo
627 1137 875 1191 judicatum
907 1143 990 1191 est,
1019 1151 1132 1178 mor-

244 1207 335 1243 tem
379 1204 586 1256 optimum
620 1216 715 1245 esse
761 1204 966 1244 omnium.
1023 1203 1131 1243 Tum

245 1266 416 1307 Croesus
428 1267 788 1320 indignabundus,
806 1269 963 1309 Nonne
978 1267 1132 1309 beatus

245 1330 342 1384 tibi,
366 1331 523 1386 inquit,
559 1332 737 1373 videor?
795 1332 877 1372 Cui
909 1332 1133 1385 respondit

244 1395 408 1440 Solon:
437 1397 574 1438 Immo
593 1395 764 1437 felicem
790 1402 835 1437 te
844 1396 1010 1449 judico,
1033 1397 1134 1438 bea-

243 1465 336 1500 tum
355 1460 527 1500 omniuo
540 1463 817 1513 negaverim;
845 1474 942 1502 uam
959 1461 1133 1503 beatum

242 1523 442 1576 dicimus,
456 1527 529 1578 qui
544 1526 598 1567 ad
613 1532 854 1568 extremum
869 1540 945 1581 usq
953 1540 1005 1569 ue
1019 1528 1133 1570 diem

239 1588 286 1631 in
305 1588 522 1630 felicitate
539 1591 838 1642 permanserit.
871 1592 924 1632 Id
945 1592 1006 1632 ita
1022 1604 1132 1647 esse,

245 1645 414 1694 Croesils
434 1654 529 1707 ipse
547 1654 807 1696 documento
830 1656 1019 1697 maximo
1032 1655 1130 1698 fuit.

242 1718 360 1760 Nam
395 1720 526 1772 paulo
562 1724 661 1772 post
692 1720 787 1761 haec
825 1721 984 1762 bellum
1031 1733 1129 1762 cum

243 1782 358 1836 Cyro
398 1784 629 1824 Persarum
668 1796 770 1837 rege
810 1783 923 1826 forte
956 1797 1128 1837 gerens,

240 1859 387 1899 pugna
407 1847 561 1900 victus,
579 1854 708 1903 atque
729 1848 919 1902 fugatus,
948 1851 992 1891 in
1026 1851 1126 1892 Sar-

240 1911 392 1952 dorum
431 1912 654 1954 civitatem
700 1913 916 1967 confugit.
991 1915 1128 1968 Cyrus

241 1983 511 2029 persecutus,
558 1986 807 2031 expugnata
859 1980 983 2031 urbe,
1030 1993 1129 2022 eum

239 2041 386 2081 vivum
419 2042 553 2100 cepit,
583 2049 630 2083 et
649 2042 812 2095 ingenti
833 2056 936 2096 rogo
955 2045 1129 2098 imposi-

240 2108 332 2144 tum
363 2107 546 2147 cremari
580 2107 769 2155 volebat,
801 2109 875 2162 qui
908 2122 1004 2150 cum
1028 2111 1128 2163 palo

237 2174 375 2210 staret
406 2170 623 2223 alligatus,
655 2172 854 2226 lignaque
888 2173 1130 2227 circumpo-

201 2238 205 2244 ·
239 2237 464 2286 nerentur,
491 2247 648 2286 magua
682 2247 788 2276 voce
821 2241 891 2276 ter
921 2237 1125 2278 Solonem

239 2312 418 2340 vocasse
449 2300 623 2341 dicitur.
698 2300 828 2343 Quod
869 2313 966 2342 cum
1012 2303 1128 2355 Cyro

239 2362 432 2404 delatum
450 2370 584 2415 esset,
603 2364 658 2405 ab
679 2377 731 2405 eo
768 2366 1013 2417 percontari
1039 2367 1128 2420 jus-

238 2427 311 2478 sit,
331 2428 435 2480 quid
453 2428 519 2468 ita
538 2429 740 2470 Solonem
758 2431 1006 2472 invocaret?
1042 2432 1128 2474 Qui

236 2505 335 2533 cum
369 2505 458 2534 rem
489 2507 656 2535 omnem
687 2497 963 2549 explicasset,
991 2498 1128 2551 Cyrus

238 2557 293 2598 ad
314 2570 361 2598 se
381 2559 551 2600 rediens
578 2560 890 2615 humanamque
916 2562 1127 2604 conditio-

233 2632 336 2661 nem
365 2624 635 2675 excogitans,
654 2625 878 2666 intellexit
896 2627 984 2666 tale
1004 2628 1127 2680 quid-

235 2685 336 2727 dam
356 2687 438 2726 sihi
455 2700 625 2741 quoque
645 2690 847 2731 accidere
863 2703 1006 2743 posse,
1026 2692 1127 2745 quia

233 2749 313 2791 sub
345 2751 538 2803 ejusdem
559 2751 746 2793 fortunae
768 2759 991 2806 potestate
1012 2757 1126 2808 posi-

233 2819 306 2853 tus
327 2821 459 2863 esset,
478 2822 523 2854 et
544 2823 779 2867 propterea
794 2817 913 2858 illum
931 2817 1122 2860 liberare

232 2878 490 2918 coustituit:
521 2878 668 2932 itaque
696 2881 825 2932 jussit
852 2882 954 2923 iude
975 2896 1123 2936 quam-

230 2941 419 2991 primum
438 2944 642 2991 amoveri,
662 2957 744 2986 nec
763 2958 861 2986 eum
877 2948 1013 2988 solum
1033 2949 1123 2990 vita

234 3004 428 3056 donavit,
447 3017 595 3047 verum
616 3007 747 3049 etiam
766 3023 928 3052 summo
950 3014 1123 3066 honore,

233 3068 375 3120 quoad
404 3069 527 3121 vixit,
543 3070 706 3114 habuit.
738 3072 836 3115 Hoc
853 3076 979 3116 modo
991 3078 1121 3119 Solon

231 3133 348 3173 visus
384 3139 450 3174 est
480 3136 560 3176 hac
587 3138 778 3189 sapienti
801 3141 994 3182 oratione
1017 3144 1124 3184 alte-

231 3209 326 3238 rum
373 3210 568 3240 servasse
606 3213 660 3241 ex
706 3202 896 3255 regibus,
939 3206 1120 3246 alterum

228 3261 467 3303 cautiorem
522 3265 934 3320 prudentioremque
979 3269 1120 3310 reddi-

230 3323 374 3367 disse!
406 3327 557 3369 Oliver.

287 3389 444 3442 Rogas]
467 3393 588 3433 Mors
605 3407 617 3444 3
648 3401 695 3436 et
714 3396 896 3449 respicit
914 3397 967 3437 ad
987 3398 1119 3439 histo-

232 3451 340 3491 riam
359 3465 490 3506 supra
508 3456 686 3499 dictam.

287 3516 398 3556 Idem
432 3518 580 3570 aiebat]
627 3522 726 3562 Hoc
771 3537 868 3565 cum
906 3528 1118 3578 superiori

231 3578 457 3632 conjungit
469 3581 744 3637 Plutarchus,
760 3589 872 3639 quod
883 3591 1116 3641 separatim

1948 296 2090 350 1255

1200 434 1344 467 narrat
1361 429 1574 470 Valerius.
1611 430 1719 469 Oliv.

1255 495 1276 546 ξ
1296 496 1320 533 3
1349 494 1472 546 Bias]
1498 495 1609 535 Sunt
1623 493 1832 540 nonnulli,
1849 494 1921 547 qui
1938 493 2089 533 dicunt

1201 569 1285 597 non
1321 559 1539 610 Biantem,
1575 559 1649 599 sed
1682 559 1905 599 Pittacum
1942 557 2090 600 fuisse.

1196 621 1327 662 Idem.

1254 687 1318 738 §4
1346 686 1554 738 Sapientes
1571 686 1756 738 regnare]
1782 687 1912 727 Multi
1932 687 2013 727 hoc
2034 699 2088 727 ex

1199 750 1386 791 Platone
1405 751 1515 791 libro
1531 763 1575 791 v.
1597 752 1650 791 de
1663 751 1908 803 Republica
1925 752 2085 803 repeti-

1198 820 1369 855 verunt.
1426 815 1692 856 Prudentius
1707 817 1834 856 etiam
1849 816 1990 857 Poeta
2007 816 2086 856 lib.

1199 892 1231 920 1.
1276 886 1428 921 contra
1463 881 1790 932 Symmachum:
1836 880 1848 902 ‘
1872 881 2086 922 Nimirum

1198 946 1378 998 pulchre
1421 946 1593 1000 quidam
1636 946 1930 997 doctissimus,
1974 952 2088 986 esset

1198 1011 1382 1052 Publica
1417 1023 1500 1064 res,
1535 1010 1696 1064 inquit,
1730 1017 1820 1051 tum
1867 1010 2088 1051 fortunata

1196 1077 1315 1127 satis,
1334 1076 1368 1116 si
1386 1077 1468 1116 Vel
1487 1077 1627 1127 Reges
1647 1079 1864 1127 saperent,
1895 1076 1964 1115 vel
1990 1087 2085 1126 reg-

1196 1148 1351 1181 narent
1369 1138 1623 1192 sapientes.’
1654 1139 1707 1179 In
1722 1151 1795 1179 ore
1820 1139 1971 1179 habuit
1992 1151 2091 1192 per-

1196 1210 1330 1257 petuo
1351 1203 1595 1244 Antoninus
1630 1203 1933 1255 Philosophus,
1963 1214 2086 1255 egre-

1198 1269 1291 1321 gius
1311 1269 1384 1309 ille
1418 1268 1651 1321 Princeps,
1679 1272 1793 1308 teste
1826 1267 2088 1320 Capitolino.

1202 1336 1331 1375 Celer.

1254 1401 1313 1452 §5
1345 1400 1436 1440 Rex
1455 1399 1574 1440 etiam
1592 1398 1678 1450 ille]
1713 1400 1787 1439 De
1816 1398 1943 1452 hujus
1973 1397 2087 1450 regis

1199 1466 1370 1505 nomine
1411 1465 1532 1504 nulla
1565 1463 1617 1503 fit
1661 1462 1776 1515 apud
1808 1462 2089 1502 Plutarchum

1200 1531 1375 1582 mentio,
1417 1542 1497 1571 nec
1544 1529 1658 1582 apud
1702 1529 1809 1569 alios
1856 1541 1961 1582 quos
1992 1529 2086 1581 ipse

1198 1596 1393 1648 legerim.

1255 1660 1428 1701 Felicem
1442 1658 1634 1712 pannum]
1663 1659 1786 1699 Idem
1807 1659 2008 1699 Valerius
2029 1658 2083 1698 de

1197 1726 1426 1778 Pompeio,
1445 1725 1579 1766 fascia
1598 1737 1722 1765 crure
1752 1724 1943 1776 alligato,
1970 1723 2086 1776 quod

1197 1789 1455 1830 diadematis
1475 1788 1644 1829 nomine
1659 1788 1984 1841 perstringebat
2003 1788 2086 1827 Fa·

1192 1855 1374 1895 vonius:
1434 1855 1446 1877 ‘
1468 1852 1654 1905 Exigui‚’
1712 1853 1863 1906 inquit,
1920 1851 1932 1875 ‘
1951 1850 2084 1904 panni

1193 1919 1470 1960 cavillatione
1499 1918 1641 1970 regias
1670 1918 1760 1972 ejus
1791 1917 1906 1958 vires
1925 1929 2082 1969 expro-

1191 1983 1352 2026 brans!
1409 1982 1652 2036 Antigonus
1683 1984 1779 2023 Rex
1822 1982 2082 2022 diadematis

1192 2049 1467 2102 majestatem
1515 2053 1754 2088 extenuans
1790 2044 1927 2087 *Ράκος
1956 2045 2081 2087 dicti-

1192 2114 1329 2165 tabat,
1349 2120 1464 2154 teste
1489 2113 1676 2153 Stobaeo.
1708 2114 1839 2152 Coler.

1247 2181 1311 2232 §6
1354 2177 1495 2225 Quid?
1527 2178 1781 2228 Xenocratis,
1811 2175 1898 2228 ἅμ]
1937 2175 2081 2228 Hujus

1191 2242 1439 2295 Philosophi
1458 2247 1503 2282 et
1521 2241 1605 2281 alia
1624 2246 1788 2293 praeter
1805 2240 1885 2280 hoc
1904 2247 2082 2291 respon-

1192 2322 1284 2349 sum
1303 2308 1422 2348 dicta
1441 2307 1664 2360 sapienter
1685 2307 1820 2346 multa
1842 2306 2048 2356 leguntur
2069 2316 2082 2353 ;

1191 2385 1290 2413 nam
1315 2372 1397 2412 hoc
1422 2371 1619 2424 inprimis
1651 2370 1772 2423 quasi
1798 2369 1935 2409 simile
1955 2380 2082 2420 supe-

1191 2437 1296 2478 riori
1316 2436 1519 2476 dictitare
1541 2434 1724 2485 solebat,
1750 2433 1886 2472 multa
1906 2430 2079 2484 quidem

1192 2500 1422 2549 audienda,
1453 2511 1587 2551 pauca
1617 2510 1720 2539 vero
1749 2496 1950 2547 dicenda,
1976 2507 2081 2549 quo·

1191 2564 1304 2604 niam
1343 2562 1584 2603 hominibus
1621 2573 1668 2601 os
1706 2573 1838 2600 unum
1878 2566 1924 2600 et
1954 2571 2078 2599 aures

1188 2630 1293 2671 duas
1313 2633 1467 2669 natura
1487 2626 1697 2676 dedisset3
1718 2637 1861 2666 rursus
1877 2623 2078 2677 injuriam

1186 2693 1348 2733 illatam
1378 2690 1581 2732 infamem
1611 2702 1705 2730 esse
1739 2688 1960 2734 inferenti,
1990 2700 2077 2728 non

1187 2757 1389 2811 patienti.
1447 2757 1561 2796 Item
1588 2768 1684 2796 cum
1701 2755 1925 2796 incidisset
1943 2753 1986 2794 in
2001 2754 2072 2794 ob*

1186 2828 1472 2864 trectatorem
1502 2827 1548 2860 et
1577 2820 1928 2870 maledicentem,
1947 2819 2000 2859 ab
2021 2832 2073 2859 eo

1185 2899 1312 2941 quam
1330 2886 1513 2938 primum
1542 2883 1727 2936 fugiens,
1757 2885 1850 2925 ait:
1882 2885 1969 2924 ‘Tu
1996 2884 2074 2923 lin-

1185 2964 1281 3004 guae
1304 2957 1390 2991 tuae
1407 2962 1556 2990 servus
1575 2961 1637 3001 eS,
1656 2962 1736 3001 ego
1756 2960 1859 2989 vero
1882 2961 2074 2988 mearum

1183 3016 1347 3055 aurium
1380 3014 1575 3054 dominus
1607 3013 1729 3054 sum.’
1785 3013 1887 3052 Pari
1908 3012 2075 3052 ratione

1180 3092 1279 3120 cum
1307 3079 1484 3122 vidisset
1521 3077 1621 3118 duci
1658 3076 1799 3117 furem
1833 3078 1885 3116 ad
1909 3076 2072 3129 suppli-

1183 3146 1312 3196 cium,
1331 3145 1444 3185 dixit
1465 3157 1475 3183 :
1504 3146 1516 3168 ‘
1538 3146 1672 3184 Fures
1693 3144 1874 3195 majores
1895 3142 2073 3182 trahunt

1183 3209 1401 3262 supplicio
1442 3207 1656 3249 minores?
1702 3209 1849 3247 Oliver.
1924 3206 2032 3250 Quid
2050 3202 2071 3244 :²

1184 3271 1443 3323 Xenocratis]
1470 3272 1670 3312 Stobaeus
1703 3270 1855 3309 tribuit
1888 3269 2071 3308 Simoni-

1180 3338 1243 3377 di.
1301 3337 1389 3378 Sed
1409 3335 1523 3375 idem
1542 3335 1586 3374 in
1602 3334 1893 3373 Xenocratem
1912 3331 2068 3371 cadere

1181 3401 1341 3454 potuit.
1398 3399 1484 3442 Qui
1503 3398 1612 3439 adeo
1631 3396 1801 3436 silentio
1834 3395 1966 3435 vitam
1995 3396 2067 3436 ha-

1182 3466 1277 3505 buit
1295 3463 1557 3511 devinctam,
1588 3466 1635 3500 ut
1662 3459 1790 3499 sicuti
1823 3459 1958 3499 certis
1993 3472 2067 3500 ne·

1181 3528 1307 3580 gotiis
1328 3539 1424 3566 suas
1444 3527 1587 3572 horas,
1615 3524 1677 3563 ita
1707 3528 1752 3562 et
1786 3523 1957 3562 silentio
1992 3524 2066 3563 ad-

1179 3593 1372 3644 signaret
1393 3604 1405 3640 3
1434 3587 1549 3643 quod
1570 3587 1624 3627 de
1646 3599 1697 3628 eo
1710 3587 1850 3627 idonei
1867 3594 2063 3627 auctores
