2288 3990
473 336 733 378 vAassnn
780 334 1024 375 MAXIM!
1070 334 1190 374 ma.
1219 335 1257 375 1.
1298 336 1432 377 cAP.
1464 324 1517 378 8.

99 466 172 504 ω.
240 460 354 502 Ante
374 460 553 502 eandem
575 459 713 500 aedem
731 457 816 500 fuit
835 463 980 499 statua

97 525 309 580 equestris
342 529 490 578 togata
516 524 571 567 Q.
592 523 751 564 Marcii
769 522 977 571 Tremuli,

94 587 168 643 qui
182 587 397 629 Samnites
418 587 484 629 bis
504 587 741 640 devicerat,
761 592 978 642 captaque

94 651 291 704 Anagnia
306 653 512 705 populum
527 651 748 704 stipendio
766 651 977 693 liberave-

96 721 178 758 rat.
245 717 304 758 Et
320 716 426 758 licet
444 716 538 757 haec
556 717 672 758 aedes
691 716 872 770 geminis
890 715 979 757 fra·

96 779 233 822 tribus
252 785 368 822 esset
386 779 603 833 dedicata,
622 786 767 822 tamen
787 780 978 822 Castoris

94 848 263 886 tantum
306 845 541 886 vocabatur
569 858 582 886 ε
631 844 979 899 arbitramurque

93 906 227 951 fuisse
262 908 376 950 inter
405 909 618 963 porticum
645 910 896 951 Concordia
931 914 979 951 et

97 971 284 1013 Caesaris
312 974 534 1026 templum.
589 973 673 1014 Illa
705 985 823 1026 vero,
852 986 979 1028 quam

94 1035 322 1078 Suetonius
342 1035 494 1089 refert,
524 1036 741 1078 Tiberium
761 1038 979 1079 Caesarem

94 1112 174 1145 suo
207 1098 439 1156 fratrisque
483 1103 655 1144 nomine
683 1103 739 1144 de
770 1103 979 1146 manubiis

96 1163 266 1207 Castori
298 1171 348 1207 et
375 1166 545 1207 Polluci
576 1167 862 1222 dedicavisse,
896 1168 979 1210 nisi

94 1226 152 1270 de
177 1228 332 1270 cadem
362 1230 596 1284 intelligat,
620 1231 675 1272 ab
703 1232 798 1285 ipso
816 1232 979 1273 instau-

97 1297 206 1345 rata,
239 1306 325 1347 quo
361 1293 406 1335 in
438 1295 533 1336 loco
579 1293 728 1349 fuerit,
763 1296 978 1336 incertum

97 1355 316 1398 babemus.
348 1358 586 1400 Martianus.

104 1452 109 1457 .
151 1420 176 1472 ᾗ
195 1422 221 1459 2
248 1421 330 1461 Sed
359 1427 404 1462 ut
439 1424 687 1476 ceterorum]
715 1422 979 1477 Augustinus

95 1481 154 1522 de
192 1483 382 1526 Civitate
419 1486 505 1527 Dei
539 1487 615 1528 lib.
643 1499 716 1530 nr.
761 1489 979 1530 ‘AEscula·

98 1545 224 1598 pius,'
249 1546 404 1600 iuquit,
430 1550 442 1571 ‘
463 1549 516 1590 ab
548 1550 768 1603 Epidauro
798 1552 979 1593 Romam

95 1609 246 1662 abivit,
287 1617 335 1652 ut
369 1613 654 1664 peritissimus
690 1615 890 1657 Medicus
936 1617 978 1657 in

92 1671 201 1712 urbe
215 1673 478 1716 nobilissima
496 1683 634 1718 artem
654 1679 878 1731 gloriosius
903 1693 978 1721 ex·

93 1736 294 1778 erueret!
351 1738 481 1781 Ovid.
517 1741 630 1783 Met.
655 1743 728 1784 lib.
751 1754 833 1785 xv.
865 1744 977 1786 hanc

93 1799 181 1841 late
199 1800 409 1846 describit
439 1804 678 1847 Historiam
709 1807 802 1849 sive
836 1809 978 1850 Fabu-

90 1863 193 1906 lam.
224 1865 378 1911 Oliver.
646 1883 653 1891 ’

102 1959 106 1962 -
143 1929 372 1985 Sibyllinis]
399 1933 511 1976 Vide
526 1947 658 1989 supra
677 1949 773 1991 cap.
795 1941 834 1980 1.
854 1940 877 1993 §
894 1943 932 1981 1.

145 1993 363 2048 Epidauro]
389 1998 496 2039 Tres
516 1999 559 2040 in
579 2001 756 2054 Europa
775 2009 876 2044 sunt
900 2003 978 2044 llu-

81 2057 158 2110 jus
191 2060 375 2102 nominis
410 2062 554 2116 urbes,
595 2059 775 2118 quarum
813 2079 897 2109 una
932 2068 977 2109 in

89 2122 325 2177 Dalmatia,
352 2126 502 2170 alterae
522 2128 618 2171 ‹luae
639 2129 683 2171 in
700 2130 975 2184 Peloponne-

83 2198 136 2228 so
152 2187 249 2230 sitae
269 2195 384 2231 sunt.
429 2192 568 2242 Unam
588 2193 739 2237 barum
759 2196 976 2238 Limeram

88 2253 432 2304 cognominatam
492 2255 626 2299 fuisse
654 2272 668 2310 3
722 2260 974 2302 alterutram

83 2327 258 2372 quoque
292 2319 708 2374 Peloponnesiacam
734 2325 972 2379 AEsculapii

89 2378 271 2422 delubro
289 2383 508 2426 celebrem
526 2385 680 2439 fuisse,
708 2400 764 2429 ex
788 2390 975 2430 anctori-

91 2442 172 2486 δα
194 2451 382 2490 constat.
435 2449 523 2491 Sed
553 2462 652 2492 cum
685 2464 711 2493 a
742 2453 973 2495 neotericis

85 2506 378 2562 scriptoribus
397 2511 439 2552 in
456 2514 736 2558 attribuendo
755 2520 972 2571 cognomi-

87 2581 144 2610 ne
179 2575 231 2613 et
263 2572 446 2617 delubro
499 2579 658 2631 saepius
701 2581 975 2640 hallucinari,

85 2645 327 2690 magnoque
360 2651 508 2682 ermre
536 2642 630 2686 haec
662 2645 868 2689 confundi
896 2649 973 2690 ob·

86 2702 410 2756 servaverimus,
436 2707 577 2748 coacti
596 2706 752 2751 fuimus
774 2711 828 2752 ad
853 2713 972 2766 ipsos

86 2759 245 2814 fontes,
272 2776 328 2805 ex
356 2767 509 2820 quibus
542 2769 637 2812 haec
668 2773 723 2813 de
740 2774 972 2827 Epidauris

85 2824 314 2882 hausimus,
342 2842 578 2876 recurrere.
633 2837 878 2890 Epidaurus
897 2840 975 2893 igi·

88 2895 159 2929 tur
170 2891 310 2943 prima
324 2900 394 2935 est
407 2896 450 2936 in
462 2897 703 2951 Dalmatia,
718 2900 973 2945 Ptolemaeo.

88 2951 199 2995 Haec
218 2955 479 3008 Epidaurum
497 2961 675 3004 Colonia
704 2976 728 3003 a
747 2964 891 3006 Plinio
910 2966 972 3008 di-

84 3015 227 3058 citur:
254 3025 302 3060 et
321 3021 452 3074 Legio
470 3034 537 3066 rx.
555 3025 623 3066 liic
642 3026 817 3079 ponitur
831 3029 876 3070 in
897 3043 972 3072 an·

84 3079 206 3141 tiqua
237 3082 533 3138 inscriptione.
590 3089 701 3132 Haec
736 3092 866 3135 hodie
901 3099 972 3137 est

86 3149 134 3184 et
181 3148 376 3199 emporio
415 3155 463 3192 et
509 3153 749 3206 Republica
795 3157 968 3202 nobilis.

88 3206 214 3250 Hauc
232 3211 455 3265 Europaeis
472 3215 636 3269 Ragusi
654 3220 876 3274 appellari,
898 3235 970 3263 ex·

85 3275 155 3312 tra
171 3277 507 3320 controversiam
538 3286 622 3323 est.
675 3283 825 3325 Turcis
849 3299 968 3339 vero,

85 3334 130 3373 ui
145 3333 285 3389 fallor,
313 3339 591 3385 Dobronicha
622 3352 815 3400 vocatur,
835 3348 968 3392 ’1)αοῦ-

86 3409 174 3439 em
190 3400 403 3446 cedreno.
459 3406 575 3449 Huic
593 3409 776 3453 Limerae
807 3425 965 3465 cogno-

89 3470 202 3514 m,
239 3465 317 3506 sed
350 3465 476 3520 falso,
517 3483 543 3511 a
578 3472 771 3524 pluribus
806 3482 965 3518 nostrae

90 3525 232 3566 aetsus
266 3529 558 3584 Scriptoribus
593 3536 783 3579 additur.
838 3540 966 3582 Hanc

90 3585 207 3630 Dion
239 3597 285 3632 at
318 3593 434 3635 Mela
466 3597 508 3636 in
537 3597 968 3650 Par-thinis,Daln1a·

1857 327 1928 380 79

1045 457 1118 498 tiae
1140 458 1328 511 populiS,
1357 471 1462 512 quos
1498 458 1664 500 Plinius
1693 457 1932 501 Parthenos

1043 521 1248 574 nominat,
1276 528 1323 564 et
1351 523 1482 564 bodie
1510 523 1803 576 Ragusienses
1836 536 1935 576 pos-

1044 591 1141 626 sent
1159 585 1408 641 indigetari,
1426 587 1561 641 ponit.
1615 587 1858 640 Epidaurus
1872 587 1932 628 al-

1044 653 1155 700 tera,
1185 649 1226 690 in
1246 650 1567 704 Peloponneso,
1594 663 1620 692 a
1638 651 1799 704 Plinio,
1828 652 1935 692 Pto-

1041 713 1211 766 lemaeo,
1257 714 1487 769 Strabone,
1530 716 1845 770 Pompeioque,
1889 717 1933 757 in

1041 776 1178 830 Argia
1197 789 1354 832 nempe
1373 781 1568 833 regione,
1597 780 1650 822 ad
1682 780 1933 822 Saronicum

1043 841 1199 894 sinum,
1226 855 1354 897 quam
1366 843 1601 898 AEsculapii
1620 844 1803 887 delubro
1821 846 1937 886 cele·

1042 905 1164 947 brem
1196 906 1380 949 iaciunt.
1435 910 1574 949 Extra
1607 910 1758 950 urbem
1786 914 1934 952 tamen

1041 969 1175 1012 fuisse
1207 971 1289 1012 boc
1323 972 1551 1013 delubrum
1581 973 1735 1014 scribit
1768 973 1934 1014 Pausa·

1043 1034 1135 1075 nias
1155 1034 1201 1075 in
1221 1035 1537 1078 Corinthiacis:
1570 1037 1756 1090 quinque
1771 1034 1933 1091 vnempe

1041 1099 1176 1141 millia
1208 1113 1412 1154 passuum
1442 1108 1491 1143 ut
1521 1102 1656 1144 habet
1687 1103 1834 1143 Livius
1854 1103 1933 1145 lib.

1043 1175 1147 1206 XLV.
1204 1165 1439 1218 Epitaurus
1472 1166 1566 1208 haec
1599 1171 1729 1208 antea
1759 1167 1934 1208 diceba-

1041 1231 1128 1280 tur,
1158 1226 1381 1271 referente
1399 1230 1630 1281 Strabone,
1658 1230 1775 1282 apud
1804 1242 1933 1284 quem

1040 1296 1182 1332 autem
1203 1293 1435 1345 Epicarum
1456 1293 1768 1335 restituendum
1786 1300 1935 1335 monet

1042 1355 1338 1409 Casaubonus,
1368 1370 1394 1397 a
1412 1357 1596 1399 Caribus
1630 1370 1786 1410 nempe
1818 1358 1934 1398 hunc

1042 1426 1230 1462 tractum
1259 1422 1361 1464 olim
1389 1424 1653 1464 tenentibus.
1711 1424 1839 1464 Hanc
1859 1425 1932 1464 ho-

1042 1483 1112 1525 die
1154 1485 1354 1538 Pigiada,
1394 1492 1444 1527 ut
1486 1486 1619 1528 Dom.
1666 1486 1819 1538 Niger,
1864 1487 1934 1527 vel

1042 1548 1264 1591 Cheronisi
1287 1556 1459 1603 vocant,
1485 1556 1535 1591 ut
1559 1550 1803 1603 Sophianus
1834 1563 1934 1592 auc-

1041 1616 1109 1652 tor
1128 1618 1211 1654 est.
1269 1615 1512 1666 Epidaurus
1538 1614 1670 1655 tertia
1700 1615 1744 1654 in
1779 1614 1933 1655 eadem

1042 1681 1110 1716 est
1146 1676 1463 1730 Peloponneso,
1494 1677 1548 1719 ad
1585 1677 1836 1730 Argolicum
1877 1680 1932 1719 si-

1041 1751 1158 1787 num,
1187 1740 1231 1779 in
1265 1741 1498 1791 Laconica,
1530 1741 1786 1793 Ptolemaeo,
1829 1743 1937 1794 sive,

1041 1808 1091 1844 ut
1110 1803 1344 1845 Pausanias
1364 1805 1514 1857 habet,
1542 1804 1658 1858 apud
1677 1805 1932 1846 Eleuthero-

1041 1868 1231 1909 lacones,
1288 1868 1524 1921 Epidauria
1569 1869 1661 1910 haec
1706 1867 1930 1921 Straboni,

1041 1930 1115 1985 qui
1131 1932 1312 1972 eandem
1333 1932 1452 1986 prius
1472 1933 1688 1973 Limeram
1715 1933 1933 1984 cognomi-

1039 2000 1185 2036 natam
1222 1996 1349 2049 dicit,
1377 1996 1436 2038 ob
1465 2000 1616 2049 portus
1654 1996 1934 2038 commodita-

1040 2064 1147 2112 tem,
1172 2059 1293 2111 λιμὴν
1328 2060 1440 2101 enim
1483 2059 1644 2101 Graece
1683 2064 1837 2113 portus,
1880 2071 1933 2101 ae

1038 2129 1194 2176 postea
1226 2125 1403 2166 conciso
1433 2124 1664 2177 vocabulo,
1700 2124 1932 2166 Limeram.

1036 2188 1109 2230 Sic
1128 2202 1301 2243 citroque
1319 2190 1427 2231 hanc
1447 2190 1749 2243 cognominant
1762 2189 1934 2242 Thucy-

1037 2253 1176 2306 diues,
1214 2254 1468 2306 Pausanias,
1512 2254 1617 2294 item
1658 2253 1929 2306 Stephanus3

1037 2319 1112 2372 qui
1130 2318 1313 2359 eandem
1327 2331 1497 2373 quoque
1512 2319 1750 2371 Mefissiam,
1768 2323 1929 2359 Μειλισ-

1034 2381 1139 2434 σίαν,
1152 2388 1199 2424 et
1214 2383 1431 2436 AEmeram,
1448 2381 1634 2435 Αἴμηραν,
1646 2387 1790 2423 vocat.
1831 2383 1936 2423 Cor-

1037 2450 1166 2499 rupte
1201 2452 1346 2486 autem
1384 2458 1462 2499 pro
1492 2446 1670 2497 Limera,
1698 2445 1862 2500 Λιμήρα,
1897 2451 1931 2487 A

1037 2510 1153 2551 enim
1173 2514 1219 2551 et
1237 2515 1270 2551 A
1302 2511 1464 2552 Graeca
1492 2512 1707 2552 elementa
1737 2513 1853 2553 inter
1882 2524 1930 2553 se

1035 2572 1175 2615 forma
1194 2587 1280 2615 nou
1293 2574 1522 2616 admodum
1539 2574 1778 2626 dissimilia,
1793 2576 1929 2629 scrip-

1036 2637 1404 2680 toremfefellisse
1423 2639 1626 2681 arbitror.
1681 2640 1810 2683 Quod
1841 2652 1932 2681 mo-

1034 2703 1132 2745 nuit
1168 2705 1400 2759 aliquando
1439 2717 1518 2758 per
1551 2705 1704 2746 literas
1741 2707 1808 2746 vir
1843 2717 1929 2746 non

1034 2772 1202 2810 tantum
1232 2769 1522 2822 doctissimus,
1550 2769 1627 2813 sed
1662 2775 1709 2810 et
1737 2769 1929 2823 optimus

1037 2833 1150 2874 And.
1181 2833 1404 2877 Schottus.
1434 2834 1710 2888 Monobasia,
1734 2836 1804 2875 vel
1832 2835 1929 2876 Mo·

1035 2897 1258 2939 nembasia
1271 2898 1365 2939 haec
1379 2911 1402 2938 a
1418 2898 1728 2951 posterioribus
1743 2898 1927 2945 Gra-cis,

1035 2965 1085 3001 ut
1120 2961 1342 3015 Plethoni,
1379 2963 1607 3015 Gregorae,
1646 2966 1693 3003 et
1729 2962 1929 3003 Cedreno

1034 3024 1295 3067 nominatur.
1352 3026 1464 3067 Haec
1499 3031 1645 3067 autem
1676 3030 1785 3067 aetas
1815 3026 1928 3065 hanc

1033 3090 1294 3131 Malvasiam
1313 3091 1518 3144 appellat.
1575 3090 1716 3143 Hujus
1735 3089 1857 3141 regio
1881 3093 1929 3128 et

1032 3152 1186 3195 incolae
1214 3160 1429 3195 vocantur
1448 3167 1472 3196 a
1491 3154 1708 3195 Strabone
1734 3151 1929 3205 Epidau„

1035 3218 1115 3271 ria,
1151 3223 1199 3260 et
1230 3218 1471 3271 Epidaurii.
1528 3217 1730 3259 Meminit
1755 3226 1925 3269 quoque

1032 3283 1202 3325 Plinius
1222 3284 1472 3338 Epidaurus
1497 3284 1664 3335 insulae,
1692 3294 1790 3335 quae
1829 3281 1925 3334 eJus

1034 3354 1231 3402 tempore
1252 3350 1392 3392 desiit.
1424 3351 1617 3392 ortelius.

1089 3414 1225 3467 Neque
1257 3427 1358 3467 eam,
1396 3415 1486 3467 fisa]
1533 3412 1730 3466 Contigit
1771 3410 1827 3452 A.
1866 3412 1922 3452 U.

1032 3487 1190 3517 cnnxr.

1087 3540 1259 3581 Mitibas
1287 3540 1427 3591 voluis]
1454 3539 1591 3582 Quasi
1623 3539 1724 3580 boni
1758 3535 1920 3590 aliquid

1036 3602 1242 3644 Romanis
1265 3604 1555 3655 promitteret.
