2288 3990
401 324 542 379 1000

400 456 551 503 hiscat,
586 455 663 494 Vel
706 459 829 506 pater
871 452 1135 503 omnipotens
1173 449 1261 489 adi-

400 519 474 570 g'at
511 530 576 557 me
615 517 788 557 fulmine
832 516 884 555 ad
931 515 1116 564 umbraS,
1160 514 1258 552 Pal-

398 583 535 622 lentes
575 582 741 621 umbras
801 578 945 629 Erebi,
1004 570 1259 629 noctem‘que

397 644 664 695 profundam,
700 642 828 692 Ante,
867 641 1015 693 pudor,
1059 653 1184 693 quam
1214 645 1258 679 te

397 708 565 757 violem,
612 714 683 747 ant
737 714 809 746 tua
854 707 954 757 jura
1008 706 1212 745 resolvam
1245 718 1256 744 z

394 767 477 810 Ille
505 781 619 809 meos
647 769 821 821 primus,
851 769 922 820 qui
943 780 1009 807 me
1030 768 1110 808 sibi
1133 768 1258 819 junx-

394 832 446 882 it,
464 844 639 883 amoreS,
669 831 875 881 Abstulit,
906 832 979 871 ille
1006 832 1163 871 habeat
1193 843 1258 870 se-

394 907 506 945 cum,
540 901 763 946 servetque
791 894 1044 947 sepulchro.'
1103 896 1160 934 D.
1181 893 1257 933 Hi-

394 969 616 1009 eronymus
638 959 842 1010 in·Epist.
864 971 909 998 x.
931 958 983 998 ad
1006 958 1172 998 Furiam
1204 957 1258 997 de

391 1020 657 1059 Camillorum
679 1027 830 1071 gente:
860 1024 871 1043 ‘
885 1021 1033 1061 Habet
1046 1026 1257 1072 praeterea

390 1082 557 1134 generis
574 1084 635 1123 tui
655 1085 816 1135 grande
839 1085 1120 1135 privilegium,
1141 1083 1253 1136 qnod

390 1145 547 1185 exinde
566 1159 591 1186 a
621 1147 797 1186 Camillo
823 1148 890 1186 vel
920 1148 1036 1187 nulla
1061 1147 1127 1186 vel
1160 1157 1255 1185 rara

387 1212 542 1248 vestrae
594 1208 762 1249 familiae
802 1210 1002 1250 scribitur
1045 1209 1251 1250 secundos

382 1283 513 1312 nosse
546 1273 815 1323 concubitus3
855 1279 902 1312 ut
935 1285 1016 1312 non
1051 1278 1135 1313 tam
1169 1274 1253 1312 lau-

386 1334 526 1374 danda
545 1336 614 1385 sis,
634 1336 668 1375 si
697 1336 821 1375 vidua
851 1349 1110 1388 perseveres,
1127 1349 1251 1388 quam

385 1401 639 1450 execranda,
659 1402 692 1439 si
722 1401 764 1439 id
794 1402 1034 1442 Christiana
1061 1415 1144 1442 non
1164 1415 1250 1443 ser-

383 1475 471 1514 ves,
489 1463 597 1515 qnod
619 1476 696 1514 per
727 1470 845 1503 tanta
873 1466 1029 1505 saecula
1059 1466 1251 1507 Gentiles

384 1524 565 1566 soeminae
603 1527 927 1567 custodierunt!
1002 1530 1251 1580 Chrysosto-

381 1600 473 1627 mus
505 1589 664 1629 Homil.
697 1594 735 1630 2.
763 1590 804 1629 in
834 1592 970 1641 Epist.
999 1592 1052 1631 ad
1085 1594 1249 1632 Titum:

381 1652 394 1673 ‘
417 1653 564 1693 Nostis
602 1652 800 1705 profecto
842 1667 987 1694 omnes
1022 1657 1134 1708 quod
1171 1657 1253 1696 etsi

383 1727 460 1766 per
476 1717 591 1768 leges
606 1715 857 1770 (Romanas)
871 1718 1070 1759 secundae
1091 1721 1250 1772 nuptiae

381 1780 701 1833 permittuntur,
736 1782 880 1822 multis
919 1788 1061 1823 tamen
1098 1796 1151 1824 ea
1183 1796 1250 1823 res

380 1843 724 1883 accusationibus
739 1844 889 1895 patet!
919 1846 1013 1886 Nec
1030 1859 1112 1886 non
1134 1847 1248 1898 quod

380 1904 530 1944 scribit
559 1906 813 1947 Plutarchus
833 1909 1052 1950 Problem.
1087 1913 1154 1950 99.
1185 1911 1247 1950 his

378 1971 519 2011 verbis
536 1985 548 2011 ε
579 1972 591 1994 ‘
611 1973 721 2014 Quid
742 1979 808 2017 est
827 1974 939 2026 quod
967 1975 1146 2027 publicis
1166 1975 1247 2016 fes-

376 2035 449 2084 tis,
467 2036 604 2075 veteri
625 2049 757 2086 more,
776 2036 958 2089 virgines
972 2050 1056 2078 non
1071 2040 1250 2090 nubunt,

374 2097 518 2142 ,viduae
552 2098 742 2138 nubunt?
784 2113 836 2139 an
874 2101 986 2153 quod
1020 2101 1247 2153 virginibus

376 2160 593 2213 decorum,
628 2162 763 2203 viduis
784 2176 882 2203 vero
900 2165 1043 2205 multis
1063 2178 1247 2217 praesen-

377 2223 492 2264 tibus
510 2223 663 2265 faednm
681 2226 868 2266 nubere?
898 2226 1048 2269 felices
1068 2241 1246 2282 namque

377 2298 427 2325 ac
462 2293 619 2327 sanctae
650 2288 795 2339 primae
823 2291 1008 2342 nuptiae:
1049 2294 1244 2334 secundae

374 2362 476 2390 vero
511 2351 654 2392 tristes
682 2358 726 2392 et
764 2353 1044 2394 detestandae.
1102 2356 1245 2397 Pudet

374 2413 483 2452 enim
522 2414 626 2455 vivis
652 2416 788 2457 adhuc
825 2417 902 2469 eis,
930 2419 1079 2470 quibus
1116 2426 1245 2460 antea

373 2484 620 2528 nupserant,
659 2479 763 2518 alios
802 2482 1015 2532 accipere,
1055 2490 1242 2524 mortuos

375 2546 516 2578 autem
536 2541 716 2592 lugent.’

432 2604 514 2648 Qui
542 2605 724 2655 deposita
753 2607 998 2658 virginitatis
1025 2610 1145 2650 cubile
1171 2624 1244 2662 pu-

374 2666 500 2706 dicum
518 2668 654 2716 egredi
683 2669 865 2721 nesciret]
907 2670 1094 2713 Additur
1118 2677 1243 2723 vulgo

374 2733 476 2780 post,
496 2730 606 2781 quod
628 2730 670 2768 in
688 2731 794 2770 Mss.
814 2745 895 2772 uon
911 2733 1107 2776 habetur.
1165 2737 1244 2778 At-

377 2792 449 2844 qui
482 2793 587 2832 mire
622 2793 879 2845 depravatus
913 2805 978 2837 est
1012 2799 1143 2852 locus,
1174 2803 1244 2852 qui

373 2857 636 2897 tolerabilior
653 2858 749 2908 erit,
767 2859 801 2898 si
816 2861 955 2912 legas3
983 2864 1050 2914 qui
1061 2866 1243 2916 depositoe

369 2920 617 2971 virginitatis
633 2921 759 2961 cubile
771 2924 950 2973 pudicum
964 2928 1097 2976 egredi
1123 2931 1242 2970 nesci-

369 2987 443 3024 ret.
473 2984 663 3035 Pighius.

423 3046 651 3098 Illegitimoe
693 3047 1021 3102 intemperantiae]
1086 3053 1240 3102 Aliter,

367 3111 571 3161 legitimoe.
603 3111 739 3152 'Quia
775 3111 932 3151 licebat
964 3115 1134 3165 quidem
1176 3131 1241 3156 se-

368 3174 529 3214 cundas
549 3175 618 3214 vel
639 3175 791 3214 tertias
809 3188 934 3226 agere
954 3180 1138 3231 nuptias,
1166 3183 1239 3221 sed

369 3243 512 3277 tamen
530 3250 612 3277 non
635 3237 723 3276 sine
743 3239 984 3289 suspicione
1004 3242 1131 3283 fiebat
1148 3245 1240 3284 libi-

368 3301 476 3340 dinis
496 3300 716 3352 cujusdam
738 3301 1054 3356 intemperatae,
1074 3313 1117 3346 et
1143 3309 1239 3348 ideo

368 3365 600 3416 legitimam
630 3365 1002 3416 intemperantiam
1035 3372 1239 3421 appellat.

426 3429 549 3473 Quasi
569 3428 808 3479 illegitimoe]
852 3430 955 3470 Mss.
988 3432 1177 3486 plerique
1199 3442 1243 3475 et

368 3497 491 3531 vetus
521 3491 594 3531 ille
622 3491 733 3531 Dan.
759 3492 872 3543 quasi
904 3494 1107 3544 legitimae.
1166 3498 1240 3538 Nil

977 335 1153 375 NoTAE

1196 331 1521 373 VARIORUM
1562 334 1628 372 IN

1326 449 1479 489 verius.
1537 448 1646 487 Nam
1683 449 1870 501 legitima
1907 450 2101 503 quaedam
2133 449 2197 490 in·

1324 511 1624 562 temperantia,
1645 517 1742 551 sunt
1764 513 1883 562 plura
1916 513 2198 563 matrimonia,

1322 577 1432 629 qnod
1448 577 1590 616 multis
1606 576 1870 617 demonstrat
1888 576 2196 618 eruditissimus

1323 639 1575 679 Tertullian.
1608 639 1774 690 legibus
1806 640 1917 678 enim
1951 652 2035 678 non
2056 639 2197 691 prohi-

1322 703 1491 743 bentur.
1547 703 1610 741 Ea
1640 703 1808 742 ratione
1827 704 1991 743 Seneca
2009 704 2195 744 divortia

1319 766 1540 817 ‘legitima
1568 765 1804 804 adulteria’
1838 773 1973 808 vocat.
2025 766 2197 808 Tertul-

1319 829 1455 868 lianus
1474 827 1697 879 apposite:
1728 830 1740 851 ‘
1762 829 2037 870 Continentia
2054 831 2194 883 legem

1318 892 1562 943 nuptiarum
1582 892 1785 941 honorat3
1826 893 1998 933 licentia
2031 898 2194 946 tempe-

1318 960 1400 996 rat.
1455 955 1540 994 Illa
1571 966 1656 993 non
1689 955 1872 1006 cogitur,
1905 955 1987 994 ista
2021 955 2199 1006 regitur.

1318 1018 1400 1058 Illa
1442 1018 1666 1070 arbitrium
1697 1018 1841 1069 habet,
1870 1019 1963 1059 haec
1993 1019 2195 1060 modum!

1319 1082 1560 1122 Martialis:
1604 1082 1744 1125 ‘Quae
1773 1083 1904 1122 toties
1936 1082 2075 1132 nubit,
2108 1094 2192 1122 non

1317 1145 1469 1195 nubit;
1503 1145 1699 1186 adultera
1727 1147 1823 1198 lege
1854 1151 1953 1196 est3
1984 1144 2194 1187 Offendar

1314 1211 1479 1250 moecha
1498 1210 1754 1262 simpliciore
1774 1210 1946 1251 minus!
1977 1211 2152 1252 enzer-us.

1368 1274 1428 1324 §4
1447 1273 1681 1326 Repudium]
1712 1274 1833 1313 Dicit
1847 1274 1927 1313 hoc
1947 1273 2190 1314 institutum

1313 1337 1427 1389 apud
1453 1338 1650 1389 antiquos
1670 1344 1884 1377 servatum
1904 1336 2038 1376 fnisse
2055 1337 2109 1378 ad
2131 1338 2191 1377 vi-

1314 1401 1517 1441 cesimum
1538 1406 1584 1441 et
1602 1401 1983 1453 quingentesimum
2017 1412 2189 1441 annum.

1313 1463 1450 1504 Aulus
1470 1464 1636 1505 Gellius
1661 1463 1862 1503 dissentit
1881 1475 1907 1502 a
1925 1462 2096 1503 valerio
2112 1462 2187 1503 lib.

1314 1540 1378 1569 rv.
1400 1540 1494 1580 cap.
1511 1531 1551 1567 3.
1607 1529 1725 1568 Dicit
1755 1528 1893 1568 enim:
1933 1527 1946 1549 ‘
1966 1526 2191 1568 Memoriae

1315 1592 1518 1632 traditum
1566 1598 1633 1631 est
1679 1590 1920 1644 quingentis
1965 1589 2191 1643 (Cujacius

1315 1656 1516 1696 emendat
1534 1657 1547 1679 ‘
1567 1654 1823 1707 sexcentis’)
1842 1654 1934 1695 fere
1954 1655 2076 1694 annis
2092 1659 2191 1707 post

1314 1722 1490 1761 Romam
1525 1721 1740 1761 conditam
1773 1720 1910 1760 nullas
1935 1719 1999 1759 rei
2026 1719 2188 1759 uxoriae

1312 1796 1452 1836 neque
1490 1784 1695 1835 actiones,
1724 1795 1863 1836 neque
1896 1782 2189 1824 cautiones-in

1312 1847 1416 1886 urbe
1433 1847 1586 1895 Roma,
1606 1847 1736 1887 autin
1752 1847 1874 1886 Latio
1893 1844 2041 1897 fuisse,
2059 1857 2188 1898 quum

1314 1909 1509 1962 profecto
1538 1923 1623 1950 non
1654 1909 2024 1960 desiderabantur,
2058 1909 2187 1948 nullis

1312 1975 1439 2014 etiam
1477 1980 1579 2014 tunc
1617 1973 1898 2016 matrimoniis
1936 1973 2190 2014 divertenti-

1313 2037 1422 2078 bus?
1476 2039 1652 2078 Servius
1681 2051 1848 2091 quoque
1877 2037 2032 2089 Sulpit.
2051 2037 2095 2076 in
2114 2035 2189 2086 lib.

1312 2102 1722 2158 quem-composuit
1766 2103 1822 2142 de
1863 2100 2060 2152 notibus,
2095 2106 2187 2140 tum

1314 2166 1496 2218 primum
1516 2166 1737 2207 cautiones
1770 2164 1833 2205 rei
1858 2163 2019 2204 uxoriae
2039 2175 2187 2204 neces-

1310 2231 1439 2270 sarias
1461 2231 1569 2269 visas
1589 2242 1683 2270 esse
1698 2228 1883 2281 scripsit,
1902 2239 1997 2268 cum
2009 2227 2187 2279 Spurius

1310 2294 1540 2344 Carbilius,
1583 2294 1654 2334 cui
1688 2294 1812 2345 Ruga
1857 2294 2187 2343 cognomentum

1308 2356 1405 2403 fuit,
1428 2358 1491 2397 vir
1509 2357 1681 2406 nobilis,
1696 2354 1923 2395 divortium
1938 2365 2033 2393 cnm
2051 2363 2187 2393 uxore

1306 2421 1428 2473 fecit,
1448 2421 1546 2474 quia
1570 2420 1693 2460 liberi
1713 2432 1765 2459 ex
1800 2430 1850 2458 ea
1869 2415 2060 2468 corporis
2081 2415 2186 2456 vitio

1306 2498 1389 2525 non
1427 2486 1724 2537 gignerentur,
1756 2483 1806 2523 Α.
1837 2482 1891 2521 U.
1929 2481 1978 2521 C.
2005 2490 2184 2520 Dxxut.

1306 2550 1370 2588 M.
1399 2549 1568 2598 Attilio,
1590 2549 1644 2587 Ρ.
1664 2547 1836 2586 Valerio
1857 2545 1977 2584 Coss.
1997 2547 2126 2596 atque
2148 2543 2183 2582 is

1307 2613 1523 2654 Carbilius
1550 2612 1735 2652 traditur
1766 2619 1940 2665 uxorem
1969 2618 2093 2658 qnam
2122 2605 2184 2645 di-

1305 2677 1422 2716 misit
1457 2675 1631 2726 egregie
1661 2672 1876 2716 dilexisse,
1905 2668 2183 2709 carissimam-

1305 2753 1385 2793 que
1408 2751 1573 2780 mornm
1603 2738 1693 2790 ejus
1727 2734 1865 2787 gratia
1898 2731 2110 2782 habuisse,
2137 2735 2183 2770 et

1296 2803 1542 2857 jusjurandi
1578 2801 1823 2852 religionem
1875 2796 2015 2837 animo
2052 2800 2182 2846 atque
2250 2849 2252 2851 ι

1305 2868 1439 2907 amori
1479 2865 1766 2918 praevertisse,
1814 2858 1926 2912 quod
1966 2858 2120 2910 jurare
2157 2869 2183 2899 a

1304 2931 1565 2972 Censoribus
1596 2932 1770 2968 coactus
1801 2929 1895 2964 erat
1926 2931 2106 2962 uxorem
2135 2932 2183 2971 se

1301 2996 1524 3035 liberorum
1549 2991 1838 3032 habendorum
1858 2986 1995 3039 gratia
2013 2985 2182 3024 habitu-

1302 3071 1410 3099 rum.
1468 3059 1564 3099 Alio
1593 3058 1687 3096 loco
1725 3053 1831 3093 dicit
1865 3051 1980 3091 idem
2012 3048 2180 3090 Gellius

1302 3123 1380 3163 hoc
1419 3122 1645 3162 divortium
1677 3118 1833 3158 fecisse
1866 3114 1921 3154 de
1951 3112 2180 3153 amicorum

1304 3183 1626 3237 consilio,quod
1657 3180 1813 3221 sterilis
1833 3181 1964 3218 esset.
2019 3175 2181 3225 Diony·

1304 3248 1412 3287 sius:
1458 3250 1470 3270 ⁴
1493 3246 1619 3288 Quod
1647 3250 1789 3284 autem
1823 3238 1927 3290 lex,'
1947 3238 2022 3284 ait,
2055 3243 2066 3260 ‘
2086 3237 2179 3276 liaec

1306 3311 1357 3350 de
1398 3310 1646 3350 mulieribus
1682 3305 1859 3359 pulchre
1887 3313 1934 3342 se
1969 3300 2181 3341 habuerit,

1305 3375 1431 3414 testis
1452 3373 1535 3413 fuit
1556 3370 1842 3412 diuturnitas:
1873 3368 2043 3406 constat
2064 3362 2178 3402 enim

1304 3437 1419 3476 intra
1435 3437 1687 3488 quingentos
1703 3430 1854 3484 viginti
1870 3439 2001 3468 annos
2018 3427 2177 3466 nullum

1311 3500 1454 3538 Romae
1472 3498 1600 3539 fuisse
1610 3495 1852 3537 divortium.
1873 3489 2118 3532 CentesIma
2132 3494 2179 3528 et
