2346 3996
596 304 855 344 VALERII
902 305 1139 344 MAXIMI

246 426 485 467 coelestium
522 424 725 477 speciem,
764 424 840 465 sed
885 425 949 464 ira
987 423 1126 473 Jovis‚

243 489 476 531 sollicitata
494 500 630 540 prava
639 489 731 541 jam
745 488 966 538 religione,
983 486 1125 527 fulmi-

243 564 298 593 ne
329 551 463 592 ictum
494 562 590 591 cum
625 556 718 591 tota
749 550 877 591 domo
909 549 1126 601 flagrasse.

244 614 459 668 Regnavit
479 619 620 654 autem
642 614 764 654 annis
783 617 851 654 32.
872 613 996 665 cujus
1018 619 1124 653 tem-

241 677 415 730 poribus
438 676 583 718 serunt
612 677 856 718 Bizantium
885 676 1123 722 civitatem,

243 753 340 794 qum
361 740 761 792 Constantinopolis
791 741 965 791 dicitur,
992 739 1123 780 fuisse

239 802 468 844 conditam.
497 803 734 855 Dionysius
753 802 1124 844 Halicarnassaeus

239 865 296 906 de
315 867 395 906 hoc
414 865 613 907 incendio
625 865 730 906 duas
745 863 871 906 affert
883 866 1123 918 opiniones,

238 936 286 970 et
318 930 426 970 dicit
455 920 706 971 succensam
732 930 904 971 domum
922 930 1026 970 alios
1045 942 1121 981 pu·

238 1000 332 1033 tare
367 1005 446 1046 per
476 993 638 1034 fulmen
672 994 725 1034 ob
757 991 1026 1046 quorundam
1057 1005 1122 1033 sa-

240 1071 410 1100 crorum
443 1058 831 1108 intermissionem
879 1059 1020 1110 plures
1059 1066 1121 1098 ta-

238 1133 337 1162 men
372 1122 563 1162 humanis
595 1122 763 1162 insidiis
799 1133 892 1162 esse
939 1120 1120 1172 factum,

238 1183 285 1225 id
301 1197 408 1238 opus
427 1185 692 1227 ascribentes
722 1186 900 1238 Martio,
920 1187 991 1240 qui
1023 1195 1121 1239 post

236 1258 414 1299 regnum
442 1248 643 1290 obtinuit.
697 1249 783 1291 Sed
816 1250 926 1290 hanc
954 1252 1119 1302 opinio-

237 1323 335 1351 nem
356 1311 485 1364 panlo
510 1318 611 1365 post
628 1313 773 1353 multis
794 1311 1001 1354 confutat.
1034 1315 1118 1354 Oli-

236 1387 318 1416 ver.
375 1375 570 1427 Contigit
588 1375 643 1417 A.
663 1376 719 1417 U.
740 1387 876 1422 cxlu.

292 1440 359 1491 §2
395 1439 462 1479 Ad
499 1440 626 1479 lacum
674 1439 989 1493 Thrasimenum]
1046 1441 1117 1482 Ad

239 1501 429 1552 Cannas,
487 1507 536 1542 ut
569 1502 664 1543 vult
699 1502 893 1555 Agellius
931 1504 1007 1545 lib.
1044 1516 1116 1545 111.

236 1577 335 1617 cap.
367 1569 433 1606 15.
460 1566 536 1606 sed
561 1578 702 1620 neque
735 1567 905 1608 Plinius
944 1569 1118 1610 omnino

236 1642 335 1669 cum
360 1630 535 1671 Valerio
559 1632 777 1673 consentit
807 1631 880 1674 lib.
908 1643 992 1674 vu.
1020 1646 1117 1686 cap.

236 1697 305 1734 53.
336 1693 466 1735 Coler.

290 1757 550 1810 Inusitatum]
600 1743 799 1799 ‘Praeter
841 1760 1119 1801 consuetudi-

235 1831 361 1870 nem;
391 1832 491 1861 nam
517 1821 562 1861 id
583 1822 844 1863 rarissimum
861 1827 943 1875 est,
958 1836 1039 1864 uec
1058 1824 1118 1863 vi-

232 1883 364 1924 detur
382 1897 478 1925 esse
496 1876 706 1938 naturale,
716 1885 830 1939 quod
845 1887 942 1939 quis
961 1886 1118 1939 gaudio

234 1952 406 1998 pereat.
442 1947 699 2000 Philosophi
716 1947 868 1988 dicunt
885 1960 959 1989 cor
979 1961 1005 1989 a
1022 1961 1117 1990 san·

231 2009 359 2061 guine
378 2011 519 2051 deseri
534 2010 579 2051 in
597 2010 731 2051 nimia
754 2011 926 2063 laetitia,
954 2018 1000 2053 et
1018 2013 1117 2066 quia

232 2073 438 2114 relaxatis
464 2075 586 2114 venis
605 2079 697 2114 toto
716 2086 897 2127 corpore
916 2073 1115 2117 diffundi-

234 2140 335 2175 tur:
383 2141 535 2176 contra
568 2147 671 2176 vero
701 2136 744 2176 in
774 2143 894 2178 metu
922 2138 1038 2189 fieri,
1065 2146 1115 2180 ut

233 2196 415 2238 desertis
432 2197 629 2250 partibus
657 2199 942 2240 exterioribus
960 2213 1113 2253 corpo·

233 2260 312 2311 ris,
350 2260 405 2301 ad
436 2273 512 2302 cor
541 2262 713 2314 sanguis
746 2272 963 2314 accurrat,
994 2271 1040 2304 et
1072 2266 1114 2305 ei

231 2324 446 2366 laboranti
479 2337 605 2378 opem
633 2324 760 2367 ferat.
814 2327 860 2366 Si
889 2339 963 2368 cor
979 2327 1113 2379 igitur

232 2386 277 2427 in
304 2387 459 2431 loetitia
487 2389 722 2440 deseritur,
751 2401 778 2429 a
809 2395 947 2430 morte
983 2390 1112 2432 facile

231 2451 510 2503 opprimitur.
536 2452 665 2492 Idem.

287 2515 310 2567 §
329 2516 355 2554 3
372 2514 437 2554 M.
455 2515 668 2556 Juventius
688 2515 809 2556 Talea
820 2517 951 2557 consul
966 2518 1113 2568 collega

235 2576 384 2617 Tiberii
398 2577 571 2618 Gracchi
579 2579 759 2630 consulis,
772 2591 858 2618 cum
872 2580 916 2619 in
933 2580 1111 2632 Corsica]

231 2639 306 2680 Ita
325 2641 466 2692 vulgo.
508 2641 760 2693 Legendum
779 2654 835 2682 ex
853 2643 962 2684 Mss.
982 2650 1112 2697 atque

229 2701 438 2744 fastorum
498 2703 834 2756 Capitolinornm
890 2708 1112 2760 orthogra-

231 2766 332 2819 phia
345 2780 358 2807 :
387 2767 450 2807 M.
461 2767 676 2808 Juventius
693 2768 843 2808 Thalna
858 2771 1005 2820 collega
1025 2772 1112 2812 Tib.

234 2829 406 2871 Gracchi
436 2831 525 2872 Cos.
560 2831 719 2883 iterum,
746 2845 832 2873 cum
859 2833 901 2873 in
937 2835 1114 2886 Corsica,

231 2895 299 2945 ξε.
327 2893 458 2946 Pigh.

286 2956 467 3008 Corsica]
506 2957 645 2999 Quam
679 2959 890 3011 Ligustici
923 2960 1039 3002 sinus
1062 2974 1114 3002 ae-

232 3033 339 3074 quor
350 3022 487 3073 alluit,
505 3026 618 3062 teste
639 3023 802 3064 Solino.
835 3024 983 3066 Oliuer.

284 3084 554 3140 sacrificaret]
592 3086 785 3138 Propter
814 3099 905 3128 rem
926 3088 1112 3130 feliciter

233 3153 398 3201 gestam
418 3149 512 3189 Diis
530 3154 632 3189 vota
653 3150 936 3200 persolveret.
966 3151 1090 3191 Idem.

283 3212 475 3253 Deci-etas
501 3211 539 3252 ei
564 3225 590 3252 a
615 3211 768 3252 Senatu
790 3213 1110 3268 supplicationes]

232 3275 346 3317 Nam
381 3289 471 3318 mos
506 3283 616 3328 erat,
665 3283 714 3317 ut
759 3289 875 3330 saepe
911 3278 1109 3330 diximus,

231 3339 345 3393 quod
363 3345 491 3393 parta
508 3340 692 3381 victoria
716 3341 761 3381 in
788 3341 983 3381 omnibus
1003 3347 1108 3382 tem-

231 3403 314 3455 plis
378 3404 714 3456 supplicationes
775 3404 1112 3446 decernerentur

231 3465 331 3506 Diis
346 3465 448 3512 illis,
471 3478 577 3518 quos
603 3467 798 3508 victoriae
824 3475 1023 3509 auctores
1045 3467 1110 3509 fu-

233 3527 316 3570 isse
335 3527 649 3570 existimabant.
703 3530 871 3570 Deinde
902 3531 1109 3583 triumphi

1189 308 1304 346 mn.
1336 308 1428 346 lx.
1470 309 1604 346 cAP.
1631 296 1718 348 12.
1925 300 2064 354 1365

1187 436 1284 475 spes
1321 431 1415 465 erat
1444 425 1710 478 imperatori,
1741 426 1811 479 qui
1844 426 2067 468 victoriam

1188 486 1340 529 fuisset
1375 496 1659 540 consecutus3
1713 502 1811 529 nam
1848 491 2067 542 praecede-

1187 550 1292 591 bant
1326 564 1496 605 semper
1527 554 1885 606 supplicationes,
1918 565 2068 606 seque·

1188 614 1316 654 batur
1331 616 1486 656 deinde
1508 618 1764 669 triumphus.
1793 617 1918 657 Idem.

1243 678 1307 716 En
1325 678 1407 729 cui]
1452 679 1600 719 Ironia
1634 686 1713 720 est.
1768 679 1903 722 Quasi
1933 679 2066 729 dicat,

1186 738 1289 791 quid
1328 740 1363 779 si
1411 741 1714 794 Carthaginem
1750 742 1995 794 evertisset,
2033 743 2068 782 si

1186 803 1464 844 Numantiam
1497 806 1757 856 sustulisset,
1777 806 1890 860 qnod
1917 805 2065 858 Scipio

1183 865 1318 907 fecit?
1347 867 1473 907 Idem.
1809 914 1812 916 ,

1241 933 1262 983 §
1282 934 1307 970 4
1332 932 1385 976 Q.
1408 932 1589 983 Catulus]
1620 932 1782 972 Beatus
1799 931 2065 983 Augustinus

1185 994 1239 1034 de
1260 995 1389 1036 Civit.
1420 995 1506 1034 Dei
1525 995 1599 1034 lib.
1623 1007 1694 1034 111.
1735 998 1746 1017 ‘
1770 995 1974 1046 Catulus,’
2008 997 2068 1035 in-

1184 1058 1292 1110 quit,
1310 1059 1323 1079 ‘
1345 1058 1496 1097 hausto
1517 1069 1682 1097 veneno
1711 1069 1804 1096 sese
1825 1069 1848 1096 e
1868 1058 2064 1097 manibus

1184 1120 1451 1161 inimicorum
1486 1120 1726 1161 subtraxit.'
1779 1120 1936 1160 Lucius
1972 1121 2068 1160 Flo-

1182 1196 1277 1224 rus:
1309 1185 1322 1206 ‘
1335 1183 1543 1235 Catulus,’
1560 1184 1716 1236 iuquit,
1735 1184 1747 1206 ‘
1762 1195 1810 1223 se
1823 1182 1931 1235 ignis
1944 1183 2067 1223 haus-

1182 1253 1230 1288 tu
1265 1247 1451 1288 ludibrio
1485 1247 1674 1287 hostium
1705 1245 1893 1287 exemit!
1966 1247 2068 1288 Fuit

1167 1316 1323 1350 ,autem
1342 1311 1412 1351 hic
1429 1311 1608 1350 Catulus
1629 1311 1676 1351 C.
1692 1310 1824 1350 Marii
1844 1310 2008 1360 collega
2025 1311 2067 1350 in

1182 1382 1335 1428 quarto
1370 1376 1597 1416 consulatu
1632 1375 1837 1416 adversus
1871 1375 2066 1415 Cimbros

1180 1444 1226 1479 et
1244 1439 1436 1479 Senones
1451 1451 1462 1488 3
1477 1438 1518 1477 in
1536 1450 1619 1491 quo
1635 1438 1749 1478 bello
1770 1438 1962 1478 victoriae
1977 1437 2065 1478 dux

1182 1507 1227 1542 et
1241 1507 1391 1542 auctor
1411 1501 1542 1542 fuisse
1562 1501 1769 1542 creditur.
1827 1501 1941 1541 Nam
1967 1506 2066 1553 post

1181 1578 1316 1607 caesos
1336 1567 1494 1617 hostes,
1519 1577 1617 1605 cum
1645 1565 1776 1605 Marii
1808 1564 1969 1604 milites
1990 1576 2064 1615 pe-

1181 1630 1326 1670 cunias
1356 1629 1652 1682 diripuissent,
1679 1628 1833 1681 spolia,
1850 1633 1896 1669 et
1926 1627 2063 1676 tubae,

1181 1699 1227 1734 et
1246 1694 1368 1743 signa
1394 1693 1438 1732 in
1469 1698 1612 1733 castra
1640 1693 1783 1733 Catuli
1802 1692 1948 1733 delata
1967 1690 2062 1731 fue-

1182 1764 1300 1808 runt,
1328 1770 1425 1810 quae
1459 1756 1573 1809 apud
1607 1768 1654 1796 se
1686 1756 1864 1796 Catulus
1883 1755 2064 1807 diligen-

1182 1823 1343 1864 tissime
1377 1822 1540 1862 servari
1570 1821 1723 1873 voluit,
1757 1828 1807 1862 ut
1833 1826 2066 1873 appareret

1182 1898 1280 1926 eum
1296 1885 1486 1925 victoriae
1507 1889 1727 1924 auctorem
1748 1883 1960 1924 extitisse.
2005 1884 2064 1923 Et

1182 1960 1278 1988 cum
1311 1948 1426 1988 inter
1443 1946 1602 1987 milites
1620 1946 1752 1987 Marii
1772 1950 1905 2000 atque
1923 1946 2064 1986 Catuli

1181 2011 1236 2051 de
1262 2011 1441 2051 victoria
1461 2010 1682 2051 contentio
1701 2014 1815 2050 esset
1834 2009 2000 2059 oborta,
2018 2009 2062 2047 in

1178 2076 1272 2116 haec
1308 2080 1440 2127 pacta
1487 2078 1798 2124 convenerunt,
1848 2078 1899 2112 ut
1930 2070 2064 2123 legati

1179 2139 1497 2187 Parmensium,
1515 2138 1588 2191 qui
1608 2143 1699 2178 tum
1722 2136 1921 2187 aderant,
1939 2136 1994 2176 de
2015 2147 2060 2175 re

1175 2203 1258 2244 ista
1267 2204 1533 2256 judicarent.
1587 2202 1664 2253 Hi,
1695 2202 1815 2242 ducti
1837 2212 1914 2253 per
1934 2199 2061 2240 cada-

1176 2278 1277 2307 vera
1307 2266 1493 2308 hostium
1522 2277 1548 2305 a
1580 2264 1804 2315 militibus,
1824 2273 2058 2315 conspexe-

1178 2336 1279 2370 runt
1301 2329 1458 2381 jaculis
1486 2329 1670 2379 militum
1691 2327 1837 2368 Catuli
1854 2327 2060 2368 barbaro-

1175 2406 1268 2434 rum
1306 2405 1489 2445 corpora
1525 2404 1618 2432 esse
1654 2390 1889 2445 perforata.
1953 2390 2059 2443 Dig-

1176 2456 1467 2498 noscebantur
1487 2468 1540 2495 ex
1559 2454 1774 2507 inscriptis
1789 2453 1944 2507 literis,
1963 2466 2058 2507 quae

1175 2532 1329 2562 nomen
1365 2520 1507 2561 Catuli
1541 2520 1582 2559 in
1620 2519 1720 2560 telis
1757 2517 2058 2570 designabant.

1174 2586 1336 2626 Verum
1363 2583 1519 2624 famam
1550 2589 1596 2623 et
1616 2582 1794 2634 gloriam
1813 2586 1944 2635 totam
1963 2582 2058 2622 Ma-

1176 2648 1240 2688 rio
1272 2653 1452 2700 propter
1472 2647 1652 2699 primam
1674 2645 1899 2685 victoriam
1920 2649 1966 2685 et
1984 2656 2058 2684 no·

1175 2723 1273 2752 men
1291 2710 1460 2762 imperii
1479 2708 1742 2750 tribuebant.
1772 2709 1920 2748 Oliver.

1234 2773 1348 2814 Calce
1379 2771 1503 2823 illito]
1544 2773 1719 2812 Florus:
1764 2772 1776 2794 ‘
1801 2771 1981 2812 Catulus
2011 2782 2056 2809 se

1177 2839 1285 2891 ignis
1303 2839 1458 2879 haustu
1473 2838 1659 2878 ludibrio
1674 2837 1855 2877 bostium
1871 2834 2059 2876 exemit?

1178 2903 1387 2945 Diversus
1406 2902 1498 2942 abit
1527 2901 1794 2954 Augustinus
1814 2900 1889 2941 lib.
1908 2911 1981 2940 ιιι.
2001 2898 2055 2937 de

1180 2967 1308 3008 Civit.
1328 2967 1426 3016 Dei,
1447 2968 1458 2989 ‘
1476 2967 1633 3005 haustu
1652 2965 1805 3004 veneni
1822 2963 1832 2980 ’
1852 2963 2058 3003 scribens.

1179 3032 1308 3071 Coler.
1369 3030 1484 3069 Calce
1501 3027 1625 3078 inito]
1667 3027 1780 3069 Quia
1797 3026 1935 3066 fumus
1965 3036 2056 3064 car-

1174 3093 1332 3134 bonum
1352 3100 1400 3134 et
1429 3105 1633 3144 vaporum
1666 3097 1887 3132 recentum
1920 3088 2055 3140 parie-

1174 3163 1266 3197 tum
1303 3157 1619 3205 subitolnecan
1657 3155 1725 3193 vix
1760 3153 1948 3193 dolorem
1984 3151 2057 3190 ali-

1172 3233 1297 3273 quem
1316 3220 1566 3260 sentientes.
1591 3218 1758 3258 Badias.

1228 3284 1294 3335 §5
1327 3284 1445 3322 Corn.
1480 3279 1657 3330 Merula]
1702 3277 1969 3328 Augustinus
1998 3275 2053 3315 de

1173 3346 1303 3387 Civit.
1318 3346 1406 3387 Dei
1427 3345 1500 3385 lib.
1521 3355 1572 3384 11.
1591 3353 1684 3393 cap.
1712 3343 1779 3380 17.
1821 3340 1834 3361 ‘
1854 3337 2055 3388 Merula,'

1171 3408 1326 3460 inquit,
1357 3409 1370 3431 ‘
1389 3406 1544 3447 flamen
1578 3404 1728 3452 Dialis,
1758 3401 1950 3454 praecisis
1986 3414 2055 3440 ve·

1171 3473 1252 3523 nis,
1269 3473 1366 3520 Jovi
1387 3473 1519 3511 etiam
1538 3481 1613 3509 suo
1646 3466 1851 3518 sanguine
1881 3465 2052 3506 litavit.'

1174 3537 1322 3577 Florus
1342 3546 1468 3583 vero;
1496 3534 1507 3554 ‘
1532 3528 1731 3581 Merula:
1762 3527 1943 3581 inquit,‘
1977 3526 2052 3579 fla-
