2320 4004
542 349 803 389 VALERn
850 348 1093 386 MAx1M1
1139 350 1259 388 Lis.
1289 350 1381 388 111.
1422 350 1556 390 oAP.
1582 338 1635 389 7.

173 483 272 511 num
306 472 347 511 in
379 469 546 510 Italiam
581 469 892 521 descendisset,
926 476 973 510 ut
1005 482 1052 509 se

173 534 378 575 Annibali
415 532 540 573 fratri
581 534 890 584 conjungeret3
937 533 1052 585 quod

175 598 208 637 si
228 595 388 636 factum
406 595 570 647 fuisset,
588 596 773 636 omnium
793 595 928 637 ferme
942 596 1055 648 judi-

178 659 244 699 cio
258 665 402 698 actum
417 657 570 699 fuisset
584 659 636 699 de
652 660 831 711 imperio
849 661 1053 701 Romano.

176 723 241 762 Eo
258 721 370 762 forte
400 735 511 762 anno
541 722 749 762 Consules
783 729 909 763 erant
930 722 1054 762 Clau-

176 786 271 826 dius
292 787 426 834 Nero,
445 794 490 828 et
511 788 653 828 Livius
670 789 900 828 Salinator.
929 787 1055 828 Clau-

176 849 247 889 dio
281 851 502 901 provincia
531 857 736 892 evenerat
756 851 956 902 Annibal,
986 851 1056 890 Li-

177 912 247 953 vio
267 925 368 954 vero
391 914 622 955 Asdrubal.
663 915 793 954 Forte
811 913 968 964 nuntii,
988 912 1059 965 qui

179 976 232 1015 ad
255 975 512 1016 Annibalem
532 989 629 1017 cum
655 977 795 1016 literis
827 975 1058 1015 mitteban-

179 1045 253 1078 tur
271 1052 296 1079 a
317 1038 471 1090 fratre,
497 1053 522 1080 a
539 1041 656 1091 vagis
674 1052 753 1091 per
781 1051 905 1092 agros
923 1051 1059 1090 popu-

178 1102 389 1142 latoribus
401 1103 603 1143 Romanis
614 1102 861 1154 intercepti,
875 1103 926 1142 ad
938 1103 1061 1142 Clau-

181 1164 298 1204 dium
314 1165 540 1205 Consulem
557 1165 848 1218 deducuntur,
866 1166 954 1218 qui,
975 1166 1060 1205 lec-

182 1227 238 1266 tis
258 1227 398 1267 literis
425 1240 504 1279 per
531 1229 807 1281 interpretes,
825 1236 870 1269 et
889 1242 944 1269 ex
964 1242 1062 1281 cap·

181 1290 283 1329 tivis
318 1292 645 1342 percontatione
681 1291 815 1344 facta,
848 1305 932 1332 non
970 1305 1064 1332 esse

183 1358 353 1405 tempus
372 1360 506 1405 ratus,
526 1368 609 1407 quo
637 1356 825 1396 consiliis
844 1356 1067 1396 ordinariis

185 1418 418 1468 provinciae
455 1419 635 1472 quisque
671 1432 759 1460 suae
789 1419 946 1459 finibus
990 1432 1069 1472 per

187 1481 404 1520 exercitus
439 1494 538 1521 suos
571 1495 667 1522 cum
696 1484 819 1523 hoste
851 1483 1069 1523 destinato

187 1555 213 1582 a
239 1543 402 1584 Senatu
430 1545 584 1585 bellum
613 1553 801 1599 gereret,
826 1547 962 1587 literis
989 1546 1070 1588 As·

187 1606 378 1647 drubalis
407 1609 584 1649 Romam
610 1611 747 1650 missis
776 1611 830 1650 ad
850 1612 1071 1662 Senatum,

189 1670 440 1722 edoctisque
474 1674 683 1725 patribus,
708 1676 809 1727 quid
838 1676 930 1727 ipse
949 1688 1072 1727 para-

191 1737 272 1784 ret,
301 1733 403 1785 quid
430 1735 536 1774 item
557 1735 640 1775 illis
674 1738 910 1788 parandum
943 1743 1074 1789 esset,

189 1795 245 1835 de
270 1800 363 1835 toto
391 1799 601 1848 exercitu,
628 1800 741 1852 quod
771 1801 937 1840 roboris
961 1807 1073 1852 erat,

189 1857 355 1911 delegit
368 1872 443 1900 sex
456 1862 589 1903 millia
603 1864 809 1915 equitum,
823 1865 970 1904 decem
981 1865 1074 1904 mil-

188 1923 249 1963 lia
281 1923 489 1976 peditum,
507 1931 552 1966 et
572 1927 628 1966 ad
657 1928 884 1979 collegam,
905 1928 1075 1980 quantis

190 1987 374 2027 maxime
403 1988 630 2030 itineribus
665 1991 821 2043 potuit,
841 1992 1077 2031 contendit.

196 2051 342 2091 Nocte
371 2051 481 2097 clam
498 2053 691 2094 hostibus
721 2055 912 2094 Romana
937 2059 1078 2094 castra

191 2113 421 2166 ingressus,
438 2117 590 2157 suadet
618 2118 796 2169 collegae
827 2118 961 2170 prima
979 2118 1077 2158 luce

189 2173 382 2228 'pugnam
408 2178 504 2218 cum
531 2179 655 2220 hoste
676 2182 915 2233 suscipere,
936 2182 1080 2221 multis

195 2239 238 2278 in
269 2242 530 2282 contrarium
554 2244 853 2294 censentibus,
871 2244 1082 2295 tantisper

199 2302 367 2343 scilicet
397 2303 681 2346 differendum
711 2319 824 2359 esse,
844 2309 979 2348 donec
998 2307 1082 2347 fes-

197 2379 290 2407 sum
322 2368 388 2408 via
415 2376 460 2410 et
481 2371 633 2422 vigiliis
660 2372 860 2413 reficeret
888 2373 1082 2413 militem.

197 2430 280 2470 Ille
312 2443 365 2471 ne
383 2434 606 2475 consilinm
643 2449 780 2486 suum,
809 2438 921 2489 quod
943 2443 1084 2477 tutum

198 2494 399 2535 celeritas
426 2495 614 2550 fecisset,
630 2501 836 2540 morando
865 2500 1085 2540 temerari-

197 2569 268 2597 um
283 2556 462 2612 faceret,
475 2561 608 2603 instat
622 2575 778 2615 pugnae
791 2564 957 2616 signum
972 2564 1085 2615 dari,

197 2632 280 2672 quo
291 2619 424 2672 facto,
434 2626 630 2676 sequenti
647 2626 716 2666 die
731 2627 774 2665 in
795 2628 932 2666 aciem
950 2627 1084 2666 utrin-

199 2695 284 2735 que
316 2683 571 2727 descensum
610 2694 704 2729 est:
735 2690 811 2729 sed
844 2690 886 2730 id
923 2702 1085 2730 moram

198 2747 346 2788 attulit
377 2761 548 2801 pugnae,
584 2751 699 2804 quod
731 2752 952 2793 Asdrubal
989 2767 1087 2805 pro-

198 2814 346 2851 vectus
367 2818 468 2852 ante
502 2814 639 2867 signa,
658 2827 755 2855 cum
784 2817 934 2869 paucis
964 2825 1089 2858 scuta

198 2877 348 2913 vetera
383 2875 568 2916 hostium
601 2879 784 2931 notavit,
825 2892 922 2933 quae
958 2886 1088 2921 antea

200 2935 386 2988 viderat,
418 2939 690 2992 strigosiores
722 2955 854 2996 equos
886 2944 1010 2996 vidit,
1041 2950 1089 2985 et

202 3003 375 3039 auctum
410 3004 649 3044 exercitum
678 3007 913 3047 Romanum
932 3021 1087 3060 cogno-

201 3063 276 3104 vit.
333 3065 528 3107 Territus
558 3071 865 3122 quamprimum
895 3071 1088 3125 receptui

200 3125 295 3165 cani
309 3126 454 3176 jubet,
474 3132 672 3182 sequenti
690 3139 818 3173 nocte
838 3135 997 3175 tacitus
1016 3147 1087 3174 au-

200 3187 329 3241 fugit,
344 3204 472 3244 quem
485 3194 698 3235 Romanus
716 3198 931 3238 exercitus
950 3198 1090 3250 prima

201 3252 300 3293 luce
318 3255 540 3297 insecutus
567 3260 679 3311 apud
702 3261 949 3302 Metaurum
967 3260 1090 3303 fluvi-

202 3327 290 3366 um,
302 3329 428 3369 qnem
446 3320 520 3360 ille
536 3326 804 3364 transnatare
821 3325 1089 3378 nequiverat,

206 3387 427 3422 assecutus
460 3390 541 3425 est.
597 3386 664 3426 Ibi
701 3394 898 3428 conserto
927 3389 1089 3441 praelio,

209 3441 512 3496 quinquaginta
533 3460 609 3488 sex
637 3450 773 3489 millia
792 3450 974 3490 hostium
993 3463 1090 3491 cum

206 3502 301 3553 ipso
318 3505 590 3558 Imperatore
606 3524 734 3565 caesa,
756 3514 941 3566 quinque
961 3515 1092 3555 millia

207 3566 518 3620 quadringenta
561 3580 690 3627 capta
741 3584 856 3628 sunt,
905 3578 1090 3630 denique

1852 338 1995 399 1107

1115 469 1285 510 reddita
1322 476 1389 511 est
1427 483 1552 524 aequa
1589 468 1802 510 Cannensi
1840 469 2002 518 clades.

1116 533 1169 573 In
1189 546 1240 572 eo
1260 534 1389 585 igitur
1408 534 1561 586 proelio
1582 538 1702 573 tanta
1721 532 1936 583 sanguinis
1956 539 2003 572 et

1117 596 1249 636 caedis
1279 598 1455 637 satietas
1486 602 1666 649 ceperat
1684 597 1896 636 Romanos
1915 595 2002 636 vic—

1118 665 1249 709 tores,
1267 665 1317 699 ut
1350 666 1524 712 postero
1544 661 1628 713 die,
1648 673 1745 701 cum
1764 666 1879 700 esset
1897 672 2004 699 nun·

1117 723 1270 762 tiatum
1302 723 1443 773 Livio,
1472 724 1621 764 Gallos
1652 723 1910 776 Cisalpinos,
1934 723 2005 763 Li-

1121 787 1439 839 guresque,qui
1472 794 1545 827 aut
1566 787 1712 839 praelio
1746 800 1832 828 non
1864 785 2008 826 affuis-

1121 856 1232 902 sent,
1267 856 1341 890 aut
1378 850 1491 890 inter
1522 851 1687 891 caedem
1724 849 2008 902 aufugissent,

1123 926 1207 954 uno
1245 914 1412 965 agmine
1455 914 1572 953 abire
1605 914 1696 953 sine
1724 918 1846 954 certo
1883 913 2009 962 duce,

1124 978 1215 1017 sine
1234 977 1383 1016 ordine
1415 977 1515 1023 ullo,
1536 982 1613 1016 aut
1635 977 1832 1028 imperio,
1863 988 2011 1028 posse,

1125 1039 1162 1079 si
1195 1051 1279 1078 una
1308 1038 1501 1091 equitum
1531 1040 1600 1079 ala
1619 1039 1833 1090 mittatur,
1862 1051 2010 1079 omnes

1127 1102 1274 1153 deleri,
1296 1102 1405 1153 Sint,
1425 1102 1486 1142 ait
1513 1102 1676 1153 Livius,
1703 1103 1776 1154 qui
1794 1102 2014 1154 supersint

1127 1166 1258 1218 aliqui
1295 1165 1452 1215 nuntii,
1484 1170 1528 1205 et
1566 1165 1752 1205 bostium
1787 1165 1934 1216 cladis,
1968 1169 2016 1205 et

1127 1230 1303 1270 virtutis
1318 1237 1491 1271 nostrae.
1535 1229 1685 1271 Oliver.
1742 1229 1938 1281 Contigit
1955 1227 2012 1270 A.

1130 1294 1185 1334 U.
1207 1305 1389 1334 ncxvn.

1191 1357 1375 1408 Umbria]
1404 1357 1582 1398 Umbria
1604 1357 1717 1398 inter
1736 1356 1953 1397 Sabiniam
1972 1361 2018 1396 et

1133 1421 1360 1461 Thusciam
1381 1421 1520 1473 posita
1539 1427 1620 1471 est,
1651 1427 1764 1462 teste
1784 1421 2015 1472 Strabone,

1135 1486 1207 1538 qui
1225 1485 1332 1525 dicit
1351 1485 1463 1524 libro
1483 1497 1527 1525 v.
1549 1485 1561 1507 ‘
1580 1485 1799 1525 Caeterum
1827 1484 1872 1523 in
1900 1483 2018 1524 Sabi-

1136 1550 1217 1589 niae
1238 1555 1284 1590 et
1303 1549 1498 1589 Thusciae
1521 1549 1662 1589 medio
1682 1547 2019 1599 Umbriajacet‚

1135 1619 1389 1666 montesque
1410 1613 1680 1664 transgressi,
1706 1625 1842 1665 usque
1861 1611 2019 1652 Arimi-

1138 1689 1236 1717 num
1279 1679 1613 1730 Ravennamque
1660 1678 1927 1729 procedunt3
1976 1682 2022 1717 et

1137 1740 1235 1781 ideo
1255 1754 1279 1780 a
1297 1741 1443 1781 multis
1464 1753 1562 1793 pars
1586 1740 1782 1780 Thusciae
1798 1740 1958 1780 dicitur
1977 1739 2022 1779 in

1129 1804 1247 1856 jugis
1291 1803 1507 1857 Apennini
1559 1804 1714 1843 montis
1760 1803 1932 1854 positae,
1976 1802 2022 1842 in

1140 1872 1262 1919 parte
1281 1867 1438 1908 Italiae.
1494 1868 1605 1908 Sunt
1624 1872 1767 1907 autem
1785 1867 1880 1906 loca
1893 1865 2025 1918 juxta

1139 1933 1394 1985 Spoletum,'
1415 1935 1496 1972 &c.
1528 1934 1654 1972 Idem.

1194 1998 1218 2048 ᾧ
1246 2001 1269 2035 5
1300 1996 1490 2048 Legatos]
1520 1997 1582 2036 Ut
1599 2009 1652 2036 ex
1672 1996 1752 2050 hoc
1770 1996 1868 2036 loco
1886 2000 2026 2047 patet,

1141 2061 1386 2112 Imperator
1405 2060 1486 2101 sibi
1513 2061 1692 2112 legatos,
1714 2073 1817 2113 quos
1837 2059 2027 2109 volebat,

1143 2124 1467 2176 pronuntiabat,
1504 2124 1618 2164 sicut
1647 2125 1854 2164 Dictator
1873 2123 2027 2174 magis-

1144 2194 1256 2227 trum
1275 2189 1479 2239 equitum.
1507 2189 1616 2228 Oliv.

1198 2252 1275 2302 §6
1304 2250 1456 2301 Hujus,
1494 2250 1583 2302 ἔξω]
1643 2249 1838 2302 Contigit
1875 2249 1931 2291 A.
1969 2249 2028 2290 U.

1146 2324 1304 2353 DcL1X.
1339 2358 1351 2368 Ο

1199 2377 1316 2416 Lucii
1351 2377 1508 2428 Crassi]
1553 2377 1598 2417 Is
1627 2377 1706 2417 Cn.
1726 2376 1955 2426 Carbonis,
1974 2375 2030 2416 de

1147 2452 1230 2492 quo
1244 2452 1356 2479 nunc
1375 2441 1531 2491 agitur,
1548 2446 1718 2492 patrem
1735 2440 2030 2480 damnaverat.

1146 2504 1366 2543 Praetores
1385 2504 1546 2556 aliquot
1565 2503 1758 2543 damnati
1776 2502 1966 2555 fuerant,
1980 2514 2032 2543 eo

1148 2567 1262 2620 quod
1298 2579 1425 2606 avare
1452 2573 1497 2606 et
1523 2567 1760 2619 crudeliter
1788 2566 2031 2618 provincias

1147 2631 1582 2680 administraverant;
1614 2622 1690 2669 sed
1725 2630 1792 2670 bic
1815 2630 1864 2671 C.
1887 2629 2032 2670 Carbo

1148 2693 1376 2733 damnatus
1396 2692 1556 2743 fuerat,
1575 2692 1690 2746 quod
1709 2704 1805 2733 cum
1827 2694 1875 2733 C.
1897 2693 2032 2732 Grac-

1149 2756 1230 2796 cho
1264 2762 1310 2796 et
1342 2756 1492 2796 Fulvio
1533 2756 1748 2807 Graccho,
1800 2756 2034 2796 triumviris

1150 2819 1384 2860 dividendo
1420 2833 1524 2872 agro
1571 2821 1744 2871 creatis,
1776 2820 2035 2860 seditionem

1150 2883 1465 2931 concitaverat,
1507 2883 1621 2923 bello
1660 2883 1787 2923 etiam
1827 2883 2036 2923 adversus

1150 2946 1348 2987 Cimbros
1368 2945 1603 2987 infeliciter
1631 2952 1929 2999 pugnaverat:
1966 2947 2036 2987 hie

1147 3022 1322 3063 vquoque
1357 3010 1554 3050 tribunus
1594 3010 1734 3062 plebis
1766 3010 2034 3062 rogationem

1150 3074 1328 3124 tulerat,
1355 3079 1404 3113 ut
1432 3073 1613 3113 eundem
1641 3073 1861 3114 tribunum
1883 3073 2036 3124 plebis,

1151 3136 1322 3188 quoties
1341 3137 1489 3188 vellet,
1510 3137 1647 3176 creari
1670 3137 1836 3177 liceret.
1893 3138 2035 3178 Quam

1150 3200 1419 3251 rogationem
1430 3201 1486 3241 P.
1501 3200 1645 3252 Scipio
1660 3199 1877 3239 dissuasit.
1903 3199 2039 3237 Grac-

1153 3263 1257 3303 chus
1293 3269 1444 3303 contra
1483 3264 1630 3304 suasit.
1701 3263 1782 3302 His
1812 3263 1941 3314 igitur
1979 3261 2033 3301 de

1152 3327 1293 3367 causis
1333 3328 1383 3368 L.
1431 3327 1607 3367 Crassus
1642 3339 1739 3366 enm
1784 3326 2033 3365 damnatum

1153 3391 1329 3430 exulare
1345 3390 1502 3441 coegit.
1534 3390 1684 3428 Oliver.

1207 3452 1271 3493 Ab
1287 3453 1543 3502 integerrimo
1559 3450 1663 3501 viro]
1685 3450 1746 3489 Ut
1757 3449 1883 3501 quiin
1898 3448 2035 3490 oculis

1153 3515 1314 3556 inimici
1332 3514 1472 3554 omnia
1492 3524 1639 3565 gerere
1654 3511 1855 3562 audebat.

1210 3579 1232 3630 ξ
1261 3580 1285 3617 7
1316 3578 1416 3617 Cato
1442 3588 1530 3616 vero
1562 3573 1755 3626 superior]
1802 3573 1891 3614 Hic
1910 3575 2035 3626 Cato,
