2288 3990
488 305 748 346 VALERu
790 304 1040 343 MAX1M1
1085 305 1208 343 mn.
1253 305 1288 343 1.
1329 288 1546 343 cAP.'7.

116 434 244 482 petra
278 425 439 474 stillat3
468 436 564 477 quse
593 435 702 476 aqua
731 435 816 463 non
851 423 931 463 nisi
950 422 995 462 in

111 491 286 544 nugulis
303 488 402 541 equi
420 488 487 528 vel
506 487 617 527 asini·
646 484 807 526 defen-i
835 490 996 537 potest.

114 555 244 596 Hane
268 564 424 606 aquam
455 563 552 592 cum
579 551 788 591 hausisset
808 549 995 590 Alexan-

112 617 209 667 der,
218 615 365 656 subito
381 615 529 656 dolore
543 612 739 667 perfusus
753 616 835 654 est.
862 612 996 652 Alex-

107 679 248 720 ander
257 683 384 718 natus
398 682 463 717 est
479 689 592 717 anno
606 676 660 717 ab
676 676 797 716 Urbe
811 674 998 716 Condita

111 752 368 784 cocaxxxv.
381 746 498 781 teste
517 740 663 782 Solino
682 751 780 791 cap.
801 738 857 778 de
876 737 998 788 Asia,

116 817 201 858 quo
237 804 312 848 die
335 804 549 856 >flagravit
596 803 803 855 templum
842 801 997 840 Dianas

112 867 328 921 Ephesia.
347 868 502 911 Cicero
514 867 569 907 de
585 866 688 906 Nat.
704 866 838 905 Deor,
855 863 931 904 lib.
942 874 998 903 rr.

116 932 130 954 ‘
154 931 298 972 Diana
333 943 430 971 cnm
468 931 512 970 in
560 936 687 982 partu
725 927 999 979 Olympiadis

117 991 268 1033 adesse
303 993 527 1044 voluisset,
561 992 687 1032 domo
712 989 882 1031 abfuit!
927 991 999 1030 De

115 1055 240 1108 cujus
272 1061 414 1096 morte
447 1054 644 1098 Justinus
671 1053 856 1095 lib.·x11.
911 1052 1000 1092 Pli-

114 1118 213 1158 nius
230 1123 277 1158 et
293 1117 558 1168 Herodotus,
574 1116 651 1157 sed
666 1116 874 1169 imprimis
894 1116 999 1155 Plu-

116 1181 289 1222 tarchus
310 1181 355 1220 in
373 1180 463 1221 vita
481 1179 733 1221 Alexandri.
767 1179 917 1219 Oliver.

171 1247 196 1299 ᾧ
217 1249 242 1286 8
271 1245 408 1296 Longe
441 1243 729 1295 indulgentius]
757 1244 856 1284 Hoc
888 1255 1000 1283 som-

111 1308 234 1349 nium
244 1307 402 1348 Cicero
414 1307 470 1347 de
490 1307 689 1347 Divinat.
708 1306 784 1348 lib.
798 1318 829 1347 1.
849 1305 1000 1346 refert.

115 1371 242 1412 Dicit
274 1371 389 1411 enim
408 1385 420 1412 ε
448 1373 462 1392 ‘
481 1370 601 1413 Quid
620 1370 695 1410 illa
715 1369 800 1410 duo
819 1370 1001 1422 somnia,

118 1446 215 1487 que
248 1433 528 1474 celeberrime
564 1439 949 1474 commemorantur
978 1447 1004 1474 a

117 1496 306 1537 Stoicis?
352 1497 462 1538 Quis
509 1496 684 1536 tandem
723 1500 869 1548 potest
899 1509 1002 1536 con-

118 1565 312 1600 temnere
356 1572 485 1600 unum
522 1559 579 1600 de
619 1559 864 1600 Simonide?
913 1561 1001 1613 qui,

119 1635 218 1664 eum
263 1623 456 1675 ignotum
506 1624 720 1675 quendam
757 1623 1001 1675 projectum

115 1691 332 1727 nortuum
352 1686 544 1737 vidisset,
569 1699 752 1739 eumque
771 1687 1005 1740 humasset,

111 1752 382 1806 *haberetque
401 1752 605 1793 inanimo
633 1754 778 1793 navim
805 1765 1004 1794 conscen-

116 1816 239 1870 dere,
262 1817 427 1857 moneri
454 1818 566 1857 visus
595 1823 664 1858 est
681 1817 799 1857 ne‘id
818 1817 1002 1869 faceret,

119 1881 174 1922 ab
205 1892 258 1920 eo
290 1892 420 1933 quem
456 1881 679 1933 sepultura
713 1879 937 1932 affecerat,
966 1881 1004 1920 si

119 1944 380 1995 navigasset,
411 1947 514 1983 eum·
537 1941 756 1994 naufragio
775 1954 872 1994 esse
890 1943 1004 1994 peri-

113 2014 291 2048 tarum:
321 2008 469 2060 itaque
500 2007 767 2048 Simonidem
805 2006 1002 2056 rediisse,

121 2073 302 2126 periisse
339 2079 522 2114 caeteros
559 2073 633 2126 qui
674 2078 766 2113 tum
808 2073 1002 2125 navigas-

118 2136 250 2177 sent!

174 2199 398 2251 Simonide]
440 2199 597 2241 fluidas
643 2199 902 2240 Simonidem
942 2199 1005 2240 ait

122 2262 383 2316 Olympiade
413 2274 503 2303 nu.
537 2261 751 2315 floruisse,
785 2263 857 2302 alii
891 2274 1004 2302 mxu.

123 2326 352 2378 scripsere,
370 2331 418 2366 et
439 2327 687 2378 pervenisse
719 2325 773 2365 ad
802 2337 1005 2366 Lxxvm.

123 2387 349 2442 Cambysu!
369 2394 415 2430 et
435 2390 558 2430 Darii
575 2402 772 2442 regnum,
789 2396 835 2429 et
847 2390 1006 2429 Xerxis

124 2454 278 2493 navale
294 2453 490 2505 praelium
517 2453 774 2506 descripsit:
799 2454 924 2506 cujus
947 2454 1009 2494 rei

125 2515 239 2568 apud
258 2515 451 2568 Suidam,
477 2522 524 2557 et
553 2517 594 2556 in
615 2518 945 2558 Commentariis
964 2517 1008 2557 in

124 2578 402 2632 Apollonium
422 2581 680 2621 mentionem
705 2592 1008 2633 nonnunquam

122 2641 282 2685 factam
298 2644 507 2686 videmus.
563 2645 675 2686 Item
688 2645 884 2698 praelium
901 2644 1008 2685 illud

125 2706 241 2760 quod
272 2706 327 2747 ad
356 2707 636 2749 Artemisium
665 2709 1006 2761 promontorium

124 2770 394 2811 commissum
423 2776 506 2822 est,
537 2783 662 2811 versu
680 2773 815 2823 Elego
833 2783 1006 2824 compo-

125 2832 234 2874 suit:
262 2833 383 2886 quod·
410 2845 513 2874 vero
547 2834 600 2874 ad
632 2835 890 2876 Salaminem
916 2834 1006 2877 fac-

125 2901 219 2937 tum
251 2903 337 2949 est,
369 2897 527 2950 Lyrico
572 2901 762 2941 carmine
799 2907 1007 2942 executus

127 2964 211 3000 est.
265 2960 452 3017 Scripsit
489 2968 535 3003 et
569 2964 790 3016 Threnos,
810 2965 891 3005 hoc
928 2970 1010 3016 est,

126 3024 305 3065 Noenias
336 3026 404 3066 vel
436 3027 707 3079 Lachrymas.
764 3028 1006 3070 Horatius:

125 3081 139 3102 ‘
156 3086 258 3127 Ceae
277 3092 488 3129 retractes
514 3101 691 3131 munera
710 3092 898 3133 naeniae?
951 3094 1010 3133 Et

129 3149 352 3193 Catullus:
378 3151 594 3194 ‘Moestus
612 3154 844 3206 lachrymis
871 3147 1008 3196 Simo-

118 3212 291 3254 nideis!
344 3215 596 3269 Quanquam
609 3223 790 3270 propter
806 3217 1008 3259 affectum

129 3280 178 3316 et
195 3276 466 3319 reticentiam
489 3279 611 3320 locus
641 3281 712 3320 hic
744 3280 903 3321 Catulli
933 3293 1009 3334 pa-

130 3349 223 3379 rum
250 3340 396 3381 lucide
424 3353 451 3382 a
481 3342 788 3383 Grammaticis
806 3344 1009 3395 explana-

132 3405 218 3443 tur.
267 3403 526 3456 Composuit
559 3405 664 3447 item
701 3407 887 3459 Laudes,
928 3407 1009 3448 hoc

135 3468 217 3515 est,
232 3464 440 3507 ‘Encomia
468 3473 516 3507 et
547 3468 888 3520 Epigrammata,
907 3482 1010 3522 quo-

134 3535 226 3566 rum
244 3525 381 3569 adhuc
398 3529 602 3583 pleraque
614 3531 830 3585 leguntur,
842 3533 1010 3574 utillud

1830 293 1940 345 973

1052 423 1100 463 'in
1121 424 1382 476 Megisteum
1399 425 1558 464 Vatem
1587 422 1856 463 Acarnanem
1887 436 1942 463 ex

1058 487 1350 539 Melampodis
1383 499 1558 539 genere,
1586 486 1709 537 eujus
1740 491 1786 526 et
1805 487 1943 526 Hero-

1058 550 1187 590 dotus
1207 551 1430 592 meminit:
1460 551 1683 591 interitum
1716 550 1828 590 enim
1849 550 1944 590 Me-

1058 613 1222 664 gisteus
1239 614 1459 666 Leonfflae,
1476 620 1524 654 et
1545 614 1772 660 sociorum,
1792 614 1943 665 suique

1057 676 1191 729 ipsius
1210 678 1436 729 praedixit:
1471 689 1602 730 quare
1630 682 1884 716 constructo
1905 676 1946 715 ei

1045 743 1114 782 'ab
1134 741 1526 795 Amphictyonibus
1559 741 1738 792 tumulo,
1763 740 1946 780 Simoni-

1046 804 1136 846 „des
1161 806 1216 846 ob
1245 812 1438 846 mutuam
1471 805 1652 846 hominis
1678 803 1945 845 familiarita-

1057 869 1148 913 tem
1168 880 1340 910 carmen
1375 869 1633 920 composuit,
1657 868 1769 921 quod
1802 867 1946 907 hodie-

1061 945 1143 984 que
1181 931 1317 975 extat'.
1371 932 1558 984 Scripsit
1593 938 1640 972 et
1677 932 1860 973 Paeanas
1900 932 1947 971 e't

1059 996 1338 1045 Tragoedias:
1378 995 1445 1035 his
1494 995 1664 1035 addidit
1706 1000 1752 1035 et
1788 994 1946 1035 Strabo

1062 1058 1344 1099 Deliacorum
1404 1058 1752 1109 Bithyrambum,
1819 1051 1947 1109 quem

1060 1122 1267 1162 Memnon
1287 1121 1522 1174 inscripsit.
1578 1120 1716 1161 Addit
1739 1125 1785 1160 et
1805 1121 1948 1160 Hero-

1062 1183 1188 1226 dotus
1216 1186 1367 1226 <laudes
1400 1185 1443 1224 in
1468 1183 1722 1224 Eualcidem
1755 1183 1949 1222 Eretric-

1063 1262 1156 1290 rum
1175 1250 1344 1305 ducem.
1401 1249 1782 1301 Gryphisquoque
1803 1252 1847 1287 et
1868 1245 1949 1286 hoc

1063 1326 1222 1367 genere
1241 1314 1499 1354 Poematum
1533 1312 1790 1352 delectatus.
1847 1312 1949 1350 Duo

1063 1378 1212 1431 utique
1240 1377 1451 1430 ejusmodi
1480 1381 1634 1417 extant
1654 1376 1950 1426 Epigramma-

1065 1446 1125 1493 ta,
1141 1454 1238 1494 quae
1254 1442 1298 1481 in
1313 1441 1500 1481 medium
1516 1438 1646 1479 affert
1662 1439 1951 1486 Chamaeleon,

1065 1505 1245 1543 alterum
1282 1504 1458 1556 quidem
1495 1502 1549 1542 de
1584 1501 1722 1542 Hirco
1761 1507 1806 1540 et
1844 1500 1950 1539 Del-

1066 1567 1209 1618 pliine,
1247 1568 1432 1606 alterum
1474 1566 1528 1606 de
1564 1564 1728 1615 Asello,
1761 1564 1832 1616 qui
1874 1574 1953 1615 per

1063 1631 1199 1676 lusum
1218 1630 1365 1682 Epeus
1385 1630 1524 1670 dictus
1553 1634 1636 1679 est,
1663 1640 1757 1680 quae
1787 1627 1868 1666 nisi
1898 1626 1951 1666 ab

1063 1693 1158 1745 ipso
1199 1695 1537 1746 explicarentur,
1570 1693 1707 1732 minus
1753 1690 1953 1743 profecto

1062 1757 1428 1809 intelligerentur.
1484 1757 1607 1796 Inter
1618 1756 1836 1806 longaevos
1850 1766 1954 1793 vero

1064 1826 1424 1860 connumeratur:
1471 1819 1794 1870 nonagesimum
1841 1817 1954 1856 enim

1064 1895 1220 1923 annum
1249 1882 1488 1923 excessisse
1519 1882 1672 1922 scribit
1705 1882 1747 1921 in
1779 1881 1952 1921 Macro-

1064 1946 1148 1986 biis
1182 1947 1415 1999 Lucianus,
1444 1946 1597 1986 Suidas
1633 1944 1953 1996 nonagesimum

1064 2021 1236 2050 nonum.
1294 2009 1509 2050 Eusebius
1542 2009 1584 2048 in
1625 2007 1856 2048 Simonidis
1896 2019 1954 2046 ω-

1065 2077 1159 2113 tate
1178 2074 1427 2114 inconstans
1448 2085 1543 2112 esse
1564 2072 1751 2111 videtur.
1780 2071 1954 2123 Gyrald.

1116 2138 1185 2189 §4
1214 2138 1370 2190 Efficax
1387 2141 1428 2177 et
1445 2137 1534 2188 illa]
1569 2136 1742 2176 Croesus
1770 2146 1848 2174 rex
1870 2134 1953 2185 Ly-

1065 2200 1150 2240 diae
1167 2201 1272 2241 duos
1291 2201 1400 2241 filios
1417 2200 1579 2250 habuit,
1611 2211 1742 2239 unum
1767 2202 1954 2247 mutum,

1065 2266 1249 2305 alterum
1281 2265 1459 2316 integrae
1492 2263 1705 2315 loquelae:
1738 2267 1862 2313 pater
1882 2272 1956 2299 au-

1067 2335 1157 2370 tem
1175 2329 1285 2368 vidit
1303 2329 1348 2368 in
1366 2327 1541 2368 somniis
1566 2327 1703 2375 illum,
1735 2326 1812 2377 qui
1828 2336 1957 2364 voca-

1065 2393 1118 2432 lis
1143 2398 1254 2440 erat,
1285 2391 1400 2432 ferro
1433 2390 1674 2442 periturum
1703 2401 1813 2428 esse.
1872 2387 1957 2427 Cu·

1068 2456 1181 2495 ravit
1199 2455 1333 2507 igitur
1353 2460 1402 2495 ut
1418 2466 1543 2494 omne
1563 2453 1695 2492 telum
1716 2463 1958 2491 removere·

1069 2525 1140 2560 tur
1161 2519 1217 2559 ab
1243 2530 1310 2560 eo.
1366 2518 1517 2569 Ipsum
1536 2516 1669 2556 etiam
1691 2527 1787 2555 cum
1810 2526 1954 2566 aequa-

1067 2582 1177 2621 libus
1207 2581 1310 2631 suis,
1343 2592 1441 2620 cum
1473 2578 1628 2632 quibus
1664 2578 1811 2617 vivere
1852 2588 1955 2617 con-

1069 2653 1289 2698 sueverat,
1307 2646 1398 2685 sine
1419 2645 1509 2686 telo
1530 2655 1625 2683 esse
1644 2641 1835 2682 volebat.
1863 2643 1955 2682 De-

1068 2711 1198 2763 nique
1232 2723 1329 2751 eum
1361 2709 1466 2750 nihil
1499 2720 1625 2760 agere
1657 2707 1957 2759 permittebat,

1070 2789 1155 2830 quo
1188 2781 1337 2828 posset
1367 2774 1486 2816 ferro
1517 2774 1677 2826 perire.
1733 2774 1864 2813 Forte
1892 2772 1957 2812 ita

1070 2841 1247 2892 accidit,
1266 2845 1317 2880 ut
1336 2852 1387 2880 eo
1417 2845 1614 2890 tempore
1649 2849 1754 2888 aper
1779 2837 1957 2876 immen-

1069 2916 1128 2944 sae
1158 2903 1468 2954 magnitudinis
1501 2906 1638 2942 totam
1670 2901 1786 2940 illam
1814 2900 1954 2951 regio-

1070 2979 1168 3007 nem
1188 2971 1402 3017 vastaret3
1439 2970 1634 3018 agrestes
1665 2975 1768 3002 vero
1799 2962 1852 3001 ad
1889 2967 1956 3001 re-

1071 3031 1182 3083 giam
1203 3042 1462 3080 convenere,
1492 3032 1693 3082 petentes
1714 3025 1863 3076 Atym,
1884 3025 1957 3076 qui

1069 3087 1302 3134 venatione
1333 3091 1648 3140 delectabatur,
1679 3089 1831 3142 quibus
1859 3089 1956 3126 Rex

1071 3156 1134 3196 ita
1171 3156 1424 3209 respondit:
1455 3155 1754 3195 Instrumenta
1787 3164 1833 3191 se
1864 3151 1955 3202 qui-

1071 3219 1170 3260 dem
1207 3221 1424 3271 daturum,
1463 3218 1588 3269 retia,
1634 3227 1780 3265 canes,
1821 3213 1955 3252 filium

1071 3296 1175 3324 vero
1194 3296 1279 3324 non
1295 3278 1614 3330 concessurum,
1631 3284 1827 3318 metuens
1849 3288 1957 3315 som-

1070 3345 1188 3385 nium
1206 3345 1321 3399 quod
1339 3345 1523 3384 viderat.
1579 3340 1743 3381 Eodem
1758 3345 1956 3390 tempore

1071 3409 1137 3448 vir
1154 3408 1327 3462 quidam
1356 3413 1560 3447 externus
1589 3403 1644 3442 ad
1673 3403 1863 3442 Croesum
1884 3414 1956 3441 ve-

1070 3475 1213 3521 nerat,
1232 3481 1384 3521 rogans
1404 3479 1563 3518 regem,
1584 3470 1632 3504 ut
1651 3463 1817 3504 caedem
1837 3476 1956 3504 suam

1072 3533 1282 3584 expiaret.
1338 3530 1640 3579 Interrogatus
1686 3527 1780 3580 quis
1823 3532 1958 3576 esset,
