2346 3996
393 291 537 346 1224

392 430 560 476 partum
581 422 633 463 ad
655 421 913 474 emptionem
945 432 1141 473 agrorum
1169 433 1267 461 con-

391 487 540 539 vertit,
569 499 678 540 aqua
698 490 742 525 et
760 486 847 537 igni
868 484 1096 525 interdixit
1114 485 1169 532 ei,
1197 485 1269 537 qui

393 552 435 591 in
455 553 571 602 leges
590 562 686 589 suas
702 561 783 589 non
798 550 1000 601 jurasset.
1054 548 1169 590 Huic
1183 549 1271 602 legi

393 615 539 654 multis
558 612 771 653 nobilibus
791 611 1114 664 abrogantibus,
1140 625 1269 664 quum

393 678 619 728 tonuisset,
665 676 889 717 clamavit:
949 675 1064 726 Jam,
1114 675 1268 727 inquit,

392 742 475 781 nisi
506 741 746 794 quiescitis,
773 739 1060 791 grandinabit.
1117 738 1271 778 Metel-

393 806 458 845 lus
480 803 733 845 Numidicus
761 804 938 843 exulare
968 813 1093 854 quam
1121 802 1270 853 jurare

391 867 558 908 maluit.
613 866 863 907 Saturninus
901 866 1028 905 tertio
1073 865 1269 905 tribunus

394 929 529 982 plebis
559 928 765 980 refectum,
798 933 848 968 ut
885 928 1112 969 satellitem
1153 940 1271 967 suum

394 995 618 1035 Glauciam
652 993 891 1033 Praetorem
922 991 1099 1043 faceret,
1131 992 1271 1031 Mum-

393 1059 522 1110 mium
560 1057 885 1110 competitorem
919 1057 1013 1107 ejus
1046 1057 1090 1095 in
1122 1069 1272 1108 campo

393 1124 555 1164 Martio
590 1122 830 1163 necandum
870 1122 1051 1162 curavit.
1108 1122 1271 1162 Marius

394 1186 772 1227 senatusconsulto
803 1197 887 1237 quo
918 1184 1191 1235 censebatur,
1218 1198 1273 1225 ne

392 1252 494 1304 quid
527 1250 775 1290 detrimenti
806 1248 1051 1300 respublica
1082 1255 1274 1299 caperet,

394 1320 560 1354 armata
589 1325 716 1352 manu
753 1311 1025 1351 Saturninum
1066 1317 1111 1349 et
1143 1311 1274 1351 Glau-

394 1378 504 1416 ciam
536 1377 579 1416 in
613 1375 873 1427 Capitolium
906 1375 1125 1427 profectos
1151 1376 1274 1415 obse-

394 1441 471 1490 dit,
499 1441 769 1493 maximoque
802 1444 894 1481 astu
927 1440 1070 1479 incisis
1103 1439 1275 1491 fistulis,

395 1504 438 1542 in
477 1503 740 1543 deditionem
781 1503 970 1554 accepit,
1000 1516 1081 1543 nec
1119 1503 1275 1543 deditis

395 1566 503 1607 fides
522 1571 587 1606 est
603 1571 790 1617 servata,
806 1566 1002 1606 Glauciae
1023 1565 1164 1606 fracta
1183 1578 1274 1606 cer-

394 1631 496 1680 vix;
526 1630 750 1682 Apuleius,
779 1643 906 1683 quum
942 1631 983 1669 in
1016 1630 1175 1670 curiam
1211 1630 1274 1669 su·

396 1694 542 1746 gisset,
568 1692 781 1745 lapidibus
814 1700 860 1734 et
892 1693 1047 1745 tegulis
1087 1693 1275 1746 desuper

394 1758 676 1798 interfectus:
706 1764 840 1810 caput
860 1757 952 1810 ejus
981 1757 1164 1798 Rubrius
1185 1758 1273 1810 qui-

395 1822 497 1860 dam
533 1821 718 1861 Senator
754 1832 834 1872 per
863 1820 1057 1860 convivia
1090 1821 1132 1860 in
1167 1810 1293 1860 ludi-s

396 1885 533 1924 brium
553 1884 829 1924 circumtulit.
887 1884 976 1925 Cic.
1004 1885 1045 1924 in
1067 1885 1277 1926 Oratione

397 1961 475 2000 pro
496 1948 671 1989 Rubrio.
705 1947 812 1988 Oliv.

453 2012 505 2057 Q.
525 2010 686 2062 Catulo]
724 2012 834 2051 Nam
867 2010 1054 2053 Quintus
1083 2012 1276 2063 Catulus,

397 2074 469 2126 qui
498 2086 580 2115 una
612 2087 707 2114 cum
735 2075 873 2114 Mario
894 2075 1088 2115 Cimbros
1106 2074 1273 2116 device-

398 2143 482 2189 rat,
511 2146 607 2190 post
625 2138 846 2178 victoriam
866 2138 907 2177 in
927 2150 1028 2178 area
1047 2139 1275 2179 Flacciana

400 2204 638 2255 trophaeum
659 2204 827 2255 statuit,
845 2212 891 2243 et
922 2203 1108 2243 hostium
1141 2204 1276 2255 spolia

399 2267 638 2320 suspendit.
659 2267 780 2306 Idem.
809 2267 846 2307 A
871 2269 920 2313 Q.
943 2268 1102 2319 Catulo]
1123 2263 1277 2309 Cicero

399 2332 453 2371 de
475 2331 598 2371 domo
618 2331 758 2373 Fulvii
783 2343 863 2371 non
884 2332 1030 2371 Flacci
1058 2332 1139 2372 hoc
1171 2345 1280 2385 prae

399 2395 534 2446 dicat,
564 2394 691 2435 Orat.
711 2407 786 2447 pro
807 2395 957 2435 Domo.
989 2395 1118 2436 Coler.

454 2459 672 2510 Nepotibus
704 2459 906 2510 Africani]
938 2459 1064 2509 Quia,
1097 2465 1145 2499 ut
1173 2459 1278 2511 dixi,

401 2523 612 2564 Corneliae
633 2522 708 2563 filii
723 2522 913 2574 fuerunt,
931 2535 1028 2575 quae
1048 2523 1278 2575 superioris

399 2587 592 2629 Africani
614 2587 700 2628 filia
726 2586 876 2628 fuerat.
907 2588 1013 2627 Oliv.

455 2652 518 2691 De
529 2651 682 2702 robore]
714 2650 860 2691 Robur
880 2651 995 2690 locus
1015 2655 1109 2690 erat
1130 2650 1172 2689 in
1191 2662 1282 2689 car-

402 2726 517 2764 cere,
548 2713 658 2754 unde
690 2713 976 2754 maleficorum
1008 2726 1141 2765 genus
1171 2725 1279 2765 prae-

401 2778 676 2830 cipitabatur.
732 2778 839 2818 Ideo
869 2777 923 2818 de
974 2778 1127 2817 robore
1175 2789 1282 2828 prae-

402 2842 572 2893 cipitari
603 2841 875 2890 dicebantur,
904 2841 975 2894 qui
1007 2849 1106 2882 ante
1127 2840 1280 2881 robore

401 2905 746 2956 includebantur,
793 2904 936 2956 ibique
985 2915 1063 2954 per
1118 2904 1282 2956 aliquot

402 2970 492 3009 dies
528 2969 705 3018 servati,
733 2975 862 3021 atque
896 2967 995 3007 inde
1026 2973 1180 3019 postea
1211 2968 1283 3007 de·

403 3031 1002 3086 promptipraecipitabantur.
1055 3031 1283 3083 Derobore]

405 3097 528 3140 Quod
563 3108 697 3148 genus
730 3095 918 3135 carceris
950 3095 993 3134 id
1031 3093 1178 3147 fuerit,
1212 3096 1284 3135 alii

405 3175 456 3202 ex
478 3161 633 3202 Plauto
653 3164 698 3199 et
719 3159 920 3199 Lucretio
946 3157 1146 3200 docuere.
1199 3159 1284 3199 Sed

406 3224 615 3278 quomodo
631 3225 682 3264 de
700 3223 869 3263 Robore
884 3222 1173 3274 praecipitatus
1192 3223 1287 3262 est?

411 3291 537 3330 Coler.

461 3357 484 3407 ξ
511 3357 536 3394 2
571 3353 680 3394 Idem
715 3350 790 3390 sibi
817 3353 897 3390 tam
926 3346 1058 3398 licere]
1106 3347 1286 3400 Spurius

409 3419 599 3469 Cassius,
619 3421 771 3469 utpote
791 3416 854 3455 vir
872 3414 1068 3463 callidus,
1084 3414 1174 3465 egit
1190 3425 1287 3452 cum

408 3483 593 3524 tribunis*
608 3481 758 3534 plebis,
774 3491 830 3519 ne
847 3478 1180 3529 subrogarentur
1199 3488 1288 3515 ma-

411 3548 632 3599 gistratuS,
647 3549 695 3584 ut
715 3541 956 3595 respublica
967 3538 1288 3591 magistratibus

977 302 1153 341 NOTAE
1193 301 1528 342 VARIORUM
1571 302 1636 340 ΙΝ

1329 421 1480 461 orbata
1493 420 1660 461 facilius
1674 420 2004 475 opprimeretur,
2018 423 2092 463 sed
2111 425 2207 466 huic

1330 489 1417 524 tam
1463 482 1640 523 nefariae
1684 485 1988 526 consultationi
2041 488 2205 530 restitit

1330 559 1436 587 unus
1454 559 1509 587 ex
1530 547 1724 599 tribunis,
1745 549 1833 600 qui,
1852 556 2022 602 sumpto
2043 552 2210 603 suppli‘-

1328 612 1397 674 cio
1433 613 1488 653 de
1526 613 1688 667 Cassio,
1719 615 1904 668 collegas
1934 628 2080 656 omnes
2110 617 2208 658 suos

1332 680 1419 715 tam
1455 676 1575 727 impii
1610 674 1813 718 facinoris
1850 678 2048 719 authores
2071 680 2208 720 'vivos

1332 738 1513 778 cremari
1523 738 1668 790 jussit.
1715 740 1886 782 Quanta
1903 747 2019 782 esset
2033 742 2210 783 tribuni·

1333 802 1393 841 tia
1425 807 1616 853 potestas
1649 802 1691 842 iu
1726 804 1831 844 urbe
1866 804 2072 857 Romana,
2106 806 2210 846 licet

1333 865 1474 906 multis
1524 866 1566 905 in
1608 866 1714 906 locis
1747 866 1973 907 authorum
2005 870 2209 920 cognosci

1334 928 1487 980 possit,
1505 941 1586 969 non
1605 930 1742 969 minus
1759 935 1899 970 tamen
1910 931 2212 972 ex-hoc‘exemz·

1334 992 1420 1043 plo,
1453 1004 1548 1032 cum
1584 1005 1671 1033 uno
1718 993 2018 1035 intercedente
2064 995 2213 1035 caeteri

1334 1057 1533 1096 resistere
1553 1068 1633 1096 non
1655 1063 1859 1108 possent:
1888 1057 2003 1110 quod
2036 1063 2082 1098 et
2110 1058 2214 1098 Plu·-

1336 1119 1505 1159 tarchus
1525 1119 1566 1158 in
1588 1120 1676 1160 vita
1696 1120 1990 1160 Gracchorum
2012 1125 2212 1161 testatur.

1336 1183 1460 1222 Dicit
1475 1183 1614 1223 enim:
1644 1185 1655 1206 ‘
1671 1184 1750 1223 Est
1777 1188 1921 1223 autem
1946 1183 2213 1223 tribunorum

1335 1245 1475 1298 plebis
1509 1246 1692 1286 maxima
1725 1246 1767 1285 in
1790 1245 2055 1298 prohibendo
2074 1251 2214 1298 potes-

1337 1315 1401 1349 tas
1417 1321 1428 1358 ;
1444 1322 1537 1348 -uno
1569 1310 1681 1349 enim
1703 1309 1971 1360 prohibente,
1989 1309 2092 1348 nihil
2125 1309 2214 1360 alii,

1335 1373 1465 1412 etiam
1492 1372 1528 1412 si
1546 1372 1790 1424 complures
1807 1373 1909 1422 sint,
1928 1370 2097 1412 efficere
2118 1385 2214 1423 pos·

1335 1439 1462 1476 sunt.’
1517 1437 1630 1488 Ergo
1663 1436 1836 1476 Mucius
1854 1436 2049 1476 tribunus
2070 1435 2211 1488 plebis

1336 1511 1421 1538 non
1449 1499 1530 1539 sibi
1555 1499 1698 1539 minus
1718 1498 1946 1550 potestatis
1965 1498 2146 1550 sumpsit
2173 1498 2217 1538 in

1337 1562 1590 1604 damnandis
1647 1561 1974 1615 plectendisque
2020 1562 2214 1614 collegis,

1337 1639 1461 1679 quam
1493 1627 1675 1667 Senatus
1704 1627 1968 1678 populusque
2001 1625 2217 1666 Romanus

1336 1693 1378 1732 in
1401 1692 1625 1744 puniendis
1657 1689 2001 1732 commemoratis
2033 1687 2218 1731 civibus.

1341 1756 1488 1796 Oliver.

1393 1817 1695 1870 Magister-atibus
1729 1829 1806 1858 non
1830 1815 2068 1868 subrogatis]
2106 1815 2218 1858 Quia

1338 1883 1509 1924 comitia
1525 1882 1732 1935 impedire
1752 1881 2016 1931 nitebantur,
2045 1891 2097 1918 ne
2119 1890 2219 1918 con-

1338 1948 1450 1987 sules
1467 1946 1700 1999 caeterique
1717 1945 1991 2013 magistratus
2003 1943 2220 1984 subverte-

1338 2016 1502 2051 rentur.
1532 2011 1657 2050 Idem.

1392 2076 1453 2127 §3
1485 2074 1547 2113 M.
1564 2072 1684 2112 etiam
1700 2068 1898 2121 Clodium]
1927 2068 2024 2110 Hoc
2052 2074 2219 2121 gestum

1337 2136 1420 2177 fuit
1439 2137 1575 2189 primo
1591 2135 1759 2175 Punico
1781 2133 1910 2173 bello.
1940 2133 1946 2139 '

1371 2200 1546 2252 ,Ου’-εις]
1593 2196 1772 2250 Populis
1807 2194 1993 2236 Corsicae
2031 2193 2217 2246 regionis

1336 2256 1453 2305 inter
1471 2264 1640 2304 Italiam
1658 2268 1703 2301 et
1721 2259 1990 2310 Hispaniam.

1395 2328 1511 2367 Loesa
1529 2324 1748 2376 imv’estate]
1776 2323 1962 2375 Propter
1980 2319 2119 2361 foedus
2135 2325 2222 2360 tur·

1342 2392 1456 2444 piter
1476 2392 1607 2431 ictum
1627 2401 1723 2429 cum
1742 2386 1956 2427 hostibus.

1399 2454 1678 2494 Gemoniarum
1713 2450 1924 2502 scalarum]
1974 2449 2113 2489 Locus
2154 2420 2224 2489 est

1345 2530 1553 2571 praeceps,
1575 2517 1629 2557 ad
1649 2527 1774 2569 quem
1795 2527 1871 2566 per
1889 2514 2027 2554 scalas
2046 2513 2224 2553 descen

1345 2582 1544 2633 debatur,
1564 2579 1638 2621 sed
1651 2580 1724 2632 qui
1741 2578 1923 2619 laesisset
1941 2576 2226 2628 majestatem,

1343 2657 1453 2685 unco
1468 2642 1716 2684 trahebatur
1733 2640 1786 2680 ad
1797 2652 1870 2679 eas
1892 2638 2041 2679 scalas.
2077 2639 2223 2678 Dictae

1343 2714 1439 2748 sunt
1462 2712 1603 2748 autem
1624 2703 1846 2745 Gemoniae
1866 2703 1997 2743 scalae
2016 2714 2042 2742 a
2069 2702 2225 2743 Gemo-

1344 2772 1416 2813 nio
1452 2769 1634 2824 quodam
1667 2768 1861 2808 authore.
1915 2766 1986 2806 De
2012 2765 2078 2804 his
2102 2766 2227 2805 scalis

1343 2834 1572 2877 Suetonius
1590 2832 1632 2872 in
1652 2835 1792 2872 morte
1811 2829 1988 2880 Tiberii,
2015 2828 2086 2868 ubi
2117 2828 2225 2867 dixit

1346 2901 1454 2941 adeo
1490 2899 1680 2938 laetatum
1716 2893 1848 2934 fuisse
1884 2892 2086 2944 populum
2136 2892 2227 2944 ejus

1345 2971 1500 3016 morte,
1527 2961 1641 3015 quod
1662 2960 1785 3001 multi
1808 2969 1962 2999 uncum
1995 2962 2042 2998 et
2069 2956 2224 2998 Gema.

1346 3031 1438 3070 nias
1483 3026 1687 3068 cadaveri
1745 3022 2060 3063 minitarentur.
2145 3020 2227 3059 Vel

1348 3098 1482 3144 certe,
1515 3097 1562 3132 ut
1599 3090 1670 3130 alii
1703 3087 1868 3138 dicunt,
1895 3084 2060 3125 dnobus
2087 3083 2226 3124 modis

1349 3157 1596 3199 sumebatur
1640 3150 1896 3205 supplicium
1936 3147 1992 3187 de
2038 3148 2233 3186 nocenti·

1350 3223 1462 3270 bus;
1503 3224 1578 3259 aut
1610 3216 1723 3256 enim
1757 3213 1809 3252 ad
1831 3210 1973 3262 palum
1991 3208 2118 3248 nudis
2136 3220 2230 3247 cor

1350 3284 1522 3338 poribus
1569 3277 1747 3330 alligati,
1785 3273 1914 3325 virgis
1951 3271 2006 3311 ad
2042 3276 2238 3311 mortem·

1349 3359 1482 3400 usque
1505 3341 1801 3389 caedebantur,
1820 3336 2070 3389 plerumque
2089 3334 2231 3375 securi

1349 3408 1648 3455 feriebantur,
1657 3406 1731 3442 aut
1750 3399 1804 3439 ad
1829 3397 1965 3438 scalas
1997 3395 2230 3436 Gemonias

1351 3482 1461 3511 unco
1491 3465 1789 3512 trahebantur,
1814 3460 1894 3500 hoc
1925 3464 2008 3509 est,
2039 3458 2229 3509 impacto

1353 3532 1515 3588 gutturi
1534 3541 1645 3571 unco
1663 3523 2011 3581 producebantur
2039 3521 2083 3562 in
2115 3521 2231 3561 liare·
