2320 4004
348 291 490 344 1162

408 421 593 474 Gillium]
622 422 742 462 Unus
761 423 1105 474 manuscriptus:
1131 425 1223 464 caz-

347 485 455 523 liam.
488 485 602 536 lego,
639 485 843 532 Galliam‚·
874 486 1066 538 quamvis
1088 486 1222 527 Athe-

348 560 467 588 naeus
488 548 649 588 scribat
668 548 834 588 Γελλίαν
846 549 956 588 libro
972 562 1001 590 1.
1017 550 1088 590 ubi
1104 556 1150 591 et
1167 551 1222 591 de

348 612 590 664 quingentis
610 612 692 651 illis
711 611 938 665 equitibus.
979 613 1104 652 Hanc
1125 613 1223 652 His-

346 677 497 715 toriam
531 677 583 715 de
616 675 758 716 Gellia
787 688 839 715 ex
865 674 940 714 lib.
964 686 1043 714 xv.
1075 676 1223 716 Timaei

341 745 550 790 sumptam
578 751 687 787 esse,
705 739 764 779 ait
777 738 1083 779 eruditissimus
1110 739 1211 780 Cas·

351 802 557 842 aubonns.
594 802 766 843 Colerus.

409 865 538 904 Grato
554 865 685 916 populi
702 865 840 916 oculis]
886 864 979 904 Lib.
1007 863 1121 904 Dan.
1150 878 1224 916 pu·

343 929 526 980 pillarum
543 918 675 970 oculis.
729 929 983 980 Probarem‚
1009 929 1089 969 nisi
1110 937 1222 969 veta·

349 998 448 1032 rent
466 992 538 1032 illa
559 1004 654 1045 quae
674 998 912 1045 sequuntur
932 1008 941 1030 :
976 994 1029 1032 Et
1045 1006 1128 1032 cum
1142 993 1223 1032 Izaeo

346 1054 551 1095 universis.
570 1054 697 1106 Apud
716 1054 1015 1094 Sarisberiens.
1034 1055 1108 1096 lib.
1123 1066 1224 1094 vm.

349 1118 421 1169 qui
441 1119 551 1158 hunc
568 1119 708 1158 locum
722 1130 773 1157 ex
788 1118 961 1157 Valerio
978 1119 1223 1170 exscripsit,

351 1181 533 1231 legitur:
563 1181 726 1232 publicis
743 1181 878 1220 oculis.
911 1181 1100 1220 Colerus.

403 1245 641 1296 Labentique
665 1258 827 1284 annonae
853 1245 1028 1284 subsidia
1054 1246 1225 1286 orieban-

350 1306 438 1358 tur]
464 1309 622 1348 Veram
648 1308 875 1347 lectionem
900 1307 1102 1358 praefero,
1131 1320 1224 1360 quae

352 1378 420 1411 est
438 1371 480 1409 in
500 1371 799 1423 manuscriptis
819 1371 1024 1411 omnibus.
1055 1372 1194 1422 Vulgo
1211 1384 1222 1411 ε

350 1432 558 1484 libentique
593 1433 722 1472 animo
753 1446 915 1473 annonoe
949 1433 1123 1473 subsidia
1153 1434 1226 1473 tri-

352 1494 578 1536 tuebantur.
607 1496 802 1548 Pighius.

405 1560 530 1599 Dotes
568 1560 788 1611 virginibus
825 1563 1055 1611 paupertate
1084 1560 1230 1611 pressis

350 1620 538 1670 subsidia,
565 1623 880 1662 detrimentorum
898 1623 1057 1662 incursu
1075 1636 1228 1674 quassa-

352 1684 407 1722 tis
442 1686 587 1724 solatia
618 1686 896 1738 erogabantur]
923 1687 1043 1726 Tolle
1068 1699 1231 1737 vocem,

352 1746 542 1797 subsidia,
579 1761 674 1800 quae
704 1749 816 1788 haud
846 1749 974 1789 dubie
998 1749 1140 1789 ociosa
1162 1763 1228 1789 su-

355 1817 519 1861 perest,
539 1817 667 1864 atque
686 1812 746 1852 ita
765 1813 862 1864 lege
887 1825 939 1851 ex
967 1812 1018 1852 V.
1041 1814 1090 1853 C.
1122 1814 1231 1854 dotes

353 1873 573 1923 virginibus
587 1873 814 1927 paupertate
834 1876 995 1927 pressis,
1026 1877 1231 1916 detrimen-

355 1942 484 1977 torum
516 1940 673 1979 incursu
706 1940 897 1991 quassatis
927 1941 1066 1980 solatia
1097 1952 1232 1991 eroga·

357 2001 510 2042 bantur.
574 2004 780 2043 Solatium
820 2017 898 2055 pro
934 2005 1123 2046 subsidio
1161 2018 1233 2057 po-

354 2064 442 2104 suit
481 2066 610 2105 etiam
657 2067 706 2107 L.
752 2068 922 2113 Florus,
957 2074 1110 2107 auctor
1151 2081 1232 2108 non

359 2129 698 2168 contemnendus
727 2143 739 2178 ;
783 2131 905 2183 cujus
950 2132 1093 2182 verba,
1137 2133 1259 2184 quia.

358 2189 402 2227 in
436 2191 620 2242 vulgatis
652 2192 771 2232 libris
800 2205 882 2232 non
910 2193 1135 2245 habentur,
1163 2195 1235 2234 ad-

349 2253 546 2305 jungam.
601 2257 709 2296 Sunt
739 2264 882 2297 autem
905 2258 979 2298 lib.
1003 2270 1054 2298 ιι.
1076 2271 1173 2310 cap.
1193 2263 1234 2299 7.

359 2317 445 2358 Ubi
475 2319 529 2359 de
565 2321 765 2362 Rhodiis:
795 2322 1051 2374 ‘Aderant,’
1081 2324 1234 2376 inquit,

927 308 1106 346 No'rAE
1147 308 1478 349 VARIORUM
1521 312 1585 350 IN

1288 425 1468 466 ‘Rhodii
1487 428 1684 469 nauticus
1704 430 1900 482 populus.
1924 431 2035 480 Nam
2053 433 2166 475 Rho-

1290 487 1366 528 dos
1403 489 1695 540 opinatissima
1743 493 1896 544 insula,
1941 499 1986 535 et
2031 497 2167 535 totius

1289 549 1644 591 Asiaeinsularum
1663 555 1929 606 metropolis,
1943 568 2040 596 cum
2058 569 2167 608 pene

1290 613 1485 652 omnibus
1515 614 1775 665 Cycladibus
1804 629 1920 658 arma
1945 619 2169 670 pertimes-

1291 686 1390 713 cens
1411 675 1606 715 Romano
1630 677 1883 728 jamdudum
1913 693 1959 720 se
1985 679 2169 722 foedera-

1291 743 1378 776 tam
1395 739 1554 789 populo
1571 736 1629 778 illi
1646 742 1941 792 conjunxerat,
1967 749 2014 784 et
2025 745 2168 784 navali

1291 798 1405 838 bello
1443 801 1600 840 solatia
1625 803 1925 844 condonabat-²
1981 805 2169 846 Pulchre

1290 862 1302 883 ‘
1321 862 1669 912 opinatissimam’
1685 871 1810 905 vocat
1823 867 2003 907 Rhodon
2020 882 2032 908 ι
2052 869 2167 921 quod

1293 926 1495 965 victorias
1515 927 1802 967 Romanorum
1819 930 1984 982 opinari
1998 943 2048 970 ac
2067 943 2170 983 qua-

1290 989 1323 1028 si
1343 990 1569 1040 providere
1599 997 1800 1042 potuerat
1820 1005 1833 1041 ;
1868 993 1969 1046 quia
1995 994 2088 1034 Soli
2108 1007 2172 1034 sa-

1291 1066 1363 1093 cra
1382 1054 1519 1094 insula
1539 1063 1622 1105 est,
1638 1056 1921 1107 providentiae
1937 1070 1990 1099 ac
2007 1059 2170 1098 divina-

1293 1116 1456 1156 tionum
1477 1119 1669 1170 praesidi.
1699 1119 1887 1169 Pighius.

1349 1179 1594 1232 Gelensium]
1630 1182 1843 1222 Gelenses
1863 1195 1889 1223 a
1908 1183 2021 1224 Gela
2039 1182 2172 1224 fluvio

1291 1242 1400 1282 dicti
1419 1257 1430 1282 :
1461 1249 1527 1282 est
1546 1249 1688 1283 autem
1702 1245 1815 1284 Gela
1828 1243 1981 1285 fluvius
1997 1246 2176 1295 Siciliae,

1292 1318 1318 1344 a
1336 1318 1418 1358 quo
1439 1313 1484 1345 et
1503 1307 1724 1358 oppidum,
1752 1308 1866 1359 quod
1899 1307 2174 1359 praeterfluit,

1293 1367 1612 1407 denominatum
1633 1375 1714 1408 est.
1774 1369 1975 1420 Virgilius
1991 1371 2083 1411 AEn.
2101 1382 2173 1412 ιιι.

1291 1431 1303 1452 ‘
1322 1430 1522 1482 Apparet
1553 1432 1778 1470 Camerina
1814 1433 1982 1483 procul,
2015 1434 2175 1485 campi-

1295 1505 1376 1546 que
1398 1493 1568 1544 Geloni,
1606 1493 1893 1546 immanisque
1924 1494 2036 1534 Gela
2055 1493 2176 1534 fluvii

1295 1557 1348 1597 de
1369 1557 1538 1596 nomine
1561 1557 1710 1596 dicta!
1769 1557 1949 1597 Ovidius
1968 1558 2082 1597 Fast.
2102 1569 2176 1600 111.

1297 1622 1308 1643 ‘
1326 1622 1381 1660 Et
1400 1624 1442 1659 te
1463 1620 1694 1660 vorticibus
1711 1632 1794 1660 non
1811 1620 2006 1661 adeunde
2032 1620 2176 1662 Gela.’

1302 1684 1450 1723 Oliver.

1350 1746 1619 1798 Agrigentino
1637 1745 1796 1797 civitas]
1841 1746 1892 1786 In
1918 1746 2176 1787 Atrebaten-

1298 1809 1334 1849 si
1352 1811 1515 1859 codice,
1533 1810 1813 1860 Agragantino
1841 1810 2003 1849 habetur
2016 1824 2033 1857 ,·
2067 1810 2178 1849 anti-

1299 1885 1380 1925 que
1402 1879 1446 1913 et
1465 1873 1623 1913 Graeco
1644 1885 1776 1914 more.
1794 1873 2048 1924 Reperimus
2064 1873 2178 1912 enim

1300 1943 1525 1987 argenteos
1555 1948 1746 1975 nummos
1781 1948 1876 1975 cum
1906 1936 2031 1976 titulo
2050 1936 2179 1988 hujus

1302 2003 1490 2043 civitatis
1522 2003 1863 2041 ΑΚΡΑΓΑΝΤΟΣ.
1917 2001 1974 2040 Et
2010 1999 2180 2040 Plinius

1302 2066 1645 2119 Agragantinum
1675 2065 1864 2105 bitumen
1885 2063 1996 2104 dixit
2013 2063 2086 2105 lib.
2106 2074 2180 2104 ιιι.

1302 2146 1395 2185 cap.
1416 2137 1455 2173 8.
1512 2133 1623 2172 Item
1660 2131 1868 2183 Virgilius
1905 2128 2072 2171 AEneid.
2109 2139 2183 2169 111.

1301 2197 1314 2220 ‘
1330 2196 1501 2236 Arduus
1519 2196 1618 2235 inde
1633 2194 1827 2246 Agragas
1845 2193 2036 2234 ostendit
2049 2192 2181 2232 maxi-

1305 2272 1374 2299 ma
1393 2258 1546 2311 longe!
1576 2258 1762 2310 Pighius.

1069 2700 1347 2761 LIBER
1389 2700 1474 2759 V.

412 2815 522 2857 CAP.
554 2829 587 2858 1.
615 2816 894 2869 occupatione]
922 2815 1236 2856 Praeventione.

411 2882 592 2932 Ancipiti
595 2881 783 2932 fortuna]
803 2880 914 2923 Quia
928 2879 1154 2919 clementia
1172 2884 1240 2918 est

357 2952 537 2997 accepta
554 2946 708 2997 injuria
727 2945 856 2984 animi
875 2945 1082 2995 impetum
1102 2944 1238 2995 repri-

360 3021 492 3060 mere,
511 3010 595 3049 imo
614 3010 793 3059 ancipiti
810 3006 997 3056 fortuna,
1015 3007 1114 3059 quia
1130 3007 1237 3058 ejus,

361 3071 436 3123 qui
466 3079 510 3111 te
535 3070 777 3122 offenderit,
807 3071 893 3110 vita
922 3071 966 3110 in
994 3070 1124 3110 dubio
1155 3076 1239 3111 est.

365 3134 516 3175 Oliver.

370 3225 371 3228 η
423 3199 487 3238 Ex
499 3201 583 3250 ipso
596 3197 772 3248 numine]
799 3198 979 3248 Forsan,
1005 3210 1056 3237 ex
1073 3197 1156 3249 ipso
1174 3198 1242 3238 ho·

359 3261 480 3312 mine,
498 3269 544 3302 ut
563 3262 871 3302 humanitatem
890 3260 1108 3312 praeferat.

417 3327 440 3378 ᾧ
472 3330 494 3367 l
535 3327 642 3367 Ante
671 3325 819 3377 omnia]
868 3326 936 3365 De
975 3325 1241 3364 humanitate

362 3388 471 3430 dicit
491 3402 593 3442 pop.
623 3390 822 3439 Romani,
843 3401 928 3442 qua
945 3401 1047 3440 erga
1065 3388 1241 3429 Cartha-

364 3455 590 3506 ginienses,
622 3457 766 3496 hostes
799 3454 1041 3503 acerrimos,
1060 3464 1158 3492 usus
1176 3458 1243 3493 est

366 3518 503 3570 primo
536 3519 702 3560 Punico
732 3519 862 3572 bello,
892 3517 1007 3572 quod
1034 3516 1170 3558 ductu
1196 3520 1244 3556 et

1305 2815 1494 2868 auspicio
1528 2813 1670 2854 Marci
1705 2813 1849 2855 Attilii
1884 2818 2050 2865 gestum
2088 2811 2186 2854 fuit.

1310 2880 1458 2919 Oliver.
1811 2902 1813 2906 ,

1357 2944 1463 2983 Illud
1500 2954 1647 2994 quoque
1674 2954 1750 2981 non
1785 2939 1966 2992 parvum]
2013 2939 2188 2992 Syphax

1307 3006 1523 3049 Numidiae
1568 3018 1644 3044 rex
1701 3004 2048 3056 opulentissimus
2092 3002 2190 3048 fuit,

1309 3082 1433 3122 quem
1471 3067 1659 3108 secundo
1693 3067 1857 3108 Punico
1895 3067 2008 3106 bello
2044 3065 2190 3116 Scipio

1306 3134 1468 3175 devicit
1486 3133 1590 3172 etin
1610 3131 1869 3182 triumphum
1899 3129 2037 3168 duxit.
2091 3127 2192 3167 Fuit

1308 3202 1450 3237 autem
1486 3196 1530 3235 in
1564 3194 1770 3235 Numidia
1800 3197 1931 3232 tantae
1966 3189 2193 3243 potentiae,

1307 3267 1354 3301 ut
1373 3261 1468 3312 ejus
1502 3258 1733 3298 amicitiam
1761 3261 1808 3295 et
1836 3254 2088 3295 societatem
2109 3254 2192 3294 Ro-

1309 3325 1423 3364 mani
1444 3323 1605 3374 pariter
1625 3327 1669 3360 et
1689 3319 2060 3370 Carthaginienses
2080 3329 2192 3357 sum·

1310 3398 1378 3427 mo
1396 3385 1537 3425 studio
1554 3382 1876 3434 conquisierint,
1897 3382 1999 3421 utin
2016 3392 2066 3420 eo
2079 3380 2191 3421 bello

1303 3450 1540 3489 maximum
1578 3445 1632 3485 ad
1671 3444 1892 3484 victoriam
1929 3449 2192 3483 momentum

1312 3522 1406 3553 esse
1434 3509 1670 3559 videretur,
1684 3506 1837 3560 quibus
1855 3506 1928 3546 ille
1947 3517 1992 3546 se
2012 3505 2194 3556 adjunx-
