2288 3990
316 283 459 337 1028

319 413 506 464 speciem
525 412 869 453 celebrandarum
893 417 1023 452 cantu
1042 412 1185 464 epula-

318 488 410 517 rum
427 489 552 516 causa
567 477 765 526 invitant,
782 483 825 515 et
839 476 952 523 vino,
969 475 1090 526 cujus
1103 476 1187 516 avi-

317 540 416 581 dum
428 539 558 581 ferme
573 542 648 580 hoc
668 551 798 592 genus
816 544 896 588 est,
907 545 1104 579 oneratos
1122 551 1185 579 so-

318 605 466 656 piunt:
499 610 626 655 atque
659 604 718 643 ita
744 605 785 642 in
818 603 1009 654 plaustra
1041 615 1186 643 somno

316 667 480 706 vinctos
507 665 735 716 conjiciunt
763 677 813 704 ac
833 665 1012 705 Romam
1032 665 1185 717 depor—

316 735 434 770 tant:
457 741 535 769 nec
556 729 673 778 prius
693 740 882 779 sensere,
901 741 1026 780 quam
1048 729 1185 780 plaus-

315 793 394 833 tris
414 793 455 831 in
467 792 559 832 foro
571 791 743 842 relictis,
758 792 903 843 plenos
916 792 1100 843 crapulae
1113 803 1184 831 eos

316 857 392 895 lux
408 855 639 907 oppressit.
670 856 788 894 Tunc
801 866 1026 894 concursus
1039 854 1183 904 populi

314 918 455 958 factus
471 923 551 966 est,
562 918 875 971 impetratoque
891 922 937 956 ut
951 921 1186 967 manerent,

315 980 462 1020 datum
494 986 543 1021 ut
574 980 762 1020 triduum
794 979 1017 1032 quotannis
1045 982 1184 1020 ornati

315 1055 410 1083 cum
445 1048 587 1093 cantu,
617 1049 744 1095 atque
773 1044 850 1083 hac
886 1055 980 1096 quae
1011 1042 1184 1083 minime

314 1106 497 1146 solennis
526 1111 592 1146 est
620 1107 808 1157 licentia,
840 1118 917 1157 per
946 1105 1092 1145 urbem
1115 1118 1184 1146 ve-

313 1169 539 1210 herentur:
568 1171 895 1221 restitutumque
916 1170 958 1208 in
978 1168 1070 1208 aede
1091 1181 1181 1208 ves·

314 1232 436 1273 cendi
450 1233 523 1284 jus
542 1233 610 1283 iis,
633 1233 704 1285 qui
718 1233 846 1272 sacris
868 1231 1182 1284 praecinerent.'

314 1293 387 1335 De
406 1295 582 1334 tibicine
604 1295 731 1334 Ovid.
751 1295 866 1335 Fast.
881 1307 944 1334 vt.
970 1295 983 1316 ⁴
1004 1295 1092 1334 Cur
1111 1306 1183 1332 va-

313 1368 391 1408 gus
425 1356 586 1396 incedit
622 1363 715 1397 tota
751 1357 910 1397 tibicen
954 1357 997 1396 in
1033 1356 1182 1396 Urbe?

314 1418 428 1460 Quid
450 1418 540 1467 ¹sibi
570 1430 776 1470 personae,
805 1419 907 1472 quid
939 1424 1039 1471 toga
1054 1420 1182 1471 longa

311 1481 460 1520 volunt
478 1479 508 1520 ?’
539 1482 687 1522 Oliver.

363 1543 624 1595 Primusque
626 1544 777 1596 ferias]
809 1545 979 1586 Praeter
993 1545 1183 1598 publicas

310 1602 456 1657 ferias,
490 1612 615 1646 erant
645 1619 812 1659 quoque
850 1608 1028 1659 privatae
1063 1606 1184 1647 feriae

313 1666 572 1718 singularum
590 1667 856 1708 familiarum.
899 1669 1091 1708 Publicae
1111 1682 1184 1709 au-

314 1734 400 1770 tem
421 1737 495 1771 aut
515 1740 637 1773 erant
657 1739 802 1782 statae,
830 1746 925 1786 quae
947 1740 1060 1774 stato
1079 1741 1184 1775 tem-

311 1806 418 1846 pore
471 1795 697 1844 redibaut;
753 1797 1045 1848 Conceptivae,
1089 1810 1183 1850 quae

311 1859 538 1911 quotannis
556 1872 581 1898 a
598 1859 919 1910 Magistratibus
948 1862 1015 1900 vel
1034 1862 1185 1902 Sacer·

313 1920 482 1961 dotibus
511 1922 879 1974 concipiebautur,
913 1924 955 1963 in
988 1923 1081 1964 dies
1115 1926 1183 1966 vel

312 1990 455 2023 certos
485 1985 554 2023 vel
587 1985 712 2024 etiam
745 1985 961 2035 incertos;
992 1985 1182 2038 Impera-

311 2046 430 2098 tivae,
449 2059 542 2099 quae
565 2059 642 2098 pro
662 2059 708 2087 re
738 2054 841 2089 nata
872 2049 1184 2101 indicebantur,

312 2108 494 2162 denique
514 2110 727 2160 nundinae,
757 2124 853 2151 cum
885 2112 1039 2152 mercis
1057 2124 1185 2152 eausa

310 2177 636 2216 conveniebant.
693 2176 804 2215 Vide
822 2176 1090 2216 Mam-obium
1108 2177 1183 2216 lib.

309 2252 343 2280 1.
376 2253 470 2293 cap.
503 2246 567 2281 16.
625 2242 734 2281 Vide
763 2241 894 2283 Ovid.
925 2247 972 2282 et
1004 2242 1057 2281 ad
1085 2253 1182 2281 eum

308 2303 448 2343 locum
468 2303 672 2354 Neapolis
693 2303 1010 2344 commentaria.

366 2364 508 2416 Tibur]
552 2367 715 2406 Civitas
748 2366 791 2405 in
815 2366 984 2405 Sabinis
1002 2366 1182 2418 Stepha-

307 2440 381 2480 no,
401 2429 568 2469 decimo
588 2434 711 2468 sexto
732 2429 784 2468 ab
802 2430 920 2469 Urbe
941 2429 1097 2481 lapide.

364 2495 501 2534 Honos
515 2494 723 2546 pristinus]
771 2495 833 2534 Ut
863 2495 1058 2535 nimirum
1086 2494 1185 2534 tibi-

309 2557 427 2597 cines
448 2558 604 2597 iterum
624 2557 665 2596 in
686 2556 778 2597 aede
806 2557 930 2598 Jovis
961 2568 1181 2598 vesceren-

311 2625 396 2660 tur.

362 2683 385 2734 ᾧ
414 2686 438 2721 5
468 2682 689 2733 Prandere]
718 2682 833 2722 Hinc
853 2687 1036 2734 apparet
1054 2682 1182 2722 etiam

307 2743 484 2796 prandia
500 2744 682 2796 antiquis
703 2745 747 2783 in
767 2757 841 2784 usu
860 2744 1005 2785 fuisse.

363 2807 491 2857 Mola]
536 2806 717 2847 Ovidius
737 2808 792 2848 de
811 2809 952 2848 Fastis
969 2809 1049 2848 hoc
1069 2808 1183 2848 idem

307 2869 512 2920 ostendit,
530 2868 700 2909 dicens:
727 2872 740 2892 ‘
755 2869 872 2910 Ante
890 2872 1009 2912 Deos
1027 2871 1184 2911 homini

308 2932 422 2983 quod
442 2931 671 2971 conciliare
704 2933 890 2983 valebat,
909 2933 991 2973 Far
1009 2938 1118 2986 erat,
1138 2938 1184 2974 et

307 2993 403 3045 puri
422 2993 565 3032 lucida
578 2993 690 3033 mica
708 2993 837 3033 salis?

363 3057 489 3106 Mola,
507 3069 592 3108 quoe
610 3057 834 3108 vocabatur]
878 3058 1024 3099 Editio
1041 3059 1183 3099 Vene-

309 3124 372 3169 ta,
391 3132 475 3171 quoe
492 3124 651 3160 vocatur
668 3134 682 3159 .·
711 3121 859 3160 melius
875 3134 888 3170 3
918 3133 1013 3161 nam
1031 3127 1078 3162 et
1095 3123 1182 3161 Va-

306 3182 405 3222 lerii
423 3194 517 3222 aevo
535 3184 648 3222 mola
678 3182 916 3223 dicebatur.
971 3183 1182 3224 Glossari-

310 3256 379 3283 um
395 3257 407 3283 :
438 3245 559 3284 Μυῖα»
575 3246 700 3295 salsae,
717 3244 840 3296 κριθαὶ
856 3244 1130 3297 πεφρυγμέναι.

363 3308 508 3358 Farre]
537 3307 754 3348 Adon-eum
767 3309 896 3360 juxta
907 3309 1092 3349 Plinium
1113 3322 1185 3350 ve·

310 3374 424 3409 teres
438 3372 724 3421 appellavere.
767 3369 928 3410 Differt
947 3371 999 3410 ab
1014 3371 1183 3411 Halica.

312 3432 397 3472 Far
415 3434 525 3473 enim
541 3433 841 3486 antiquissimis
857 3434 1120 3485 temporibus
1140 3436 1182 3474 in

314 3505 407 3544 usu,
436 3494 590 3535 Halica
614 3497 866 3537 recentioris
897 3508 1012 3548 usus,
1031 3502 1079 3538 ut
1099 3504 1183 3537 tes-

889 297 1065 336 NOTAE
1105 297 1433 339 VARIORUM
1474 300 1539 338 ΙΝ

1245 419 1392 455 tantur
1409 416 1524 457 Plin.
1554 416 1629 456 lib.
1657 427 1781 457 xxn.
1811 428 1850 457 c.
1867 421 1934 457 25.
1987 415 2111 456 Idem

1247 479 1433 518 ostendit
1463 479 1618 519 Galen.
1653 479 1729 519 lib.
1749 490 1800 520 11.
1828 479 1882 518 de
1913 478 2112 530 Compos.

1245 540 1407 581 Medic.
1427 541 1596 592 Aetius,
1612 542 1700 582 alii.

1300 604 1358 643 Et
1371 604 1505 655 pullio]
1546 606 1657 645 Nam
1677 605 1719 644 in
1746 615 1877 644 cavea
1895 603 1999 655 pulli
2031 614 2116 643 ser-

1245 665 1456 706 vabantur
1473 680 1483 706 :
1512 671 1558 706 et
1584 678 1711 719 quum
1729 666 1888 706 bellum
1906 677 2002 705 cum
2021 665 2114 705 hos-

1246 728 1360 767 tibus
1398 729 1666 768 committere
1707 730 1887 779 veUent,
1930 729 2113 780 primum

1244 790 1433 841 auspicia
1476 790 1703 842 capiebant
1763 790 1937 841 objecta
1979 790 2114 842 pulte,

1245 865 1369 904 quam
1388 854 1421 892 si
1437 854 1733 904 sumpsissent,
1752 859 1799 893 ut
1826 864 1925 904 pars
1943 853 2115 892 humum

1246 915 1436 967 caderet,
1466 916 1619 956 bonum
1649 922 1744 956 erat
1772 915 2039 967 auspicium3
2078 915 2115 954 si

1245 979 1525 1030 respuissent,
1556 980 1653 1019 Diis
1681 991 1766 1019 non
1798 980 1970 1030 placere
2001 978 2115 1018 dice·

1246 1040 1351 1080 bant
1368 1041 1410 1081 id
1425 1041 1580 1080 bellum
1597 1041 1771 1093 suscipi.
1801 1041 1953 1080 Oliver.

1296 1105 1555 1156 Libavnentis]
1584 1105 1738 1144 Libare
1751 1104 1922 1156 proprie
1935 1107 2001 1143 est
2021 1115 2116 1153 par-

1245 1171 1329 1206 tem
1346 1173 1389 1207 et
1407 1168 1613 1219 primitias
1629 1168 1726 1207 Diis
1743 1166 1942 1206 fundere.
1966 1165 2119 1212 Λείβειν

1245 1229 1416 1282 Graece,
1467 1231 1619 1271 Latine
1677 1229 1890 1282 significat
1933 1230 2117 1278 sundere.

1245 1292 1359 1333 Quia
1378 1293 1551 1345 primam
1585 1298 1748 1344 partem
1781 1294 1963 1334 libantes
1991 1294 2033 1332 in
2055 1294 2117 1345 ig·-

1245 1366 1341 1394 nem
1362 1356 1479 1407 quasi
1500 1355 1705 1407 primitias
1720 1354 1950 1395 fundentes
1962 1368 2009 1395 se
2024 1356 2117 1395 Diis

1244 1417 1487 1458 sacrificare
1505 1419 1720 1460 dicebant.
1749 1419 1897 1459 Oliver.
2196 1447 2200 1451 -

1298 1483 1321 1534 ς
1341 1486 1367 1522 6
1395 1482 1578 1534 Febrem]
1608 1481 1803 1522 AEdificia
1822 1482 1953 1522 multa
1970 1482 2120 1522 habuit

1245 1545 1470 1585 Palatinus
1509 1557 1644 1595 mons,
1680 1557 1856 1597 quorum
1888 1557 1942 1585 ne
1976 1546 2118 1585 ruinas

1245 1607 1414 1660 quidem
1435 1620 1514 1660 per
1544 1609 1705 1654 vineta,
1735 1621 1830 1661 quae
1863 1607 1924 1647 ibi
1955 1609 2119 1648 consita

1246 1675 1360 1720 suut,
1389 1670 1636 1711 discernere
1667 1672 1794 1712 licet:
1838 1671 1881 1709 in
1902 1683 1954 1711 eo
1973 1669 2118 1711 fanum

1246 1733 1394 1773 Febris
1422 1735 1547 1774 situm
1580 1733 1727 1784 fuisse,
1745 1739 1916 1774 constat
1945 1745 2002 1772 ex
2023 1733 2119 1774 Val.

1245 1797 1366 1836 Max.
1381 1803 1427 1837 et
1446 1809 1498 1836 ex
1511 1799 1742 1838 Cicerone:
1771 1803 1784 1821 ‘
1799 1798 1940 1850 lllud‚’
1961 1790 2118 1851 inquit,

1243 1858 1255 1879 ‘
1276 1858 1470 1910 profecto
1502 1861 1804 1911 confiteamini,
1832 1862 1967 1913 longe>
1993 1863 2119 1902 aliter

1244 1932 1334 1961 rem
1354 1934 1400 1961 se
1419 1922 1579 1964 habere
1599 1931 1729 1978 atque
1747 1924 1958 1964 hominum
1977 1925 2119 1975 opinio

1243 1984 1328 2034 sit3
1370 1997 1442 2025 eos
1474 1987 1586 2026 enim
1618 1987 1690 2040 qui
1723 1988 1799 2027 Dii
1831 1988 2119 2038 appellantur,

1243 2058 1386 2086 rerum
1407 2054 1580 2088 naturas
1600 2061 1708 2100 esse,
1727 2061 1810 2089 non
1829 2049 1986 2100 figuras
2004 2050 2122 2089 Deo·

1245 2122 1351 2151 rum.
1407 2112 1493 2154 Qui
1527 2118 1672 2152 tantus
1704 2124 1824 2152 error
1840 2111 1941 2161 fuit,
1956 2119 2003 2152 ut
2024 2124 2119 2164 per-

1244 2173 1411 2213 niciosis
1431 2175 1559 2214 etiam
1587 2176 1712 2215 rebus
1731 2187 1815 2215 non
1840 2186 1993 2215 nomen
2025 2182 2120 2215 tan-

1244 2240 1336 2276 tum
1366 2237 1559 2277 Deorum
1596 2238 1874 2288 tribueretur,
1889 2238 1965 2278 sed
1987 2239 2118 2279 etiam

1245 2310 1367 2339 sacra
1396 2302 1776 2340 constituerentur.
1832 2301 1979 2340 Febris
2007 2302 2120 2341 enim

1245 2360 1391 2402 fanum
1411 2363 1456 2402 in
1477 2363 1646 2403 Palatio
1665 2362 1891 2403 videmus!
1929 2365 1987 2403 Et
2006 2364 2121 2404 Plin.

1243 2426 1256 2448 ‘
1276 2425 1466 2479 Ideoque
1485 2428 1610 2466 etiam
1633 2426 1760 2466 Febri
1771 2424 1914 2465 fanum
1929 2425 1972 2464 in
1992 2425 2121 2466 Pala-

1245 2488 1307 2528 tio
1326 2489 1517 2529 dicatum
1538 2489 1632 2530 est!
1670 2488 1805 2528 Aram
1824 2500 1990 2540 quoque
2009 2488 2122 2540 ejus-

1247 2551 1342 2590 dem
1361 2551 1526 2602 Febris,
1544 2552 1765 2603 aedemque
1780 2552 1951 2600 Larum,
1971 2555 2017 2590 et
2037 2551 2118 2591 Cu-

1245 2615 1350 2654 riam
1369 2615 1590 2665 Saliorum,
1608 2616 1650 2654 in
1668 2627 1750 2667 qua
1766 2626 1860 2654 cum
1879 2612 2121 2664 flagrasset,

1244 2677 1444 2718 inventus
1465 2685 1531 2718 est
1550 2678 1678 2718 lituus
1698 2677 1866 2717 Romuli
1885 2677 2059 2727 inaesus,
2075 2677 2121 2716 in

1245 2741 1415 2782 Palatio
1435 2740 1576 2792 fuisse,
1599 2741 1712 2781 idem
1741 2740 1894 2781 Cicero
1923 2744 2122 2779 testatur.

1246 2805 1482 2845 Marlianus.
1682 2840 1684 2846 s
2107 2853 2111 2856 ,

1298 2868 1406 2907 Area
1448 2867 1723 2908 Marianorum
1770 2864 2122 2916 monumentorum]

1245 2930 1457 2982 Trophaea
1476 2931 1603 2971 Marii
1623 2929 1838 2970 Cimbrico
1859 2928 1970 2968 bello
1985 2932 2125 2979 parta,

1246 3005 1342 3044 quae
1375 3005 1399 3031 a
1427 2993 1546 3044 Sylla
1584 2993 1785 3044 disjecta,
1817 2995 1863 3030 et
1892 3001 1919 3029 a
1950 2989 2120 3029 Caesare

1245 3056 1471 3096 Dictatore
1496 3056 1734 3095 instaurata
1761 3064 1851 3093 esse
1869 3062 2121 3092 commemo·

1246 3123 1314 3158 rat
1352 3118 1597 3168 Suetonius,
1627 3131 1653 3158 a
1696 3117 1851 3157 dextra
1885 3115 1965 3154 viae
2001 3113 2120 3152 Prae-

1245 3180 1446 3230 nestinae,
1478 3192 1694 3232 propeque
1726 3180 1782 3220 D.
1801 3177 1963 3219 Juliaui
1982 3174 2120 3215 aedem

1245 3249 1414 3283 extant.
1470 3244 1579 3285 Quae
1614 3239 1786 3281 tametsi
1806 3239 2020 3289 mutilata,
2057 3242 2118 3277 ta·

1245 3318 1342 3346 men
1372 3306 1521 3346 horum
1542 3306 1585 3344 in
1615 3305 1751 3344 altero
1783 3303 2001 3342 thoracem
2021 3312 2119 3340 cum

1245 3367 1417 3419 clypeis,
1454 3367 1709 3419 juvenisque
1747 3364 1906 3415 captivi
1950 3363 2118 3402 simula·

1245 3442 1365 3470 crum
1386 3429 1569 3470 brachiis
1590 3434 1688 3480 post
1709 3434 1874 3478 tergum
1900 3426 2120 3476 revinctis,

1244 3497 1286 3536 in
1309 3496 1447 3535 altero
1469 3507 1568 3535 vero
1589 3493 1706 3533 varia
1719 3491 1820 3533 belli
1838 3491 2119 3531 instrumenta
