2346 3996
391 255 534 309 1248

390 387 554 439 venari,
574 387 793 428 luxuriose
824 388 999 441 vivere3
1026 390 1174 431 horum
1208 392 1270 432 sic

388 453 604 492 imitatum
642 452 994 493 consuetudinem
1022 453 1190 505 dicunt,
1222 461 1272 496 ut

388 516 449 554 illi
468 515 552 567 ipsi
570 515 614 554 in
633 515 697 554 his
725 515 908 555 maxime
944 516 1272 557 admirarentur.

389 578 555 620 Quibus
575 576 779 629 effecisse,
796 584 846 618 ut
861 579 973 630 apud
995 592 1269 633 quoscunque

388 646 520 691 esset,
540 641 740 693 princeps
754 641 999 685 haberetur.
1047 645 1155 686 Quae
1174 657 1269 684 cnm

389 703 450 744 ita
465 704 614 754 sint,ut
626 704 854 756 splendore
866 710 913 745 et
925 705 1140 758 dignitate
1152 706 1270 747 cives

389 778 504 816 suoS‚
534 766 683 806 labore
703 773 749 807 et
769 767 926 808 viribus
947 770 1141 821 corporis
1161 770 1268 809 The-

389 829 539 879 banos,
573 829 736 871 duritie
769 832 1118 884 parcimoniaque
1153 833 1268 872 viros

388 886 756 945 Lacedaemonios,
789 895 1027 936 vinolentia
1058 897 1268 947 Thracas,

389 961 548 997 venatu
564 957 739 1010 Persas,
757 959 979 1008 luxuriosa
995 961 1086 1001 vita
1107 968 1267 1000 utrum-

389 1031 474 1072 que
501 1022 706 1073 populum
727 1025 959 1076 superavit,
979 1037 1064 1064 non
1085 1026 1268 1066 discerni

388 1082 516 1125 facile
539 1091 702 1138 potest,
738 1087 947 1138 majorine
966 1088 1092 1128 laude
1115 1089 1269 1140 dignus

388 1147 458 1198 sit,
473 1159 526 1188 an
549 1149 892 1201 reprehensione.
923 1152 1141 1205 Quantum
1157 1153 1268 1192 enim

388 1211 657 1253 admirandus
670 1218 753 1263 est,
765 1214 836 1265 qui
855 1214 961 1254 nulli
977 1214 1088 1254 bono
1106 1215 1269 1255 virtute

388 1276 607 1327 posterior
627 1275 775 1328 fuerit,
794 1282 957 1317 tantum
976 1277 1103 1317 etiam
1124 1277 1270 1317 detes·

393 1338 566 1388 tandus,
581 1339 653 1390 qni
674 1338 877 1390 improbis
898 1340 1089 1380 omnibus
1107 1340 1272 1380 malitia

391 1401 588 1452 superior
603 1402 803 1442 evaserit.
834 1402 986 1443 Oliver.

440 1465 462 1515 ς
480 1469 502 1503 5
532 1463 602 1503 Aa
622 1463 830 1517 invidiam,
847 1465 938 1518 εγω]
956 1465 1043 1507 Hic
1056 1465 1272 1518 'Polycra-

391 1532 459 1567 tes
489 1527 656 1567 Samius
676 1533 882 1581 tyrannus
901 1529 1000 1584 suit,
1029 1529 1083 1570 de
1101 1542 1185 1583 qno
1202 1531 1271 1571 Ci-

981 271 1156 310 No'rAE
1200 272 1530 315 vAmoRUM
1557 239 1638 315 ‘m

1334 394 1406 433 nio
1425 393 1673 446 deterritus,
1698 407 1791 448 quae
1824 400 1953 436 nocte
1981 395 2147 438 viderat
2165 397 2215 439 il·

1332 455 1416 495 lum
1436 457 1664 509 sublatum,
1693 468 1871 510 roreque
1891 458 2147 512 madentem,
2166 462 2210 501 in

1333 519 1402 559 die
1422 532 1523 560 vero
1544 521 1785 573 sudantem,
1804 533 1903 562 cum
1923 522 1977 562 ad
1996 523 2213 564 Orontem

1333 583 1532 634 venisset,
1549 590 1704 635 captus
1718 584 1761 623 in
1781 596 1942 623 summo
1960 585 2210 630 Micalensis

1332 646 1486 685 montis
1508 646 1684 692 vertice,
1703 647 1908 698 suspendi
1925 652 1971 687 et
1985 647 2103 688 cruci
2119 646 2211 688 affi-

1332 708 1375 759 gi
1401 709 1545 759 jussus
1566 714 1648 759 est,
1669 720 1720 748 ac
1740 709 1916 748 relictus
1937 709 2086 750 avibus
2106 709 2212 750 dila·

1331 772 1568 822 cerandus;
1596 779 1647 812 ut
1675 772 1747 825 qui
1777 772 1934 824 ubique
1967 771 2211 814 felicissime

1330 836 1375 876 in
1394 842 1508 876 terra
1543 836 1728 886 vixerat,
1758 835 1801 874 in
1835 835 1936 875 aere
1973 836 2212 878 miserrime

1331 900 1586 950 exspiraret.
1613 901 1684 939 De
1705 911 1787 951 quo
1801 898 1957 939 Strabo
1978 899 2089 939 libro
2110 911 2215 940 xiv.

1334 962 1487 1002 Oliver.

1383 1025 1609 1065 Admodum
1625 1024 1806 1076 gratum]
1838 1024 1909 1064 Ob
1930 1036 2136 1076 gemmam
2151 1025 2213 1065 in·

1330 1089 1506 1141 clusam,
1525 1102 1651 1142 quam
1671 1090 1991 1141 Sardonychem
2007 1087 2156 1141 fuisse,
2169 1095 2217 1130 et

1331 1152 1374 1191 in
1390 1152 1642 1193 Concordiae
1661 1154 1822 1205 templo
1838 1158 2100 1194 asservatam
2113 1154 2218 1193 seri·

1330 1214 1396 1254 bit
1423 1215 1605 1256 Plinius,
1661 1215 1818 1255 Strabo
1837 1215 1900 1256 ait
1917 1215 2044 1256 fuisse
2076 1216 2216 1256 δακτύ-

1331 1284 1415 1317 λιον
1431 1277 1540 1318 λίθου
1554 1277 1620 1317 καὶ
1635 1277 1865 1328 Ὑλύμματος
1882 1279 2137 1319 πολυτελοῦς.

1404 1341 1635 1380 Micalensis
1679 1341 1839 1392 montis]
1897 1340 2015 1382 Edit.
2051 1341 2210 1382 Venet.

1333 1405 1556 1457 Mycalesia
1625 1404 1871 1457 Mycalessi,
1918 1403 1997 1444 sed
2047 1404 2217 1457 oppidi,

1334 1468 1529 1509 meminit
1550 1467 1708 1508 Strabo
1738 1467 1817 1508 lib.
1838 1478 1906 1508 rx.
1937 1473 1984 1509 et
2001 1466 2119 1510 Plin.
2138 1468 2214 1509 lib.

1334 1544 1398 1573 IV.
1431 1533 1561 1573 Coler.

389 1604 490 1632 cero
507 1591 552 1631 in
571 1592 681 1631 libro
701 1592 756 1633 de
786 1594 978 1645 Finibus,
1009 1595 1173 1635 Plinius
1192 1583 1327 1635 eti·v
1391 1596 1510 1635 Cruci
1530 1596 1679 1650 affixit]
1698 1595 2013 1637 Stesimbrotus
2032 1595 2215 1637 Thasius

382 1669 475 1706 am,
495 1661 541 1696 et
559 1655 716 1696 diversi
741 1656 891 1698 Graeci
919 1657 1153 1709 scriptores
1185 1670 1274 1698 me-

392 1720 625 1760 minerunt.
656 1719 743 1760 Hic
764 1720 870 1760 adeo
890 1719 1102 1761 fortunam
1122 1720 1274 1761 habuit

393 1782 710 1834 obsequiosam,
731 1788 779 1823 ut
799 1783 940 1824 omnia
959 1789 1111 1835 optata
1125 1795 1273 1825 conse·

395 1850 622 1897 queretur,
643 1851 689 1885 et
708 1846 912 1899 quicquid
943 1846 1272 1899 aggrederetur,

397 1909 604 1950 efficeret.
661 1909 819 1949 Foedus
848 1908 960 1949 forte
987 1908 1156 1950 fecerat
1174 1921 1272 1950 cum

396 1972 637 2024 Xanfippo,
656 1975 741 2023 vel,
775 1977 825 2012 ut
854 1972 1101 2013 Herodotus
1121 1972 1272 2023 tradit,

393 2047 488 2075 cum
518 2034 667 2074 Amasi
700 2035 998 2088 AEgyptiorum
1033 2047 1152 2087 rege,
1184 2036 1272 2087 qui,

392 2111 521 2151 quum
543 2097 734 2138 audisset
753 2099 856 2138 nihil
887 2111 1070 2152 unquam
1100 2099 1181 2138 sibi
1201 2098 1275 2139 ad-

395 2162 506 2201 versi
527 2161 776 2214 contigisse,
797 2163 851 2202 ad
869 2161 1172 2203 moderandam
1191 2161 1276 2202 for-

397 2232 516 2265 tunae
551 2225 770 2277 invidiam,
799 2226 1011 2279 Xantippi
1041 2227 1153 2279 regis
1186 2226 1277 2266 sive

397 2288 566 2329 Amasis
587 2289 778 2342 hortatu,
797 2292 1017 2342 annulum,
1037 2303 1162 2344 quem
1179 2290 1276 2330 cha-

395 2353 607 2393 rissimum
628 2354 832 2406 habebat,
863 2355 908 2395 in
941 2355 1066 2395 maris
1100 2351 1277 2407 profun-

396 2420 497 2459 dum
522 2419 661 2471 jecit;
692 2432 818 2473 quem
851 2421 980 2473 paulo
1010 2424 1109 2472 post
1142 2417 1278 2470 inopi-

396 2487 500 2522 nate
535 2483 837 2535 recuperavit:
866 2495 964 2523 nam
1000 2496 1024 2522 a
1058 2479 1280 2534 piscatori-

399 2547 478 2587 bus
497 2546 641 2599 piscis,
658 2547 727 2599 qui
747 2548 951 2587 annulum
982 2546 1279 2598 devoraverat,

398 2609 547 2661 paucis
568 2616 666 2660 post
692 2609 847 2651 diebus
868 2615 1022 2662 captus
1042 2614 1124 2657 est,
1146 2613 1193 2649 et
1217 2613 1281 2661 ty·

397 2685 530 2713 ranno
545 2666 728 2714 donatus
747 2687 759 2723 ;
788 2675 832 2714 in
853 2674 971 2726 cujus
991 2678 1144 2713 ventre
1163 2683 1278 2712 com-

399 2742 550 2788 pertus
563 2737 758 2789 annulus,
770 2737 850 2788 illi,
864 2736 1000 2777 veluti
1016 2749 1041 2776 a
1053 2736 1278 2787 Neptuno,

400 2799 626 2840 restitutus
642 2801 840 2841 traditur.
897 2800 983 2842 Qui
1017 2811 1118 2839 sane
1148 2811 1278 2839 annu·

400 2863 482 2909 lus,
529 2868 644 2903 teste
700 2863 845 2903 Plinio
890 2864 994 2904 Nat.
1035 2862 1156 2903 Hist.
1202 2862 1278 2902 lib.

403 2936 587 2966 xxxvii.
619 2927 799 2966 Romam
830 2926 1012 2977 delatus,
1041 2927 1154 2967 dono
1188 2925 1276 2966 Au-

401 2994 535 3041 gustae
582 2989 626 3028 in
659 2990 821 3042 templo
852 2989 1103 3030 Concordiae
1147 3001 1278 3029 aureo

401 3065 534 3094 cornu
553 3058 620 3093 est
636 3053 839 3094 inclusus.
880 3053 968 3093 Sed
982 3053 1050 3093 hic
1071 3053 1277 3105 Polycra-

404 3123 471 3157 tes
499 3128 596 3157 cum
615 3117 818 3157 adversus
846 3116 1026 3156 Darium
1045 3116 1278 3156 Persarum

403 3191 551 3232 regem
567 3179 804 3220 exercitum
823 3179 1018 3230 duceret,
1036 3179 1090 3219 ab
1111 3178 1280 3218 Oronte

404 3243 517 3284 illius
537 3241 751 3295 praefecto
772 3242 865 3283 acie
883 3241 1020 3292 fusus,
1037 3242 1122 3293 vel,
1141 3247 1190 3281 ut
1209 3241 1281 3282 alii

405 3306 573 3358 dicunt,
593 3318 671 3359 per
690 3305 882 3346 fraudem
913 3306 1177 3356 interceptus
1197 3309 1281 3345 est.

404 3371 519 3410 Nam
537 3370 590 3410 ad
610 3369 747 3410 foedus
768 3368 1083 3420 amicitiamque
1098 3368 1283 3419 jungen-

406 3433 503 3473 dam
523 3433 741 3485 invitatus,
758 3433 859 3472 nihil
886 3433 974 3473 doli
1004 3438 1076 3471 aut
1109 3432 1282 3472 insidia-

408 3507 500 3537 rum
520 3496 659 3538 inesse
679 3497 917 3549 suspicans,
935 3507 1015 3537 nec
1046 3494 1146 3536 filiae
1175 3506 1282 3536 som-

1336 1658 1391 1699 de
1410 1665 1550 1699 morte
1569 1660 1815 1712 Polycratis
1844 1660 1962 1712 apud
1991 1660 2216 1712 Fulgenti-

1335 1733 1435 1761 um:
1463 1723 1476 1745 ‘
1493 1723 1785 1776 Posteaquam
1813 1722 1868 1763 de
1900 1734 2028 1764 cruce
2048 1723 2219 1775 deposi-

1337 1790 1421 1833 tus,
1441 1785 1665 1838 sandapila
1698 1787 1825 1826 etiam
1851 1785 2105 1838 deportatus
2125 1787 2221 1826 est!

1334 1847 1567 1900 Sandapila
1586 1850 1735 1900 etiam,
1754 1848 1910 1901 inquit,
1937 1854 1986 1889 ut
2004 1849 2220 1901 exprimat

1334 1911 1398 1950 rei
1418 1911 1733 1963 indignitatem.
1763 1912 1876 1952 Nam
1896 1911 2120 1964 sandapila
2133 1923 2218 1951 non

1334 1973 1555 2024 nobilium,
1573 1975 1650 2015 sed
1682 1974 1948 2027 plebeiorum
1968 1981 2014 2015 et
2045 1975 2218 2016 damna·

1336 2043 1495 2088 torum,
1515 2039 1726 2079 cadavera
1745 2037 2049 2080 efferebantur.
2078 2040 2204 2079 Idem.

1389 2102 1570 2153 Laevam]
1626 2093 1820 2154 Manum,
1867 2102 1909 2142 in
1954 2114 2039 2155 qua
2074 2101 2219 2142 annuli

1336 2170 1577 2216 gestantur.

1392 2229 1460 2279 §6
1487 2227 1720 2279 Dionysius,
1737 2227 1824 2279 δῖα]
1871 2226 1959 2266 Hic
1991 2225 2104 2266 filius
2139 2225 2221 2266 fuit

1336 2290 1538 2342 Dionysii
1560 2290 1749 2342 tyranni,
1769 2290 1843 2343 qui
1864 2302 1942 2342 pro
1954 2290 2054 2342 joco
2071 2288 2222 2330 habuit

1337 2355 1454 2396 Deos
1474 2361 1753 2395 contemnere
1781 2360 1828 2394 et
1859 2353 2086 2405 sacrilegia
2105 2365 2221 2393 com-

1339 2418 1526 2470 mittere,
1548 2424 1597 2458 ut
1617 2419 1660 2458 in
1680 2430 1779 2471 cap.
1800 2417 1853 2458 de
1873 2417 2092 2470 Neglecta
2123 2418 2220 2457 reli-

1339 2482 1468 2535 gione
1506 2481 1704 2522 diximus.
1763 2480 1871 2521 Cum
1909 2491 2014 2532 ergo
2046 2478 2220 2532 flagitiis

1341 2540 1569 2597 coopertus
1601 2549 1733 2596 esset,
1762 2548 1808 2584 et
1829 2542 2093 2584 crudelitate
2125 2542 2221 2594 plus

1341 2619 1466 2660 quam
1487 2605 1606 2647 credi
1627 2611 1790 2658 posset,
1819 2605 2096 2659 Syracusani,
2119 2617 2221 2646 con·

1340 2670 1576 2722 spiratione
1593 2669 1725 2722 facta,
1753 2681 1850 2709 eum
1882 2681 1906 2709 e
1935 2669 2114 2708 civitate
2144 2668 2233 2719 eji->

1341 2745 1440 2774 cere
1457 2738 1679 2774 tentarunt
1695 2746 1707 2783 ;
1727 2732 1800 2786 qui
1815 2733 1952 2785 primo
1967 2731 2222 2772 dubitarunt

1340 2810 1394 2839 an
1411 2804 1564 2850 sponte
1578 2790 1779 2848 cederet3
1802 2796 1975 2838 tandem
1995 2801 2221 2837 crescente

1342 2863 1528 2902 tumultu
1561 2862 1676 2902 inter
1701 2861 1817 2901 cives
1835 2859 2054 2910 convenit,
2083 2862 2141 2899 nt'
2160 2859 2221 2898 le-

1344 2927 1433 2978 gati
1454 2926 1746 2977 mitterentur,
1764 2925 1838 2979 qui
1858 2936 2005 2965 secum
2026 2928 2224 2976 agerent,

1341 2994 1560 3043 ut'sponte
1581 2990 1804 3030 civitatem
1825 2987 2054 3040 tyrannide
2069 2987 2222 3028 libera-

1342 3058 1424 3104 ret,
1444 3065 1550 3106 quos
1570 3053 1642 3092 ille
1663 3052 1808 3092 statim
1828 3052 1872 3091 in
1889 3061 2108 3092 carcerem
2121 3060 2223 3090 con-

1333 3115 1574 3168 jicijussit.
1633 3115 1731 3156 Quo
1761 3113 1878 3154 facto
1911 3112 2008 3153 irati
2040 3112 2222 3164 Syracu-

1344 3180 1435 3220 sani
1471 3191 1566 3219 eum
1589 3178 1705 3218 facto
1734 3178 1899 3229 impetu
1918 3175 2024 3216 urbe
2045 3176 2222 3227 expule-

1345 3249 1462 3294 runt,
1478 3243 1565 3295 qui,
1597 3241 1668 3281 ubi
1685 3241 1803 3292 regio
1823 3243 2038 3292 apparatu
2059 3238 2221 3279 Locros

1345 3307 1555 3358 confugit,
1574 3305 1848 3346 Locrensium
1862 3315 2001 3344 arcem
2020 3307 2222 3355 occupat,

1346 3370 1599 3422 solitamque
1648 3368 1727 3408 sibi
1772 3367 1982 3408 saevitiam
2027 3370 2221 3415 exercet,

1346 3434 1545 3485 conjuges
1583 3432 1822 3484 principum
1859 3431 1911 3472 ad
1944 3435 2139 3483 stuprum
2156 3442 2222 3469 ra-

1348 3497 1428 3548 pit,
1461 3496 1627 3549 aliaque
1663 3494 1779 3536 foeda
1810 3494 2057 3535 committit.
2113 3493 2220 3534 Cum
