2346 3996
547 314 808 353 VALERlI
850 312 1094 352 MAX1M1
1136 315 1255 353 [ΑΒ.
1285 315 1375 355 lX·
1415 319 1552 357 CAP.
1582 305 1665 357 ll.

189 435 255 476 nit
290 434 408 474 Fast.
430 443 495 473 vt.
540 432 636 484 lege
665 431 848 482 Livium,
874 431 1067 482 Florum,

186 497 375 538 Festum.
406 496 532 536 Coeer.

243 562 266 612 §
294 563 320 600 2
364 560 456 599 Non
491 563 574 598 tam
598 561 732 609 atrox,
765 556 851 609 1322]
882 556 968 598 Hic
1000 563 1068 598 est

188 622 393 671 Fimbria,
430 621 520 674 qui,
555 622 699 661 occiso
727 621 918 671 Valerio,
946 621 1068 672 cujus

185 686 353 737 legatus
371 684 530 734 fuerat,
549 684 789 724 exercitum
821 684 903 724 sibi
931 684 1067 724 vindi-

186 749 315 789 cavit.
371 748 459 789 Hic
499 754 596 800 post
629 753 812 787 mortem
842 748 894 789 C.
923 747 1067 799 Marii,

185 823 282 853 cum
312 812 358 852 in
384 812 583 864 Syllanos
610 817 741 865 atque
770 812 973 851 Senatum
1000 822 1068 850 su·

185 887 266 928 pra
282 875 454 916 modum
474 876 663 925 saeviret,
686 875 881 927 jusserat
901 875 1069 914 Scaevo·

186 939 270 980 lam
306 939 631 990 integerrimum
669 945 717 979 et
750 938 1068 979 sanctissimum

185 1004 325 1044 virum
361 1003 407 1043 iu
436 1004 485 1045 C.
518 1004 650 1044 Marii
678 1003 843 1044 tumulo
871 1008 1070 1055 tanquam

185 1067 402 1107 victimam
428 1068 633 1120 jugulari.
705 1068 803 1109 Quo
840 1066 893 1106 ad
928 1067 1068 1106 locum

186 1130 335 1182 ducto,
372 1142 470 1171 cum
513 1131 696 1171 ministri
743 1131 872 1170 altius
919 1132 1068 1173 vulnus

185 1205 272 1235 non
298 1194 561 1244 intulissent,
584 1194 655 1234 ille
685 1207 709 1234 a
729 1194 902 1234 vulnere
927 1206 1068 1235 recre-

186 1256 249 1297 ari
267 1257 580 1310 quodammodo
601 1257 844 1298 videbatur.
881 1257 1070 1299 Fimbria

185 1321 266 1380 boc
295 1320 460 1373 audito,
481 1321 596 1374 quod
626 1321 793 1362 scilicet
821 1322 951 1362 letale
980 1324 1068 1361 vul·

186 1397 267 1426 nus
285 1396 370 1425 non
387 1385 650 1436 admisisset,
670 1386 731 1425 illi
751 1386 863 1426 diem
883 1385 994 1426 dixit
1012 1385 1067 1425 ad

185 1451 407 1503 populum.
462 1451 550 1492 Res
587 1450 786 1504 profecto
819 1464 904 1491 non
933 1452 1067 1491 solum

186 1516 399 1568 improba,
433 1516 509 1558 sed
528 1516 658 1558 etiam
685 1517 881 1557 ridicula.
939 1517 1067 1558 Quae-

187 1582 382 1623 rentibus
401 1593 504 1634 ergo
523 1594 578 1622 ex
606 1594 658 1622 eo
677 1582 879 1635 quidnam
907 1580 1068 1633 objice·

186 1650 256 1685 ret
275 1645 366 1685 viro
380 1644 672 1697 integerrimo,
688 1645 844 1685 lentius
865 1644 982 1684 illum
1003 1655 1068 1684 re-

187 1708 362 1760 spondit
399 1709 615 1761 recepisse
654 1709 800 1749 telum.
873 1709 945 1748 De
990 1709 1069 1748 hoc

186 1771 377 1811 Fimbria
393 1771 560 1811 Plinius
591 1771 782 1812 breviter
814 1771 877 1811 sic
904 1770 1067 1810 tradit:

185 1834 198 1856 ‘
214 1833 404 1875 Fimbria
422 1845 448 1874 a
464 1835 583 1887 Sylla
602 1834 808 1886 Pergami
827 1845 1072 1887 oppressus,

186 1902 395 1949 corrupto
428 1887 626 1938 exercitu
675 1899 892 1949 desertus,
932 1903 1071 1938 semet

185 1958 378 2000 occidit!
407 1960 559 2003 Oliner.

243 2021 299 2062 Ut
311 2022 508 2075 Scaevoza]
536 2025 608 2065 De
621 2025 703 2066 hoc
721 2025 919 2066 Scaevola
936 2026 1070 2066 Luca-

185 2098 265 2126 nus
298 2085 373 2126 lib.
407 2098 461 2128 11.
501 2088 590 2128 ‘Te
622 2101 790 2141 quoque
822 2090 1070 2141 neglectum

186 2149 356 2190 violatae
386 2149 580 2192 Scaevola
600 2151 766 2192 dextrae
785 2151 902 2192 Ante
931 2153 1072 2204 ipsum

187 2214 410 2265 penetrale
447 2214 553 2255 Deae
589 2227 846 2268 semperque
878 2217 1071 2256 calentes

186 2279 436 2319 Mactavere
455 2277 603 2320 focos:
647 2291 827 2331 paucum
853 2279 928 2320 sed
957 2280 1072 2320 fessa

187 2348 388 2383 senectus
426 2342 657 2394 Sanguinis
710 2340 863 2382 effudit
901 2343 1073 2395 jugulo,

186 2403 454 2459 flammisque
474 2405 704 2458 pepercit.'
737 2406 891 2446 ozie-er.

239 2469 522 2521 Jugularetw]
551 2468 798 2509 Videndum
829 2481 882 2508 an
902 2468 964 2508 ita
993 2468 1074 2509 eti·

189 2545 258 2574 am
295 2532 410 2585 apud
447 2533 702 2573 Ciceronem
741 2532 800 2572 sit
841 2532 1072 2583 legendum

190 2596 319 2638 Orat.
351 2609 433 2650 pro
468 2597 571 2638 Sex.
600 2596 792 2645 Roscio;
831 2596 933 2635 inde
962 2597 1073 2637 euim

191 2662 381 2714 sumpsit
395 2662 614 2702 Valerius.
645 2663 775 2702 Celer.

245 2725 354 2771 Quid
379 2727 427 2766 de
454 2738 498 2765 eo
524 2737 637 2765 secus
661 2724 840 2765 dicturus
867 2729 984 2776 esset,
1011 2726 1075 2765 cui

183 2800 258 2840 pro
275 2789 488 2829 sanctitate
506 2800 658 2828 'norum
673 2789 775 2828 satis
790 2790 914 2839 digna
940 2789 1074 2829 lauda·

191 2853 250 2892 tio
277 2852 390 2893 reddi
408 2865 484 2892 non
498 2852 650 2904 posset]
678 2853 800 2892 Secus
817 2852 916 2893 istic
937 2865 1014 2904 per
1028 2866 1075 2894 se

187 2916 392 2967 positum,
412 2915 626 2968 significat
658 2915 773 2955 idem
807 2915 920 2968 quod
957 2917 970 2938 ⁴
989 2928 1077 2955 non

188 2979 344 3031 recte,'
375 2992 431 3020 ex
464 2981 642 3031 vulgata
678 2980 841 3032 quippe
891 2980 1075 3032 antiquis

189 3041 403 3083 formula:
449 3043 624 3084 ‘Recte
658 3055 709 3083 ac
744 3043 896 3082 secus?
923 3043 1077 3083 Cicero

188 3105 437 3146 Pisoniana.
491 3105 647 3159 Itaque
665 3117 835 3157 semper
854 3106 975 3145 malae
992 3106 1076 3157 sig-

190 3167 451 3210 nificationis
471 3174 555 3220 est,
581 3168 617 3209 si
638 3169 739 3209 boni
763 3168 866 3222 quid
886 3181 1077 3221 oppona-

193 3237 281 3282 tur,
297 3237 344 3273 et
365 3245 389 3273 e
406 3238 575 3273 contra.
602 3232 727 3282 Pigh.

246 3295 434 3347 Parcius]
461 3296 561 3336 Non
581 3296 684 3336 satis
704 3295 933 3348 profunde.

247 3358 325 3408 §8
370 3358 422 3399 L.
448 3371 536 3399 vero
585 3359 782 3410 Catilina]
823 3359 1078 3401 Sallustius:

197 3422 247 3461 L.
265 3419 463 3473 Catilina,
483 3422 640 3475 inquit,
667 3422 680 3444 ‘
701 3422 799 3473 lege
819 3422 996 3462 Plautia
1016 3422 1078 3460 in.

199 3489 443 3535 tei-rogatus
468 3491 564 3525 erat
588 3497 615 3525 a
639 3486 690 3526 L.
711 3486 882 3526 Paullo.
912 3491 1079 3536 postre-

196 3559 283 3600 mo,
301 3546 598 3590 dissimulandi
618 3561 765 3601 causa,
797 3554 843 3590 et
863 3549 987 3604 qnasi
1016 3549 1081 3589 sui

1868 307 2009 360 1359

1130 437 1412 487 expurgandi,
1427 436 1543 477 sicut
1549 437 1695 490 jurgio
1709 438 1934 479 lacessitus
1948 439 2008 479 fo·

1129 504 1212 548 ret,
1229 498 1271 536 in
1291 506 1486 540 senatum
1508 501 1639 542 venit.
1660 506 1750 541 tum
1765 502 1829 541 M.
1847 502 2010 542 Tullius

1129 562 1291 612 consul,
1310 562 1402 603 sive
1431 565 1583 604 timens
1614 565 1904 616 praesentiam,
1921 566 2012 605 sive

1129 630 1362 665 commotus
1392 626 1468 677 ira,
1499 628 1737 668 orationem
1771 628 1923 669 habuit
1950 630 2012 668 lu-

1129 687 1346 727 culentam
1380 695 1508 741 atque
1543 691 1692 730 utilem
1732 690 1844 742 reip.
1882 703 2010 743 quam

1129 757 1282 803 postea
1300 752 1438 793 edidit
1455 756 1673 807 scriptam.
1732 755 1831 806 Sed,
1847 755 1919 795 ubi
1940 756 2013 795 ille

1130 815 1306 868 assedit,
1327 817 1527 865 Catilina,
1560 825 1608 860 ut
1635 826 1728 860 erat
1763 825 1935 871 paratus
1955 819 2011 859 ad

1131 879 1434 921 dissimulanda
1464 883 1622 933 omnia,
1657 884 1840 924 demisso
1874 885 2011 935 vultu,

1132 956 1236 984 voce
1277 944 1460 996 supplici
1501 948 1717 997 postulare
1756 960 1782 987 a
1810 948 2013 988 Patribus

1132 1008 1284 1060 coepit,
1310 1021 1363 1048 ne
1391 1009 1492 1062 quid
1522 1010 1576 1049 de
1596 1023 1641 1050 se
1672 1018 1835 1050 temere
1865 1011 2013 1052 crede-

1132 1077 1230 1112 rent
1252 1085 1261 1110 :
1294 1083 1346 1111 ea
1367 1084 1413 1111 se
1441 1071 1604 1112 familia
1631 1080 1787 1125 ortum,
1806 1075 1866 1114 ita
1893 1085 1938 1112 se
1958 1074 2013 1113 ab

1131 1134 1429 1175 adolescentia
1465 1135 1639 1176 dicebat
1678 1137 1808 1177 vitam
1844 1137 2014 1177 {nstitu-

1130 1198 1232 1250 isse,
1254 1205 1303 1238 ut
1323 1199 1466 1239 omnia
1493 1199 1604 1240 bona
1635 1200 1678 1238 iu
1707 1212 1783 1251 spe
1808 1198 2011 1240 haberet:

1131 1272 1210 1300 nec
1247 1260 1546 1302 existimarent
1580 1262 1661 1301 sibi
1700 1262 1883 1313 patricio
1911 1262 2018 1312 viro,

1130 1324 1253 1375 cnjus
1281 1324 1416 1375 ipsius
1443 1330 1573 1377 atque
1604 1325 1810 1377 majorum
1832 1325 2017 1377 plurima

1131 1386 1343 1428 beneficia
1380 1389 1422 1428 in
1451 1388 1621 1440 plebem
1653 1394 1813 1440 essent,
1847 1389 2018 1442 perdita

1131 1462 1227 1503 rep.
1254 1463 1362 1503 opus
1382 1463 1492 1501 esse,
1506 1465 1600 1493 curu
1621 1464 1714 1491 eam
1737 1458 1931 1492 servaret
1951 1451 2016 1490 M.

1131 1513 1294 1553 Tullius
1313 1514 1546 1566 inquilinus
1576 1515 1682 1555 civis
1711 1515 1825 1555 urbis
1853 1515 2016 1555 Romae.

1131 1576 1201 1617 Ad
1221 1577 1315 1618 haec
1336 1578 1571 1619 maledicta
1599 1579 1682 1619 alia
1701 1591 1796 1619 cum
1819 1578 2018 1629 adderet,

1132 1641 1388 1694 obstrepere
1409 1654 1573 1693 omnes,
1589 1643 1755 1682 hostem
1777 1648 1821 1681 et
1839 1642 2018 1694 parrici-

1133 1705 1230 1746 dam
1270 1718 1435 1746 vocare.
1502 1707 1611 1746 Tum
1651 1706 1724 1745 ille
1762 1705 2018 1746 furibundus

1133 1769 1288 1821 inquit,
1322 1769 1682 1822 Quandoquidem
1729 1782 1807 1820 ego
1838 1768 2021 1808 circum·

1136 1838 1304 1884 ventus,
1323 1832 1377 1872 ab
1396 1832 1580 1872 inimicis
1603 1844 1797 1884 praeceps
1817 1843 1938 1884 agor,
1956 1831 2021 1870 in-

1134 1894 1332 1935 cendium
1367 1906 1509 1935 meum
1545 1894 1666 1934 ruina
1705 1901 1849 1934 vestra
1882 1894 2022 1934 extin-

1134 1970 1294 2010 guam3
1341 1957 1499 1997 deinde
1531 1970 1577 1997 se
1614 1971 1668 1998 ex
1701 1958 1820 1998 curia
1849 1957 2020 1997 domum

1134 2020 1384 2074 proripuit!
1416 2021 1566 2062 Olicer.

1193 2086 1318 2131 Quem
1347 2085 1444 2135 quid
1475 2084 1584 2124 aliud
1603 2085 1883 2135 existimemus,
1907 2095 2024 2135 quam

1135 2150 1383 2190 conscientioe
1401 2150 1573 2189 stimulis
1589 2154 1733 2200 actum,
1747 2148 2022 2189 simulachrum

1135 2226 1159 2252 a
1191 2225 1233 2253 se
1265 2213 1439 2253 inchoati
1468 2213 1679 2264 parricidii
1704 2211 1920 2264 peregisse]
1953 2213 2023 2251 Ita

1137 2277 1280 2327 vulgo.
1352 2277 1492 2316 Locus
1531 2277 1790 2328 glossemate
1837 2275 2024 2327 turpiter

1135 2345 1467 2391 conspurcatus.
1520 2339 1666 2379 Actum
1694 2338 1868 2378 inchoati
1892 2338 2023 2389 parri-

1135 2402 1250 2453 cidii,
1264 2402 1372 2442 dixit
1384 2403 1610 2453 eleganter
1623 2401 1840 2452 Valerius,
1859 2412 1883 2440 e
1900 2398 2021 2439 fabu-

1135 2466 1187 2506 lis
1219 2465 1501 2513 theatralibus
1529 2470 1700 2516 sumpta
1733 2462 2026 2512 translatione,

1136 2535 1186 2568 ut
1202 2529 1357 2569 Cicero
1387 2528 1573 2568 Verrina
1606 2539 1677 2567 111.
1707 2529 1718 2550 ‘
1741 2526 1897 2579 Itaque
1935 2525 2023 2577 pri—

1136 2606 1250 2633 mum
1268 2594 1389 2633 illum
1409 2598 1553 2632 actum
1572 2591 1696 2631 istius
1731 2590 1831 2629 vitae
1868 2589 2024 2639 turpis-

1136 2659 1290 2700 simum
1338 2654 1703 2711 praetermittam.’
1786 2654 1841 2694 Et
1889 2653 1988 2693 alibi
2011 2666 2023 2691 :

1137 2723 1372 2765 ‘Quartum
1401 2728 1545 2761 actum
1573 2718 1859 2772 improbitatis
1896 2723 2026 2757 vocat

1137 2795 1369 2842 praeturam
1399 2788 1552 2828 Verris
1577 2786 1858 2834 Siciliensem,
1879 2783 1921 2824 in
1942 2795 2027 2834 qua

1138 2853 1331 2904 graviter
1350 2863 1574 2904 personam
1595 2860 1764 2902 quoque
1783 2859 1902 2887 suam
1928 2857 2025 2895 ege-

1138 2916 1209 2968 rit,
1229 2928 1315 2955 non
1334 2927 1454 2956 secus
1470 2927 1520 2954 ac
1537 2914 1720 2966 primum
1735 2912 1777 2951 in
1792 2916 2029 2964 quaestura‚

1140 2981 1374 3021 secundum
1390 2981 1432 3020 in
1451 2979 1683 3031 legatione,
1705 2982 1757 3016 'et
1778 2976 1954 3016 tertium
1982 2974 2026 3012 iu

1140 3044 1364 3097 praetura!
1419 3043 1584 3084 Eodem
1618 3040 1743 3081 modo
1775 3051 1901 3092 quam
1933 3038 2027 3089 pul-

1141 3108 1347 3148 cherrime
1372 3106 1572 3147 Valerius
1606 3104 1834 3146 Catilinam
1865 3101 2030 3142 consci-

1143 3169 1271 3209 entiae
1303 3169 1504 3220 stimulis,
1531 3174 1674 3208 actum
1710 3164 1898 3206 inchoati
1926 3176 1951 3202 a
1978 3173 2025 3201 se

1143 3232 1364 3285 parricidii
1393 3231 1612 3285 peregisse
1643 3230 1765 3270 dicit.
1819 3226 2026 3269 Quamvis

1142 3296 1254 3336 enim
1293 3307 1376 3335 non
1416 3296 1575 3346 reipsa,
1617 3295 1838 3332 voluntate
1882 3295 2027 3329 tamen

1143 3365 1395 3410 conceptam
1418 3371 1443 3399 a
1462 3370 1506 3397 se
1528 3354 1780 3406 tragoediam
1816 3362 2026 3403 peragere

1141 3434 1228 3461 non
1257 3422 1442 3462 destitit.
1498 3416 1836 3468 Glossographus
1875 3414 2028 3464 aliquis

1141 3485 1282 3524 locum
1335 3481 1613 3534 interpretari
1651 3479 1814 3525 volens,
1846 3475 2024 3525 scripsit

1141 3554 1287 3600 actum,
1330 3549 1372 3588 id
1410 3554 1493 3598 est,
1530 3542 1816 3585 simulachrum.
1886 3539 2027 3580 Quam
