2346 3996
832 290 1097 331 vAnERu
1139 291 1404 332 MAxlm.
1886 280 2029 336 1401

276 419 405 470 1665
439 414 617 468 Valerii
646 414 851 465 Maximi
873 414 1118 465 dictorum
1140 415 1478 482 factorumque
1503 414 1881 465 memorabilium
1919 418 2031 468 libri

204 514 289 551 lx.
314 516 425 550 cum
450 499 501 548 J.
527 497 675 563 Lipsii
697 496 841 557 notis),
866 505 918 547 et
952 496 1117 547 indice
1152 497 1414 548 uberrimo.
1485 495 1859 558 Amstelodami‚
1895 499 2028 564 apud

198 583 349 634 Joan.
367 578 698 631 Janssonium.
718 581 802 628 24.

270 663 399 711 1670
435 660 544 710 Val.
570 661 709 709 Max.
745 675 859 709 cum
897 657 1093 709 selectis
1125 673 1253 707 varr.
1281 657 1725 718 observationibus,
1747 665 1797 707 et
1818 675 1882 708 ex
1904 673 2030 708 nova

196 742 477 793 recensione
499 743 618 791 Aut.
642 740 831 807 Thysii.
857 739 1083 806 Lugduni
1105 739 1212 789 Bat.
1234 755 1296 788 ex
1320 738 1513 789 officina
1533 739 1801 789 Hackiana.
1827 741 1876 788 8.

268 823 393 872 1671
430 838 492 871 ex
517 839 687 872 museo
711 823 776 872 Is.
801 821 1024 871 Pontani.
1055 821 1131 870 16.
1157 818 1530 879 Amstelodami‚
1554 835 1637 885 ap.
1670 818 1876 869 Elzevir.

266 930 334 939 —
365 918 481 954 cum
502 902 631 952 notis
652 903 733 955 Jo.
760 901 979 953 Miueliii.
1006 899 1339 951 Boterodami.
1365 900 1412 948 8.

521 1088 710 1138 AETAS
749 1087 835 1137 IV.
908 1086 1706 1138 voRsTlo-TORRENIANA.

820 1168 1412 1218 1672.-17·26.--1799.

267 1303 396 1353 1672
432 1302 651 1353 Valerius
693 1302 941 1352 Maximus
981 1319 1096 1353 cum
1128 1302 1258 1352 notis
1300 1301 1549 1366 perpetuis
1583 1302 1663 1351 Jo.
1696 1299 1896 1350 Vorstii.
1936 1301 2030 1349 Be-

193 1383 356 1444 rolini,
380 1400 441 1433 ex
464 1382 660 1433 officina
684 1383 955 1448 Rungiana,
982 1383 1210 1448 impensis
1238 1383 1352 1439 Ern.
1380 1383 1566 1431 Goblii.
1598 1383 1842 1431 8.--Haec
1876 1380 2035 1430 editio.

192 1465 257 1514 ad
282 1463 511 1514 Aldinam
535 1471 588 1514 et
625 1464 766 1514 binos
805 1465 1015 1515 Codices
1050 1465 1175 1515 bibl.
1211 1465 1424 1514 Elector.
1463 1463 1742 1514 Brandenb.
1771 1462 2030 1527 castigata,

195 1544 427 1614 notisque
450 1543 656 1595 eruditis
681 1545 922 1596 illustrata
945 1555 1037 1596 est.

266 1626 394 1675 1678
431 1627 732 1693 Antverpiae.
754 1630 837 1676 24.

266 1707 395 1756 1679
429 1707 807 1758 Amstelodami.
840 1710 918 1757 12.

258 1814 328 1823 —
359 1787 408 1836 in
434 1804 576 1839 usum
603 1789 835 1854 Delphini
871 1789 1139 1838 illustratus
1182 1805 1213 1837 a
1250 1789 1380 1838 Petr.
1413 1788 1518 1837 JOS.
1543 1785 1785 1836 Cautelio.
1809 1783 2026 1834 Parisiis.

191 1868 242 1915 4.
254 1867 488 1917 -Editor
509 1872 691 1934 praeter
713 1869 807 1918 alia
842 1869 1041 1935 singulis
1074 1868 1427 1918 narrationibus
1453 1866 1686 1933 temporis
1712 1881 1913 1931 quoque
1936 1881 2029 1913 no·-

191 1946 442 2007 tationem‚
469 1965 569 2013 quo
593 1948 787 2013 singula
809 1957 950 2013 gesta
971 1959 1102 2009 sunt,
1127 1949 1297 2015 Pighio
1322 1956 1571 2013 praeeunte
1590 1947 1791 2013 adjecit.

263 2029 387 2078 1681
427 2028 760 2080 Roterodami.
790 2030 868 2078 12.
888 2046 1000 2079 cum
1027 2030 1153 2079 notis
1174 2031 1254 2081 Jo.
1282 2028 1507 2078 Minellii.

265 2109 395 2157 1690
430 2109 800 2159 Amstelodami.
825 2111 910 2159 24.

262 2189 391 2237 1700
427 2189 668 2254 Lugduni.
694 2193 742 2239 8.
769 2207 882 2239 cum
905 2190 1124 2240 versione
1149 2190 1364 2240 Gallica.
1390 2191 1422 2237 2
1450 2188 1563 2238 voll.

262 2269 392 2318 1703
429 2268 645 2320 Hafniae.
672 2273 721 2319 8.
745 2286 860 2320 cum
885 2272 1014 2320 notis
1038 2273 1118 2325 Jo.
1145 2271 1366 2321 Minellii.

263 2349 394 2398 1722
429 2349 604 2399 Valerii
626 2350 831 2400 Maximi
854 2350 1095 2400 dictorum
1123 2351 1465 2415 factorumque
1491 2348 1878 2399 memorabilium
1904 2347 2023 2399 olim

188 2428 365 2489 obiter,
389 2436 440 2480 et
461 2431 668 2480 strictim
693 2432 915 2482 versibus
939 2432 1272 2497 expositorum
1297 2432 1402 2481 libri
1424 2446 1505 2482 lx.
1526 2432 1671 2495 Opus
1689 2430 2024 2496 posthumum,

189 2525 251 2558 ex
291 2509 476 2560 umbris
516 2511 565 2560 in
602 2512 763 2563 lucem
795 2514 998 2564 solerter
1023 2514 1351 2571 vindicamnu
1401 2511 1743 2577 juvandaeque
1786 2510 2022 2574 tantisper

192 2589 428 2640 claritatis
451 2591 622 2657 gratia,
647 2593 859 2658 amplius
895 2593 1102 2642 dimidio
1127 2609 1354 2642 versuum
1379 2608 1582 2642 numero
1608 2592 1813 2656 sparsim
1837 2589 2028 2639 adauc-

190 2676 327 2720 tum:
361 2687 453 2722 nec
475 2689 572 2722 non
596 2674 657 2723 ad
678 2674 862 2724 calcem
882 2675 1123 2740 cujusque
1137 2675 1248 2724 libri
1274 2673 1491 2723 indiculo
1513 2672 1817 2722 instructum.
1854 2672 2025 2736 Opera

187 2759 239 2800 et
274 2751 436 2801 studio
473 2754 673 2803 Martini
715 2771 744 2804 a
784 2756 835 2807 S.
877 2757 1104 2805 Brunoue
1140 2753 1706 2805 Austriaco-Vienuensis
1745 2752 2023 2801 scholarum

189 2831 379 2897 piarum
418 2835 706 2900 presbyteri.
755 2836 996 2897 Rastadii,
1037 2837 1165 2903 typis
1200 2838 1387 2901 Georg.
1431 2837 1606 2885 Franc.
1644 2832 1866 2884 Tuschii.
1907 2840 2024 2883 8.-

191 2911 324 2965 Olim
361 2914 416 2962 P.
442 2914 556 2963 Car.
580 2930 611 2964 a
648 2917 702 2966 S.
728 2917 1036 2977 wenceslao,
1063 2914 1722 2975 Boemo-LithomissliensiS,
1745 2914 1796 2962 in
1819 2912 2021 2962 modum

190 2991 609 3057 Epigrammatum
648 3012 786 3045 versa
831 2997 1054 3047 oratione
1094 2998 1302 3047 strictim
1348 2987 1715 3062 transposuerat
1758 2993 2022 3044 Valerium·

190 3072 306 3128 Quo
344 3090 372 3122 e
398 3073 516 3123 vivis
557 3075 843 3138 excedente,
880 3094 1006 3142 opus
1048 3079 1363 3143 posthumum
1399 3076 1606 3126 dimidio
1643 3074 1854 3139 amplius
1886 3072 2022 3122 auxit

189 3153 430 3203 Martinus
456 3170 488 3204 a
512 3157 759 3216 Brunone,
785 3166 834 3207 et
870 3159 1018 3223 jussu
1050 3160 1371 3224 Superiorum
1393 3157 1570 3208 edidit.
1623 3154 1822 3205 Brevior
1845 3152 2017 3202 titulus

187 3241 293 3287 est:
329 3241 345 3263 ‘
366 3236 586 3287 Valerius
609 3237 853 3288 Max-imus
878 3241 1401 3291 Carolo-Marlinianus
1423 3237 1682 3288 carminice
1706 3233 1885 3283 datus.'

262 3316 391 3365 1726
427 3317 605 3366 Valerii
632 3319 839 3368 Maximi
873 3319 983 3369 libri
1007 3337 1176 3370 novem
1201 3320 1440 3370 factorum
1465 3319 1806 3379 dictorumque
1831 3328 2018 3363 memo·

189 3393 411 3443 rabilium
432 3411 446 3444 ς
481 3414 595 3446 cum
634 3398 761 3448 notis
787 3400 990 3462 integris
1015 3400 1164 3449 Henr.
1190 3401 1343 3451 Lorit.
1367 3398 1617 3456 Glareani,
1643 3395 1812 3459 Steph.
1838 3392 2015 3458 Pighii,

190 3473 317 3523 Justi
353 3474 520 3541 Lipsii‚
556 3479 838 3545 Christoph.
863 3481 1041 3541 Coleri,
1081 3489 1130 3530 et
1175 3483 1290 3532 Joh.
1318 3479 1514 3539 Vorstii,
1549 3494 1640 3526 nec
1680 3492 1776 3525 non
1815 3473 2013 3524 selectis
