2320 4004
562 300 817 341 VALERn
860 298 1103 339 ΜΑΧΙΜῙ
1147 299 1380 340 Llss.1V.
1421 287 1632 339 mea

191 423 395 466 tentavit:
417 422 601 462 nondum
624 421 694 461 lex
712 420 857 472 Oppia
877 419 930 459 ad
948 419 1066 459 coiit-

191 487 368 527 cendam
380 485 587 526 luxuriam
602 483 850 527 muliebrem
863 483 951 522 lata
963 487 1070 531 erat,

191 556 334 590 tamen
363 548 481 588 nulla
510 546 715 600 accepit.5
774 546 1071 596 Tarentinaeque

183 611 430 664 petulantioe]
457 611 801 659 Tarentinorum,
817 610 888 663 qui
906 621 981 661 per
997 621 1070 661 pe-

186 676 410 716 tulantiam
431 675 715 714 Romanorum
737 673 778 712 in
793 685 838 713 se
860 684 978 712 arma
998 684 1070 712 ex-

188 737 388 778 citarant.

243 801 294 840 In
322 801 394 840 illa
422 812 566 851 quoque
593 799 782 850 procella]
810 798 920 839 Haec
941 798 1071 838 histo·

188 865 256 904 ria.
283 865 413 904 Marii
446 869 491 904 et
520 864 668 904 Cinnae
695 876 824 916 supra
843 863 885 902 in
906 875 999 914 cap.
1019 861 1072 901 de

189 929 406 982 Prodigiis
425 934 630 969 annotata
645 934 728 978 est,
742 933 786 967 et
799 927 842 966 in
859 927 953 966 aliis
968 925 1074 966 locis

189 993 421 1046 separatim
458 1004 625 1045 quoque
656 991 891 1041 descripta,
917 989 988 1029 ubi
1019 988 1074 1028 de

189 1058 398 1096 alterutro
444 1055 635 1107 ipsorum
695 1052 923 1092 dicendum
977 1049 1073 1093 fuit.

190 1122 318 1163 Quod
350 1132 449 1161 vero
484 1119 538 1159 ad
569 1119 680 1158 hunc
710 1117 848 1158 locum
871 1116 1075 1168 pertinet,

187 1183 294 1224 illud
309 1184 413 1224 satis
430 1182 513 1223 erit
527 1181 827 1234 dixisse,quod
845 1180 944 1220 dum
960 1180 1076 1232 Sylla

189 1247 303 1287 bello
339 1245 625 1286 Macedonico
670 1250 784 1284 esset
820 1249 1074 1295 occupatus,

189 1310 356 1351 Man-ius
374 1315 420 1350 et
439 1309 574 1350 Cinna
593 1321 690 1349 cum
711 1308 795 1348 suis
815 1306 1074 1347 exercitibus

191 1373 245 1414 ad
264 1374 411 1415 urbem
432 1377 735 1425 properarunt,
749 1376 793 1412 et
807 1371 944 1423 primo
964 1370 1075 1409 Hos-

192 1437 313 1487 tiam,
348 1435 509 1476 deinde
547 1434 807 1484 saniculam,
859 1438 1076 1483 postremo

191 1499 357 1539 Urbem
391 1500 525 1551 ipsam
562 1503 786 1549 ceperunt,
820 1501 865 1535 et
898 1496 941 1535 in
961 1496 1077 1536 cives

192 1562 424 1603 miserabili
453 1561 573 1602 caede
605 1560 805 1612 grassati,
831 1559 1009 1611 insuper
1035 1571 1077 1599 e-

193 1627 299 1667 tiam
319 1632 582 1678 potestatem
615 1624 731 1676 plebi
764 1623 963 1664 fecerunt
982 1622 1080 1662 diri-

192 1689 341 1741 piendi
393 1689 508 1729 bona
552 1688 887 1740 proscriptorum
908 1701 919 1736 3
960 1686 1079 1740 (nam

189 1755 347 1795 multos
364 1752 589 1806 tyrannice
603 1752 945 1804 proscripserant
957 1751 991 1805 z)
1010 1763 1081 1792 ve-

191 1830 286 1858 rum
306 1823 424 1858 tanta
455 1816 541 1857 fuit
569 1829 668 1869 pop.
702 1817 824 1856 Rom.
853 1815 1077 1864 modestia,

191 1887 242 1922 ut
275 1883 406 1933 nulla,
438 1879 756 1934 quantumlibet
789 1891 962 1931 magna,
1000 1891 1078 1930 spe

191 1946 298 1986 lucri
334 1945 488 1987 adduci
529 1943 735 1997 potuerit,
768 1947 818 1982 ut
855 1943 1075 1995 quisquam

191 2021 238 2049 se
275 2014 362 2049 tam
389 2007 556 2048 nefaria
583 2007 733 2059 praeda
762 2006 1077 2059 coinquinaret·

193 2074 354 2126 Magna
369 2073 502 2126 igitur
519 2071 601 2113 fuit
612 2070 750 2124 plebis
764 2070 968 2110 Romanae
980 2082 1076 2110 con-

193 2138 390 2179 tinentia.
419 2131 528 2178 oliv.

245 2199 582 2254 Proscriptorum]
602 2199 852 2238 Prosci-ibere
866 2198 980 2239 idem
996 2204 1080 2251 est,

195 2267 327 2316 atque
346 2263 518 2315 publice
537 2261 626 2302 fixo
641 2261 789 2302 libello
809 2261 970 2314 aliquid
988 2261 1076 2302 edi-

193 2338 294 2367 cere
323 2331 369 2366 et
397 2325 655 2365 denunciare
685 2324 715 2365 l.
735 2336 788 2364 11.
819 2325 856 2376 ξ.
878 2327 916 2364 1.
942 2324 987 2365 ff.
1021 2325 1074 2366 de

195 2389 343 2434 Iustit.
364 2395 449 2429 act.
469 2390 495 2429 1.
515 2393 555 2429 4.
583 2390 632 2429 C.
650 2389 706 2428 de
732 2388 930 2430 distract.
960 2389 1075 2442 pign.

194 2450 311 2492 Hinc
343 2451 550 2504 proscribi
581 2451 696 2492 bona
732 2451 948 2503 dicuntur,
979 2465 1076 2493 cnm

193 2515 291 2557 fixis
317 2516 490 2570 publice
519 2515 692 2567 libellis,
708 2515 901 2556 venditio
929 2529 1074 2558 eorum

193 2575 400 2620 bonorum
420 2579 463 2618 in
492 2579 605 2618 diem
637 2584 800 2619 certam
829 2579 1012 2620 edicitur
1030 2587 1076 2622 et

193 2641 485 2694 significatur:
514 2643 614 2682 hinc
639 2642 865 2695 proscripti,
894 2656 1075 2696 quorum

192 2706 363 2746 nomina
394 2706 538 2758 palam
573 2706 618 2745 in
648 2705 742 2746 foro
772 2707 936 2758 scripta
954 2713 1074 2748 exta-

190 2767 312 2820 bant,
328 2774 378 2809 ut
391 2768 446 2808 ad
469 2779 619 2808 necem
639 2774 949 2821 quaererentur,
969 2783 1076 2822 prae-

189 2834 278 2874 mio
297 2833 555 2886 percussori,
575 2841 621 2873 et
655 2834 866 2885 supplicio
886 2836 1074 2876 occulta-

191 2896 278 2936 tori
295 2896 530 2949 proposito.
588 2895 704 2935 Hinc
726 2909 751 2935 a
770 2896 966 2937 Cornelio
980 2898 1076 2951 Syl·

193 2959 255 3009 la,
281 2959 372 2998 Lex
402 2958 617 3009 Cornelia,
650 2958 827 3011 dicitur,
853 2973 950 3013 quae
981 2974 1077 3014 pro·

198 3021 407 3073 scriptum
436 3022 582 3074 juvari
610 3023 802 3072 vetabat,
825 3025 998 3066 Verrin.
1037 3031 1076 3067 3.

193 3096 267 3124 seu
301 3084 446 3136 potius
475 3085 666 3136 Valeria,
693 3092 742 3126 ut
772 3087 816 3126 in
845 3087 990 3130 libello
1016 3091 1074 3131 le-

191 3158 291 3197 gum
310 3147 597 3190 Romanarum
612 3147 743 3189 docet
759 3149 1074 3195 Hotomannus.

196 3209 312 3251 Hinc
337 3216 383 3250 et
404 3209 542 3253 Rubr.
561 3210 611 3253 C.
630 3210 684 3251 de
705 3212 815 3256 Bon.
835 3213 1073 3268 Proscript.

198 3284 272 3312 seu
290 3273 479 3314 damnat.
882 3326 885 3327 ⁷

250 3337 363 3378 Exr.
393 3339 416 3389 ᾧ
445 3341 468 3377 1
496 3338 556 3378 Ac
567 3350 614 3378 ne
641 3338 806 3387 ejusdem
831 3340 957 3381 laudis
972 3356 1073 3384 com-

197 3400 524 3452 memorationem]
553 3403 624 3442 De
655 3402 735 3442 hoc
755 3402 845 3445 viro
873 3404 988 3445 infra
1016 3407 1076 3447 di-

200 3464 322 3500 cetur
352 3462 426 3503 lib.
457 3475 495 3504 v.
524 3475 621 3516 cap.
653 3466 733 3505 ult.
765 3466 839 3507 ubi
871 3467 924 3509 de
959 3469 1073 3512 illius

202 3521 328 3566 animi
347 3522 597 3570 fortitudine
617 3527 842 3571 dicendum
862 3533 960 3575 erit.
994 3534 1074 3577 La-

1870 286 2011 340 1145

1130 420 1379 460 cedaemonii
1401 427 1446 461 et
1478 420 1764 460 Athenienses
1797 419 1941 459 multis
1969 431 2013 459 se

1128 482 1310 522 invicem
1347 483 1541 523 cladibus
1580 481 1797 531 afflixere;
1843 482 2014 522 demum

1131 557 1226 585 cum
1245 551 1343 596 post
1360 549 1510 586 navale
1527 546 1718 597 praelium
1735 557 1856 598 aequo
1870 545 2017 584 Marte

1131 608 1342 660 utrimque
1379 609 1613 650 discessum
1652 615 1785 658 esset,
1814 608 2018 648 Lacedae-

1130 671 1261 711 monii
1282 672 1335 710 ad
1366 674 1679 713 Messeniorum
1713 672 1872 712 bellum
1900 683 2022 722 revo-

1132 739 1284 774 cantur
1302 746 1312 782 ;
1345 735 1419 774 sed
1440 747 1491 774 ne
1512 736 1680 776 interea
1710 735 1891 776 otiosum
1909 739 2019 774 tem-

1134 810 1229 849 pus,
1258 810 1340 849 quo
1362 797 1472 837 vires
1501 804 1767 850 repararent,
1783 798 2017 839 Athenien—

1134 860 1249 900 sibus
1280 861 1593 912 relinquerent,
1613 861 1891 913 paciscuntur
1923 873 2020 901 cum

1134 924 1365 975 Thebanis,
1377 925 1637 964 Boeotiorum
1651 925 1894 977 imperium,
1904 923 2021 977 quod

1137 993 1331 1039 tempore
1378 987 1545 1027 Persici
1592 987 1696 1027 belli
1731 987 2021 1028 Athenienses

1136 1054 1470 1101 occupaverant,
1490 1049 1554 1089 his
1572 1051 1873 1102 restituerunt,
1892 1056 1941 1090 ut
1961 1050 2022 1090 illi

1136 1113 1469 1154 Atheniensium
1482 1113 1596 1153 belia
1610 1115 1894 1165 susciperent.
1912 1114 2023 1153 Tan-

1138 1181 1207 1216 tus
1234 1174 1356 1216 furor
1377 1176 1688 1228 Spartanorum
1721 1174 1823 1226 fuit,
1843 1182 1890 1215 ut
1920 1175 2022 1215 duo-

1138 1240 1216 1281 bus
1235 1240 1357 1281 bellis
1375 1240 1590 1293 impliciti,
1607 1241 1826 1293 suscipere
1846 1242 2023 1281 tertium

1137 1316 1222 1344 non
1268 1311 1532 1356 recusarent,
1569 1305 1798 1351 dummodo
1843 1304 2025 1349 inimicis

1139 1369 1225 1408 suis
1244 1355 1388 1408 hostes
1407 1369 1693 1420 acquirerent.
1734 1368 1872 1420 Igitur
1890 1367 2025 1408 Athe-

1140 1431 1307 1471 nienses
1347 1431 1553 1472 adversus
1589 1436 1753 1471 tantam
1791 1437 2025 1484 tempesta-

1140 1501 1227 1536 tem
1248 1496 1349 1536 belli
1371 1496 1476 1536 dnos
1505 1497 1638 1536 duces
1672 1496 1884 1548 deligunt,
1904 1496 2025 1537 Peri·

1140 1561 1251 1608 clem
1277 1566 1486 1612 spectatae
1514 1560 1685 1600 virtutis
1703 1561 1857 1610 virum,
1876 1566 1921 1600 et
1948 1560 2024 1601 So-

1141 1624 1336 1675 phoclem
1380 1623 1702 1674 Tragoediarum
1754 1623 2028 1675 scriptorem,

1142 1690 1215 1741 qui
1249 1689 1419 1729 diverso
1458 1689 1671 1739 exercitu,
1708 1694 1753 1729 et
1799 1689 2028 1741 Spartano-

1140 1765 1233 1792 rum
1277 1764 1399 1804 agros
1447 1757 1742 1804 vastaverunt,
1779 1757 1825 1793 et
1869 1754 2026 1793 multas

1142 1814 1315 1855 Achaiae
1355 1816 1556 1856 civitates
1589 1814 1916 1856 Atheniensium
1953 1817 2029 1855 im·

1140 1879 1263 1931 perio
1290 1879 1576 1931 subjecerunt.
1631 1880 1732 1920 Fuit
1763 1887 1907 1920 autem
1941 1881 2027 1920 Pe-

1140 1943 1267 1984 ricles
1296 1946 1499 1996 princeps
1518 1944 1815 1997 Atheniensis,
1834 1945 2030 1986 Philoso-

1140 2006 1247 2059 phus
1292 2008 1494 2060 inclytus,
1542 2015 1588 2048 et
1634 2008 1797 2049 Orator
1837 2009 2029 2062 insignis,

1139 2076 1268 2122 atque
1302 2070 1575 2123 Anaxagorae
1609 2071 1859 2124 discipulus,
1896 2073 2029 2112 rexit-

1138 2145 1223 2185 que
1249 2134 1563 2185 rempublicam
1579 2133 1905 2175 Atheniensium
1927 2148 2028 2188 qua-

1139 2198 1339 2251 draginta
1359 2199 1482 2239 annis
1510 2200 1617 2240 mira
1645 2202 1886 2252 prudentia.
1944 2202 2028 2241 Oli-

1138 2273 1282 2301 verius.

1193 2327 1367 2366 Proetori
1393 2340 1468 2366 non
1485 2328 1626 2380 solum]
1654 2327 1711 2368 512
1729 2328 1944 2380 Σοφόκλες,
1966 2329 2029 2368 ait

1139 2389 1336 2442 Graecus,
1354 2390 1423 2431 τὸν
1441 2391 1620 2445 σώφρονα
1644 2395 1868 2446 στρατηγὸν
1885 2396 1930 2435 οὐ
1961 2395 2028 2445 μό-

1139 2467 1203 2493 νον
1219 2454 1291 2494 τὰς
1314 2456 1465 2507 χεῖρας,
1485 2456 1595 2496 ἀλλὰ
1628 2457 1693 2498 καὶ
1719 2457 1794 2506 τὴν
1812 2458 1899 2510 ὄψιν
1922 2457 2029 2509 ἔχειν

1136 2517 1227 2570 παρ’
1254 2519 1377 2569 ἑαυτῷ
1402 2521 1474 2560 δεῖ.
1530 2521 1678 2562 Vertit
1712 2522 1865 2563 Cicero
1897 2522 2026 2564 Offic.

1137 2580 1214 2620 lib.
1240 2593 1271 2622 1.
1327 2582 1386 2622 At
1418 2583 1523 2623 enim
1550 2584 1791 2637 Praetorem,
1810 2584 2029 2638 Sophocles,

1138 2645 1246 2685 decet
1271 2658 1348 2685 non
1367 2647 1489 2685 solum
1515 2659 1670 2700 manus,
1686 2650 1751 2688 sed
1767 2650 1887 2690 etiam
1904 2652 2029 2690 oculas

1136 2709 1373 2749 abstinentes
1386 2710 1539 2751 habere.
1599 2713 1711 2752 Nam
1732 2716 1778 2756 eft
1797 2714 1929 2755 oculis
1949 2727 2026 2766 pu-

1139 2772 1287 2813 dicitia
1333 2773 1574 2820 delibatur:
1615 2776 1729 2816 unde
1776 2777 1831 2817 ab
1875 2777 2026 2818 eodem

1137 2836 1309 2879 Valerio
1330 2837 1457 2878 alieni
1486 2838 1745 2881 matrimonii
1765 2841 2029 2882 subsessores

1137 2900 1430 2952 appellantur.
1489 2903 1752 2952 Florusplib.
1783 2917 1834 2944 11.
1855 2918 1951 2958 cap.
1984 2910 2025 2947 6.

1136 2963 1208 3003 De
1247 2963 1476 3016 Scipione:
1509 2965 1613 3005 ‘Ne
1652 2967 1697 3006 in
1744 2974 2026 3020 conspectum

1138 3026 1311 3080 quidem
1327 3040 1448 3067 suum
1468 3040 1617 3080 passus
1637 3029 1817 3070 adduci:
1851 3044 1904 3071 ne
1922 3032 2025 3083 quid

1138 3089 1193 3130 de
1230 3091 1492 3142 virginitatis
1521 3091 1773 3144 integritate
1813 3094 2024 3134 delibasse

1138 3156 1290 3196 saltem
1309 3155 1444 3196 oculis
1461 3157 1711 3198 videretur.'
1771 3160 1943 3199 coleras.

1193 3220 1259 3270 §2
1290 3219 1495 3272 Sophocles
1535 3222 1684 3272 aulem]
1715 3221 1802 3261 Hic
1845 3222 2023 3261 Atheni-

1138 3282 1251 3322 ensis
1270 3281 1352 3323 fuit
1384 3283 1524 3323 Poeta
1552 3284 1771 3335 Tragicus‚
1798 3288 1929 3322 aetate
1949 3296 2025 3325 sua

1137 3347 1412 3399 clarissimus,
1436 3348 1489 3387 de
1511 3360 1592 3400 quo
1621 3349 1768 3398 plures
1789 3359 1844 3386 ex
1865 3348 2023 3387 nostris

1137 3407 1364 3460 magnifica
1397 3408 1686 3460 scripserunt;
1714 3420 1839 3460 quem
1870 3408 2024 3449 Cicero

1137 3471 1327 3512 divinum
1340 3471 1523 3512 Poe'tam
1536 3471 1611 3510 lib.
1630 3482 1660 3510 1.
1678 3471 1731 3510 de
1742 3471 2022 3512 Divinatione

1136 3536 1310 3580 vocavit
1338 3535 1402 3579 his
1422 3533 1585 3577 verbis:
1618 3534 1629 3556 ‘
1651 3531 1891 3587 Adjungam
1919 3535 2022 3578 Phia
