2320 4004
556 291 817 332 vAnnnu
858 288 1102 327 MAXlMl
1144 288 1264 328 mu.
1304 289 1386 328 1v.
1424 290 1559 330 car.
1584 278 1636 330 1.

191 416 492 459 lustrationum
514 426 526 454 ε
561 417 608 453 et
633 409 827 463 inprimis
849 407 1067 450 Censoriae

191 482 329 534 hujus.
350 480 458 532 lapis
495 478 641 518 Romae
679 474 874 527 pulcher,
909 473 951 512 in
983 483 1068 524 quo

193 549 424 596 apparatus
439 540 573 582 omnis
592 538 716 578 istius
737 535 954 586 sacrificii,
973 546 1067 574 cum

193 605 355 658 triplici
370 604 526 654 hostia,
552 614 643 652 sue,
675 612 779 650 ove,
802 604 938 647 tauro,
959 598 1070 639 Cen·

191 682 287 710 sore
319 667 522 709 faciente.
574 666 703 715 Vide,
739 664 775 704 si
803 663 938 711 lubet,
975 674 1070 715 quae

191 732 429 772 notavimus
456 730 509 770 ad
544 728 762 769 Historias
779 726 932 767 Taciti.
958 727 1072 778 Lips.

192 795 318 837 Solito
353 793 563 857 suffisia-io]
617 794 689 832 De
734 791 815 831 hoc
860 789 1072 831 sacrificio

192 860 460 912 scripserunt
473 855 720 898 Alexander
734 855 787 895 ab
808 853 1073 905 Alexandro,

193 928 240 963 et
267 923 435 975 Lipsius
455 921 507 962 ad
528 919 768 961 Historiam
786 917 943 966 Taciti,
968 929 1071 969 quo-

194 998 287 1026 rum
305 986 466 1037 scripta
484 995 569 1024 non
589 981 789 1033 compilo.
861 979 959 1020 Hoc
979 986 1071 1019 tan-

198 1055 288 1090 tum
323 1047 450 1099 addo,
489 1058 571 1087 non
610 1056 693 1084 uno
733 1043 903 1083 nomine
941 1041 1074 1082 fuisse

194 1112 474 1164 appellatum.
527 1109 698 1158 Festus,
732 1108 886 1158 Varro,
915 1107 1076 1159 Livius,

196 1180 244 1216 et
259 1173 523 1216 Glossarium
543 1178 682 1222 vetus,
705 1170 956 1220 solitaurilia,
971 1172 1074 1211 scri-

199 1238 335 1289 bunt3
373 1238 498 1288 Cato,
534 1235 829 1285 suovetaurilia,
868 1235 1074 1287 appellat.

196 1301 287 1346 Alii
303 1299 552 1342 solliiaurilia
579 1300 763 1339 malunt.
817 1297 992 1338 Servius
1021 1297 1075 1337 ad

197 1359 364 1404 AEneid.
384 1374 453 1403 lx.
485 1363 498 1386 ‘
515 1360 847 1401 suovetaurium'
873 1360 1078 1412 appellat.

201 1427 336 1479 Cujus
373 1425 507 1466 verba
540 1424 695 1464 lubens
730 1436 784 1464 ex
821 1424 997 1476 egregia
1033 1429 1079 1464 et

198 1489 363 1529 novitia
400 1488 594 1528 Danielis
623 1487 810 1527 editione
829 1487 1079 1528 subscribo:

199 1552 331 1596 ‘Jovi
358 1553 414 1594 de
446 1559 567 1593 tauro
593 1564 678 1593 non
709 1552 967 1604 immolatur,
996 1553 1079 1592 nisi

200 1628 296 1656 cum
318 1615 523 1667 triumphi
555 1615 725 1654 nomine
753 1615 1079 1656 Suovetaurium

199 1677 448 1720 faciebant!
504 1677 653 1717 Ritum
669 1676 868 1718 sacrificii
890 1678 977 1716 sive
996 1678 1079 1717 lus-

200 1742 398 1783 trationis
412 1741 525 1782 illius
537 1740 742 1792 graphice
756 1740 982 1781 admodum
998 1742 1080 1781 Lu·

200 1818 332 1847 canus
351 1805 584 1857 descripsit
602 1820 612 1844 ε
653 1805 666 1827 ‘
681 1805 787 1845 Mox
798 1805 926 1857 jubet
945 1811 990 1847 et
1016 1812 1079 1846 to-

202 1876 291 1916 tam
318 1869 484 1922 pavidis
503 1882 528 1909 a
544 1868 709 1909 civibus
728 1868 876 1908 urbem
898 1869 1079 1922 Ambiri,

201 1940 249 1974 et
295 1932 406 1974 festo
454 1938 687 1985 purgantes
748 1932 903 1972 moenia
949 1933 1081 1973 lustro

203 1998 352 2049 Longa
389 2008 468 2048 per
498 2002 712 2036 extremos
750 1996 954 2047 pomoeria
992 1996 1082 2036 cin·

203 2071 309 2112 gere
325 2059 446 2100 fines.
495 2058 731 2100 Pontifices
749 2070 908 2105 sacros,
929 2059 1081 2112 quibus

202 2128 271 2163 est
306 2124 516 2175 permissa
543 2127 752 2174 potestas,
778 2122 922 2162 Turba
947 2121 1084 2178 minor

203 2186 397 2238 sequitur
415 2185 742 2230 ritusuccincta
759 2185 928 2226 Gabino
948 2199 958 2226 :
976 2186 1084 2226 Ves-

203 2249 420 2300 talemque
440 2249 616 2288 chornm
636 2247 758 2288 ducit
773 2249 930 2288 vittata
945 2260 1085 2289 sacer-

206 2311 301 2361 dos,
318 2311 542 2363 Trojauam
562 2312 632 2351 cui
650 2310 712 2352 fas
731 2312 811 2352 soli
838 2317 907 2352 est
925 2312 1084 2352 vidisse

207 2374 477 2415 Minervam!
508 2375 680 2414 Colerus.

265 2436 452 2488 Carmen]
498 2436 552 2476 Id
587 2441 670 2486 est,
709 2434 950 2477 formulam.
1017 2438 1084 2478 De

208 2511 293 2552 quo
325 2500 514 2540 carmine
541 2498 647 2539 nihil
667 2499 829 2540 licebat
846 2500 1087 2553 immutare,

209 2564 321 2603 sicut
340 2574 423 2603 nec
441 2562 496 2602 de
517 2562 689 2615 reliquis
719 2563 860 2605 verbis
879 2564 1056 2604 sacratis
1072 2578 1084 2606 z

209 2637 294 2677 quo
330 2625 520 2665 carmine
559 2625 635 2665 Dii
673 2626 934 2667 immortales
966 2640 1087 2680 roga·

207 2687 380 2739 bantur,
395 2693 444 2728 ut
461 2686 658 2728 facerent
675 2701 743 2728 res
763 2691 911 2742 populi
932 2691 1087 2731 Roma-

210 2752 256 2791 ni
290 2752 487 2791 meliores
537 2757 582 2792 et
628 2754 872 2805 ampliores.
918 2755 1087 2796 Badius,

209 2814 386 2856 Solemuae
415 2816 454 2856 ei
480 2816 717 2869 precationis
740 2831 892 2859 carmen
908 2819 1088 2872 praeiret]

209 2879 284 2920 lta
300 2879 343 2920 in
361 2880 686 2933 Manuscriptis.
740 2883 912 2934 Vulgo:
932 2884 1092 2924 solemni

210 2943 293 2991 eius
324 2944 563 2995 precationis
599 2957 754 2986 carmen
791 2948 966 2997 proeirel.
1019 2948 1091 2989 Sic

212 3008 373 3056 Livius,
391 3011 404 3032 ‘
419 3008 723 3050 Praeeuntibus
738 3012 982 3053 execrabile
1003 3026 1094 3054 car-

212 3082 313 3111 men
331 3072 656 3113 sacerdotibus?
711 3075 866 3115 Cicero
899 3089 978 3128 pro
1009 3078 1093 3117 Mi-

212 3135 328 3186 lone,
344 3135 358 3157 ‘
374 3136 437 3175 Ut
456 3135 574 3176 vobis
595 3148 700 3177 voce
716 3138 947 3189 praeirent!
966 3141 1092 3192 Pigh.

271 3198 328 3237 Ut
343 3197 476 3250 populi
495 3198 686 3250 Romani]
729 3200 846 3240 Puto
865 3207 910 3242 et
926 3202 1002 3243 illa
1019 3204 1091 3243 ad-

205 3260 329 3312 jecta
341 3260 473 3302 fuisse
488 3262 532 3302 in
547 3264 736 3303 carmine
757 3264 935 3305 solemni
954 3279 965 3306 :
985 3267 998 3290 ‘
1017 3267 1092 3308 Uti

216 3324 395 3365 Senatui
426 3326 669 3379 populoque
694 3327 887 3368 Romano
907 3329 1092 3370 animum

215 3386 296 3425 Dii
326 3393 547 3439 augerent,
580 3389 658 3430 Uti
693 3389 884 3430 hostibus
916 3392 1093 3433 oblivio·

219 3459 319 3487 nem
345 3461 395 3488 ac
418 3456 625 3491 terrorem
652 3451 916 3505 injicerent‚'
944 3461 988 3495 et
1009 3457 1094 3497 alia

221 3511 438 3563 nonnulla,
467 3525 562 3566 quae
592 3527 645 3555 ex
673 3515 900 3558 Macrobio
926 3525 973 3559 et
998 3519 1095 3560 Ser-

1868 277 2008 333 1127

1134 408 1203 448 vio
1222 408 1451 458 observare
1476 411 1620 451 liceat.
1658 410 1830 451 Colerus.

1186 472 1303 513 Intra
1319 475 1522 525 septimum
1540 473 1727 528 lapidem]
1777 475 1884 515 Cum
1905 473 2010 517 fines

1132 534 1313 575 Romani
1346 538 1516 590 imperii
1550 551 1635 579 non
1674 538 2016 580 extenderentur

1133 599 1247 640 ultra
1279 607 1444 653 septem
1483 603 1619 654 millia
1645 615 1878 655 passuum3
1917 614 2016 643 nam

1131 662 1347 715 lapidibus
1375 671 1576 718 tanquam
1591 666 1795 707 limitibus
1815 665 2014 718 designa·

1134 726 1290 767 bantur
1309 728 1489 769 miliaria
1505 730 1616 782 apud
1636 730 1836 783 majores.
1867 729 2016 770 Oliver.

1190 790 1399 831 Centurias
1411 793 1702 845 recognoscens]
1731 794 1846 833 Dum
1866 803 2019 833 recen-

1135 860 1251 895 seret
1284 854 1455 908 equites
1485 857 1557 908 qui
1584 858 1786 909 erant,‘in
1803 858 2018 898 centurias

1135 916 1368 958 distribuit.
1441 918 1643 959 Centurioe
1686 925 1829 961 antem
1868 921 2019 973 populi

1135 979 1316 1020 Romani
1362 979 1537 1022 fuerunt
1583 983 1720 1034 primo
1765 995 1790 1023 a
1838 983 2019 1024 Romulo

1135 1042 1347 1083 institutae
1388 1049 1474 1083 tres
1508 1045 1699 1097 equitum
1738 1045 2021 1096 solummodo,

1136 1107 1342 1147 videlicet
1355 1108 1677 1160 Ramnensium,
1690 1109 1962 1159 Titiensium,
1974 1114 2022 1149 et

1139 1171 1364 1211 Lucerum.
1387 1172 1653 1211 Ramnenses
1674 1185 1700 1212 a
1718 1171 1930 1222 Romu103
1947 1172 2025 1219 Ti·

1138 1233 1296 1273 tienses
1334 1247 1360 1276 a
1395 1236 1445 1276 Τ.
1472 1236 1595 1276 Tatio
1630 1247 1733 1287 rege
1767 1236 2023 1277 Sabinorum

1139 1302 1238 1348 post
1258 1298 1524 1339 concitatum
1553 1311 1652 1340 cum
1683 1301 1865 1340 Romulo
1889 1299 2024 1353 impe-

1140 1361 1278 1409 rium3
1326 1361 1514 1402 Luceres
1552 1376 1578 1403 a
1614 1363 1781 1403 Lucero
1819 1362 2024 1416 quodam,

1142 1423 1214 1476 qui
1235 1424 1414 1465 Romulo
1435 1432 1611 1467 venerat
1628 1426 1670 1465 in
1690 1426 1894 1467 auxilium
1911 1441 1924 1468 ι
1941 1425 2026 1467 etsi

1142 1488 1215 1527 alii
1233 1488 1399 1535 dicunt,
1419 1488 1640 1530 Lucerum
1675 1490 1860 1530 nominis
1881 1494 1928 1530 et
1946 1491 2028 1531 ori·

1142 1550 1251 1602 ginis
1270 1562 1442 1591 causam
1463 1552 1674 1593 incertam
1690 1564 1805 1595 esse.
1831 1552 1860 1594 J
1865 1552 2028 1594 ubebat

1143 1617 1285 1652 autem
1306 1614 1474 1665 equites
1501 1616 1700 1666 transire,
1726 1620 1776 1656 ut
1804 1616 1839 1656 si
1872 1616 2028 1669 depre-

1141 1674 1364 1715 hendisset
1391 1676 1558 1728 vitium,
1587 1690 1698 1730 equo
1727 1673 1937 1730 privaret,
1958 1680 2027 1720 vel

1143 1739 1225 1779 alia
1241 1744 1345 1778 nota
1357 1741 1555 1780 censoria
1569 1741 1811 1783 damnaret.
1842 1742 1998 1783 Oliver.

1197 1802 1455 1855 Processisse]
1482 1803 1660 1845 Scilicet
1680 1805 1720 1844 in
1741 1804 1944 1846 medium.

1203 1866 1430 1906 Censorium
1447 1867 1599 1919 notam]
1629 1867 1758 1910 Quod
1793 1879 1817 1908 a
1848 1879 2029 1908 censore

1146 1934 1326 1981 propter
1343 1929 1677 1971 moderationem
1710 1943 1793 1972 non
1826 1944 1873 1972 es
1907 1938 2030 1973 nota-

1145 1998 1215 2033 tus
1235 1993 1496 2045 ignominia5
1523 2006 1621 2035 nam
1637 2007 1733 2035 cum
1754 2001 1877 2037 certo
1896 1995 2030 2037 sciret

1147 2060 1290 2111 ipsum
1318 2060 1552 2113 pejerasse,
1578 2063 1793 2113 potuisset
1824 2075 1922 2103 eum
1956 2075 2031 2103 no-

1146 2128 1262 2163 tasse
1299 2135 1354 2163 ex
1385 2136 1462 2164 suo
1495 2125 1620 2166 unius
1658 2127 1921 2178 testimonio,
1954 2127 2033 2168 sed

1146 2186 1300 2227 noluit.
1330 2187 1499 2229 Badius.

1202 2251 1224 2302 ξ
1260 2254 1309 2290 11
1342 2252 1538 2296 Quoniam
1567 2253 1682 2293 unius
1717 2254 1955 2306 testimonio]
1983 2254 2036 2298 L..

1149 2323 1228 2352 xx.
1258 2314 1315 2354 D.
1344 2313 1399 2354 de
1415 2315 1583 2356 Quaest.
1603 2316 1656 2357 L.
1668 2317 1867 2370 jurisjur.
1895 2318 1945 2358 C.
1979 2319 2033 2358 de

1148 2375 1343 2417 testibus.
1369 2376 1535 2417 Seneca
1552 2376 1627 2419 lib.
1646 2391 1728 2421 vu.
1757 2381 2035 2423 Controvers.

1149 2439 1278 2489 ‘Uni,
1294 2440 1425 2479 etiam
1457 2440 1511 2480 de
1546 2442 1699 2483 minori
1732 2445 1915 2495 scelere,
1949 2457 2034 2485 non

1150 2502 1368 2543 ereditur!
1402 2504 1509 2545 Quae
1526 2506 1665 2546 omnia
1679 2505 1860 2558 faciunt,
1874 2520 1929 2548 ne
1944 2520 2039 2549 ere-

1150 2566 1248 2605 dam
1280 2565 1344 2618 iis,
1380 2568 1452 2619 qui
1483 2569 1599 2620 apud
1633 2569 1853 2610 Valerium
1891 2571 2036 2623 legere

1151 2631 1387 2683 postulant,
1414 2634 1576 2686 coedere,
1604 2645 1683 2686 pro
1710 2636 1879 2675 credere.
1937 2636 2036 2676 Uno

1151 2701 1293 2735 tamen
1340 2700 1452 2738 teste
1500 2697 1724 2739 damnatus
1769 2699 2034 2752 Scantinius,

1153 2764 1269 2799 teste
1304 2759 1484 2800 Valerio
1512 2761 1585 2802 lib.
1611 2773 1677 2802 vr.
1708 2774 1805 2815 cap.
1841 2767 1880 2804 1.
1927 2765 2037 2805 Cole-

1152 2835 1236 2863 rus.

1208 2887 1413 2938 Religioni
1432 2888 1560 2939 igitur
1590 2902 1674 2929 suoe
1702 2889 1875 2931 debitam
1890 2890 2036 2944 fidem]

1154 2951 1268 2994 Quia
1286 2949 1511 2992 affirmavit
1529 2946 1672 2993 verum
1688 2965 1801 3006 esse,
1816 2955 1928 3007 quod
1944 2954 2037 2994 dix-

1153 3020 1262 3055 erat.
1718 3028 1723 3029 ⁷

1211 3079 1416 3119 Communi
1451 3080 1641 3131 utilitati]
1680 3082 1750 3121 Ne
1782 3081 1876 3134 quis
1911 3082 2035 3122 unius

1156 3142 1400 3183 testimonio
1427 3143 1767 3194 periclitaretur.

1209 3207 1231 3258 ς
1249 3209 1300 3246 12
1332 3206 1607 3247 Macedonicus
1619 3211 1658 3247 et
1672 3206 1926 3258 Numidicus]
1944 3207 2041 3247 Ma-

1153 3269 1398 3322 cedonicus,
1431 3283 1457 3310 a
1474 3271 1650 3311 devicta
1667 3271 1950 3319 Macedonia3
1993 3275 2040 3311 et

1153 3333 1427 3386 Numidicus,
1448 3347 1473 3374 a
1493 3335 1697 3375 Numidia
1714 3333 1906 3374 feliciter
1923 3334 2037 3375 vinci

1154 3402 1309 3447 ooepta.
1337 3398 1507 3438 Badius.

1210 3459 1393 3512 Scipione
1412 3459 1621 3510 Africano]
1647 3459 1749 3500 Scil.
1777 3458 1957 3500 minore.

1211 3523 1277 3564 Ad
1321 3536 1463 3573 graves
1511 3521 1748 3574 testatasque
1791 3522 2041 3574 inimicitias]
