2346 3996
609 323 869 364 vacuan
916 316 1720 368 MAX1M11A3.vn.cAP.2.

251 460 276 488 a
295 459 434 489 causae
450 446 638 487 dictione
658 444 874 495 liberavit,
894 455 1035 495 cum,a
1056 443 1130 482 tri-

249 512 375 552 bunis
418 511 531 564 pleb.
571 513 759 550 accusati
808 515 973 555 essent,
1019 506 1131 560 quod

250 587 471 615 censuram
497 574 610 613 inter
641 585 686 612 se
715 573 896 624 rigidam
916 572 1038 612 nimis
1060 583 1133 612 ex-

248 638 514 687 ercuissent;
545 650 639 677 nam
670 650 715 677 se
737 638 918 677 invicem
940 636 1135 677 censoria

249 709 354 741 nota
374 702 590 752 signatam
610 715 622 751 ;
647 702 762 742 Nero
777 701 963 750 Livium,
982 699 1090 753 quod
1112 713 1136 738 a

249 766 410 818 populo
438 764 589 806 fuisset
618 764 848 819 aliquando
881 764 1133 814 damnatus3

247 829 396 869 Livius
417 830 653 880 Neronem,
674 829 786 882 quod
821 841 902 868 non
935 840 1035 868 vere
1068 840 1133 867 se-

249 904 347 933 cum
382 894 424 932 in
464 893 647 945 gratiam
681 893 898 943 rediisset,
944 893 1055 933 sicut
1090 892 1133 932 In

247 969 342 1009 cap.
357 957 410 997 de
422 957 630 996 Censoria
644 957 761 997 Nota
775 956 974 997 diximus,
1007 955 1133 996 Hanc

247 1021 381 1072 igitur
417 1022 735 1062 accusationem
766 1022 953 1060 Senatus
986 1019 1136 1061 dissol-

250 1085 314 1125 vit
332 1085 588 1125 auctoritate
604 1097 692 1125 sua.
732 1085 884 1125 Oliver.

307 1148 480 1190 vacuum
509 1149 636 1188 omnis
662 1149 810 1198 judicii
847 1147 974 1199 metu]
1021 1149 1133 1190 Nam

245 1211 431 1252 Senatus
452 1211 675 1253 decretum
695 1212 857 1254 factum
876 1221 955 1262 est,
987 1224 1040 1253 ne
1063 1215 1133 1267 ju-

246 1275 364 1316 dicio
413 1276 555 1330 aliquo
605 1277 810 1317 timerent
848 1290 895 1318 se
942 1279 1134 1319 damnari

247 1350 376 1391 posse
408 1351 623 1389 censores,
656 1352 742 1393 quo
779 1341 918 1381 minus
954 1342 1132 1382 aliorum

248 1404 414 1444 delicta
451 1404 683 1458 punirent3
729 1417 824 1446 nam
870 1406 905 1446 si
945 1407 1134 1448 damnati

247 1467 450 1519 fuissent,
498 1470 646 1510 caeteri
693 1470 864 1523 quidem
914 1472 1133 1525 segniores

248 1533 356 1576 facti
387 1542 532 1576 essent
556 1535 769 1588 judicium
800 1542 1061 1590 metuentes,
1079 1551 1133 1579 ex

250 1611 335 1652 quo
354 1599 456 1640 illud
478 1606 671 1640 secutum
701 1606 833 1653 esset,
863 1608 911 1642 ut
931 1602 1070 1655 major
1088 1603 1132 1643 in

247 1663 355 1703 urbe
391 1663 602 1716 peccandi
643 1665 822 1706 licentia
866 1673 1158 1709 nasceretur.v

246 1726 375 1768 Idem.

299 1791 388 1831 Par
414 1791 486 1832 illa
514 1792 729 1845 sapientia]
758 1794 988 1836 Quomodo
1005 1795 1131 1836 Tibe-

207 1851 211 1862 '
246 1855 334 1895 rius
354 1855 578 1897 Gracchus
599 1870 624 1897 a
642 1858 845 1910 Scipione
866 1860 1029 1900 Nasica
1058 1861 1131 1901 ad-

245 1922 445 1963 hortante
466 1923 646 1974 Senatu,
675 1929 723 1964 ut
754 1925 789 1964 si
821 1926 1131 1978 rempublicam

245 1988 407 2027 salvam
425 1999 518 2027 esse
538 1988 684 2040 veliet,
705 2000 849 2029 secum
883 1989 968 2029 iret
987 1991 1030 2030 in
1051 1990 1132 2031 Ca-

246 2051 458 2104 pitolium,
473 2051 770 2092 subselliorum
786 2051 1039 2105 fragmentis
1053 2067 1133 2095 cae·

248 2129 320 2156 sus
339 2115 488 2167 fuerit,
516 2117 700 2157 vidimus
734 2117 778 2157 in
811 2131 908 2170 cap.
939 2119 993 2158 de
1011 2120 1131 2160 Som-

247 2180 345 2219 niis.
402 2180 512 2221 Post
548 2180 671 2232 hujus
711 2193 814 2221 vero
850 2187 1050 2234 mortem,
1085 2191 1133 2225 ut

248 2243 386 2297 plebis
407 2244 528 2284 dolor
552 2245 777 2294 leniretur,
812 2258 908 2298 quae
944 2248 1134 2297 graviter

248 2312 294 2347 et
331 2307 554 2361 periniquo
586 2309 726 2349 animo
757 2309 918 2350 Tiberii
949 2317 1133 2352 mortem

248 2368 432 2422 ferebat,
473 2370 698 2423 Agrariam
747 2373 906 2427 legem,
953 2381 1135 2427 propter

248 2447 374 2489 quam
393 2448 527 2477 caesus
547 2435 706 2490 fuerat,
734 2451 818 2479 non
853 2440 1134 2495 impugnavit,

250 2499 326 2540 sed
357 2500 570 2553 permisit,
603 2508 652 2542 ut
688 2503 785 2543 loco
813 2503 976 2544 Tiberii
1006 2507 1134 2546 alium

249 2564 462 2617 eligerent
481 2565 533 2605 ad
551 2577 674 2618 agros
694 2567 964 2609 dividendos.
1010 2571 1134 2611 Elec-

250 2635 319 2670 tus
349 2636 492 2670 autem
512 2631 692 2672 Publius
722 2632 899 2672 Crassus
915 2634 1134 2676 Graccho-

249 2707 343 2734 rum
380 2693 548 2736 affinis:
588 2695 720 2736 filiam
753 2697 865 2736 enim
903 2697 1046 2738 Crassi
1085 2699 1135 2740 C.

248 2758 472 2800 Gracchus
483 2773 656 2801 uxorem
672 2761 875 2802 habebat:
892 2775 1134 2817 quanquam

249 2822 383 2864 tradit
413 2825 639 2865 Cornelius
671 2826 820 2878 Nepos
853 2839 939 2867 non
974 2828 1132 2882 Crassi,

246 2887 323 2926 sed
344 2887 486 2939 Bruti,
503 2889 575 2941 qui
596 2889 650 2929 de
661 2889 879 2930 Lusitanis
900 2892 1134 2944 triumpha-

249 2950 328 3000 vit,
347 2950 478 2990 filiam
501 2953 552 2993 C.
572 2952 775 2993 Graccho
803 2961 983 3007 nuptam
1003 2956 1132 2998 fuisse

249 3014 394 3066 plures
424 3019 569 3055 tamen
599 3015 663 3056 ita
696 3018 890 3065 tradunt,
924 3025 974 3060 ut
1004 3021 1132 3062 modo

248 3077 451 3119 diximus,
497 3077 588 3118 Per
615 3079 730 3120 hunc
762 3081 893 3133 igitur
925 3083 1043 3135 plebi
1069 3086 1130 3126 ‹li-

249 3140 327 3181 visi
362 3147 462 3181 sunt
499 3143 608 3193 agri,
651 3156 893 3198 quanquam
934 3148 1131 3191 Valerius

248 3214 328 3256 per
363 3205 609 3246 triumviros
645 3207 801 3248 divisos
831 3209 963 3251 fuisse
995 3212 1130 3255 dicat.

249 3265 336 3307 Sed
362 3267 621 3310 Plutarchus
650 3271 695 3311 in
725 3272 814 3312 vita
838 3274 1132 3319 Gracchorum

249 3330 314 3370 ita
327 3330 478 3374 refert.
517 3334 668 3374 Oliver.

309 3394 495 3447 Causam]
528 3398 656 3451 Quia,
690 3405 739 3442 ut
772 3402 862 3453 agri
893 3405 1130 3456 portionem

252 3456 444 3508 haberet,
465 3461 657 3512 ‘populus
690 3465 947 3509 seditionem
978 3470 1131 3522 movit,

252 3525 298 3559 et
319 3531 412 3559 eam
430 3520 593 3562 habuit.
626 3525 736 3567 Bad.

308 3582 435 3628 Quam
464 3584 616 3639 deinde,
640 3588 726 3640 &cd
756 3590 921 3644 Negari
939 3606 1023 3636 non
1051 3609 1128 3649 po·

1940 316 2085 369 1253

1196 449 1285 483 test
1314 444 1422 486 hanc
1441 445 1627 486 Senatus
1657 443 1931 497 prudentiam
1951 444 2083 486 fuisse

1196 508 1472 560 singularem,
1502 523 1617 558 uam,
1649 516 1696 550 ut
1729 509 1915 550 diximus
1954 522 2085 562 supra

1197 573 1239 612 in
1261 586 1356 624 cap.
1389 574 1442 614 de
1463 574 1761 625 Gratitudin'e,
1791 581 1988 626 tempore
2018 587 2084 615 se-

1197 637 1326 677 cundi
1358 638 1511 679 Punici
1543 640 1660 690 belli,
1686 639 1831 692 Scipio
1852 637 2083 679 Africanus

1197 714 1332 754 opera
1365 703 1612 744 Massanisae
1646 703 1791 744 fuerat
1821 703 1863 743 in
1892 714 1944 742 eo
1970 703 2085 743 bello

1197 767 1381 806 maxime
1421 780 1533 808 usus,
1595 769 1701 809 Cum
1738 768 1870 820 igitur
1898 768 2084 809 Senatus

1199 844 1368 883 aequum
1389 844 1478 870 esse
1502 831 1739 883 judicaret,
1771 836 1820 871 ut
1848 837 1937 872 tam
1957 831 2086 872 bene-

1197 897 1353 934 merito
1383 895 1475 947 regi
1499 895 1753 935 beneficium
1773 894 1943 948 aliquod
1977 908 2086 948 prae-

1198 965 1348 1011 staret,
1367 959 1458 999 sine
1475 959 1744 999 incommodo
1765 971 1850 1000 non
1868 961 2000 1002 solum
2018 973 2085 1000 so-

1198 1023 1311 1063 cium
1331 1023 1613 1063 Massanisam
1636 1024 1832 1073 retinuit,
1849 1024 1924 1064 sed
1954 1025 2084 1065 etiam

1196 1087 1402 1139 majorem
1421 1087 1475 1128 ab
1494 1099 1548 1128 eo
1578 1088 1760 1140 gratiam
1793 1088 1933 1128 inivit.
1978 1089 2085 1130 Cum

1198 1152 1310 1190 enim
1353 1151 1537 1192 Senatus
1576 1151 1840 1203 intelligeret
1878 1151 2085 1204 cupidum

1196 1216 1314 1256 illum
1345 1229 1439 1257 esse
1467 1216 1637 1269 imperii
1670 1215 1899 1269 dilatandi,
1935 1217 2085 1258 decre-

1197 1285 1289 1321 tum
1308 1278 1432 1330 fecit,
1462 1285 1510 1320 ut
1539 1281 1611 1333 qui
1642 1292 1784 1334 neque
1816 1280 1894 1320 ulli
1926 1280 2085 1321 bellum

1195 1343 1373 1397 inferre,
1388 1357 1469 1385 nec
1489 1357 1587 1384 cum
1608 1345 1697 1385 ullo
1715 1344 1856 1385 foedus
1876 1344 1986 1385 inire
2007 1357 2083 1397 po-

1197 1415 1314 1450 terat
1332 1409 1499 1462 injussu
1518 1410 1724 1461 Senatus,
1750 1409 1784 1449 is
1805 1408 1860 1449 ab
1877 1409 1956 1449 hoc
1980 1409 2084 1462 jure

1195 1472 1372 1513 foederis
1391 1473 1705 1524 absolveretur,
1738 1473 1959 1526 libereque
1987 1485 2085 1526 pos-

1195 1543 1279 1588 set,
1296 1549 1393 1578 cum
1405 1537 1556 1590 quibus
1571 1538 1719 1588 vellet,
1736 1537 1895 1578 bellum
1914 1549 2082 1590 gerere.

1196 1602 1293 1644 Quo
1316 1600 1451 1651 facto,
1481 1601 1663 1655 gratiam
1695 1602 1964 1643 benemerito
1991 1602 2083 1655 regi

1193 1676 1280 1706 non
1303 1677 1480 1718 parvam
1501 1666 1703 1707 retulisse
1722 1665 1906 1707 videtur.
1935 1667 2043 1707 Oliv.

1247 1731 1394 1781 Legem
1396 1731 1656 1782 serrijussit]
1678 1730 1814 1784 Atqui
1828 1731 1966 1771 multo
1981 1736 2083 1772 ante

1195 1795 1466 1835 discesserat.
1509 1795 1655 1836 Livius
1677 1795 1751 1837 lib.
1770 1807 1801 1836 1.
1834 1796 2000 1836 Corrad.

1249 1859 1530 1913 Mauritanioe]
1577 1859 1693 1903 Quia
1724 1859 1837 1900 enim
1872 1872 1959 1900 non
1992 1872 2079 1900 am-

1194 1925 1307 1978 plius
1341 1924 1584 1966 habuerunt
1633 1925 1989 1977 provocationem
2025 1926 2082 1966 ad

1192 1990 1396 2030 Senatum
1418 1990 1708 2043 populumque
1724 1989 1981 2043 Romanum,
1996 2002 2080 2031 non

1194 2054 1376 2107 amplius
1406 2053 1650 2096 molestiam
1685 2055 1944 2096 attulerunt.
1993 2056 2079 2096 Βα-

1195 2120 1300 2160 dius.

1238 2185 1355 2224 Ex'r.
1368 2185 1418 2236 §l
1434 2183 1638 2236 Socrates]
1648 2183 1845 2224 Valerius
1857 2184 2081 2226 Socratem

1196 2248 1410 2301 quoddam
1428 2249 1548 2301 quasi
1566 2254 1774 2289 terrestre
1787 2250 1978 2301 appellat
1990 2260 2083 2289 ora-

1197 2313 1354 2363 culum,
1373 2312 1427 2352 ad
1445 2312 1550 2352 illud
1571 2312 1822 2364 respiciens,
1849 2313 1963 2366 quod
1983 2325 2080 2354 cum

1197 2377 1406 2428 templum
1445 2377 1662 2429 Apollinis
1694 2377 1909 2428 ingressus
1947 2381 2082 2429 esset,

1199 2441 1259 2482 sic
1279 2448 1489 2494 exceptus
1509 2449 1579 2483 est
1598 2455 1624 2482 a
1641 2442 1882 2490 sacerdote,
1898 2447 1945 2482 ut
1964 2442 2082 2482 dice-

1198 2510 1290 2547 ret:
1329 2506 1341 2528 ‘
1361 2506 1489 2546 Salve
1517 2506 1834 2559 sapientissime
1861 2506 2081 2548 omnium.’

1200 2570 1352 2611 Oliver.

1254 2635 1496 2687 Coelestium]
1527 2635 1638 2676 Haec
1668 2636 1804 2676 stulta
1837 2639 1884 2677 et
1911 2635 2082 2676 incerta

1198 2704 1297 2739 vota
1332 2700 1555 2741 Juvenalis
1589 2700 1652 2740 his
1683 2699 1879 2740 versibus
1913 2700 2079 2752 carpit:

1195 2764 1208 2785 ‘
1222 2764 1265 2802 Si
1286 2764 1509 2804 consilium
1527 2765 1606 2815 vis,
1625 2765 1861 2805 Permittas
1880 2764 1985 2817 ipsis
2007 2777 2082 2804 ex-

1196 2827 1388 2878 pendere
1424 2828 1666 2868 numinibus
1697 2828 1801 2882 quid
1838 2828 2082 2868 Conveniat

1197 2891 1334 2942 nobis,
1352 2891 1538 2933 rebusve
1553 2893 1610 2932 sit
1628 2892 1734 2932 utile
1752 2892 1934 2934 nostrisz
1964 2894 2081 2934 Nam

1196 2968 1274 3008 pro
1307 2956 1506 3008 jocundis
1538 2957 1760 3010 aptissima
1790 2969 1972 3010 quaeque
2006 2956 2082 2996 da-

1196 3019 1304 3059 bunt
1323 3020 1396 3060 Di.
1426 3021 1607 3061 Charior
1621 3026 1688 3062 est
1703 3021 1786 3062 illis
1800 3022 1939 3072 homo,
1950 3034 2078 3074 quam

1194 3083 1297 3124 sibi:
1326 3096 1401 3124 nos
1413 3085 1651 3125 animorum
1678 3086 1888 3137 Impulsu‚
1904 3090 1950 3126 et
1962 3096 2080 3124 caeca

1194 3159 1432 3201 magnaque
1451 3149 1656 3201 cupidine
1673 3149 2079 3202 ducti,Conjugium

1195 3211 1379 3262 petimus
1408 3219 1664 3265 partumque
1701 3212 1874 3262 uxoris;
1916 3219 1963 3252 at
1994 3212 2083 3251 illis

1195 3276 1358 3317 Notum
1391 3277 1464 3330 qui
1501 3278 1641 3330 pueri,
1676 3277 1895 3330 qualisque
1932 3275 2080 3318 futura

1193 3340 1250 3380 sit
1268 3340 1409 3382 uxor!
1441 3342 1592 3381 Oliver.

1249 3405 1360 3444 Idem
1377 3404 1426 3444 ab
1443 3402 1742 3455 adolescentulo]
1770 3402 1856 3443 Sed
1873 3403 1999 3444 aliter
2011 3416 2078 3445 re-

1194 3467 1420 3521 spondisse
1449 3467 1610 3507 dicitur
1627 3466 1867 3518 Diogenes,
1889 3479 1991 3507 usus
2010 3467 2081 3508 di-

1193 3533 1408 3582 lemmate,
1436 3529 1481 3570 id
1513 3534 1595 3579 est,
1631 3530 1944 3582 complexione,
1976 3544 2074 3585 quaa

1193 3607 1248 3637 ex
1266 3601 1448 3647 utraque
1469 3597 1590 3646 parte
1610 3593 1852 3634 concludit:
1883 3595 1894 3617 ‘
1913 3594 1985 3647 Si:
2009 3595 2076 3636 in-
