2288 3990
430 264 536 316 948

428 393 1299 446 proculdubioexinterlinearibusannota-

428 458 625 497 tiunculis
635 458 677 497 in
689 460 826 498 locum
837 462 1009 500 alterius
1019 463 1204 514 irrepsit.
1234 465 1294 504 0-

424 532 524 561 men
550 527 694 562 autem
723 524 935 575 accepisse
960 525 1214 568 Prienenses
1235 530 1295 568 vi-

424 583 579 624 dentur
587 597 640 623 ex
649 585 738 636 ipso
748 586 904 638 navigii
914 589 1099 640 nomiue3
1110 597 1175 631 est
1184 592 1296 632 enim

424 644 553 696 κύμβη
581 648 745 688 Graecis
780 661 864 687 non
895 651 1031 690 solum
1060 653 1201 693 lembus
1230 655 1297 693 vel

423 712 615 759 navicula,
639 710 712 750 sed
732 711 861 750 etiam
878 717 1010 764 caput,
1026 719 1176 766 vertex,
1184 716 1295 768 fidu-

422 773 500 826 cia,
517 786 567 814 ac
584 787 733 814 summa
749 786 894 827 rerum,
914 777 1067 828 κορωνὶς
1084 778 1148 818 καὶ
1174 778 1295 830 κεφά-

421 844 547 877 λαιον.
616 835 760 890 Atque
794 839 855 878 ita
904 841 1142 893 cymbulam
1178 843 1294 883 illam

419 897 695 950 interpretati
710 899 966 941 Prienenses
979 902 1163 943 libenter
1177 916 1295 944 rece-

420 967 594 1011 perunt,
612 966 743 1014 atque
762 963 892 1002 etiam
917 965 1108 1005 victoriae
1140 966 1292 1007 ducem

419 1023 676 1064 habuerunt.
729 1026 865 1065 Erant
895 1034 1036 1067 autem
1065 1029 1218 1069 Samiis
1249 1030 1293 1070 iu

421 1098 499 1125 usu
519 1087 683 1138 cymbae
703 1087 899 1139 biremes,
918 1102 943 1129 a
968 1091 1195 1142 Polycrate
1230 1098 1292 1143 ty-

421 1159 554 1188 ranno
592 1150 771 1200 primum
803 1153 1007 1201 inventae,
1036 1151 1172 1193 forma
1198 1152 1292 1194 fere

420 1211 604 1251 rotunda
635 1219 680 1251 et
725 1225 924 1263 concava,
957 1215 1002 1253 in
1037 1216 1121 1255 alvi
1156 1227 1292 1267 prope

422 1272 608 1324 effigiem
637 1273 874 1322 fabricatae,
907 1276 1080 1316 Duridis
1108 1289 1214 1328 opus
1241 1290 1293 1318 ac

418 1334 684 1386 figmentum,
698 1337 912 1376 Samaenas
929 1339 1223 1388 appellabant,
1238 1351 1294 1378 ex

421 1409 504 1448 quo
523 1410 678 1448 genere
699 1399 868 1438 missam
889 1411 1015 1439 unam
1033 1399 1163 1440 fuisse
1183 1402 1294 1441 veri-

420 1461 555 1500 simile
576 1461 759 1500 videtur.
817 1462 1054 1502 Meminere
1081 1463 1294 1502 Samaena·

421 1535 513 1563 rum
534 1523 699 1574 Suidas,
719 1523 991 1576 Plutarchus,
1019 1529 1065 1564 et
1091 1525 1294 1565 Athenae·

419 1599 485 1638 ns,
531 1588 605 1639 qni
639 1588 800 1627 Samias
844 1589 949 1629 item
994 1592 1136 1631 vocari
1170 1591 1293 1632 dicit.

421 1649 607 1700 Pighius.

485 1715 508 1765 ᾗ
550 1717 576 1753 2
617 1713 893 1766 Aponianam]
940 1715 1169 1767 Apollonia
1201 1718 1292 1769 plu-

420 1775 531 1815 rium
565 1776 733 1816 urbium
778 1789 931 1816 nomen
963 1778 1060 1829 fuit,
1095 1780 1215 1819 unius
1247 1779 1292 1818 in

421 1837 585 1890 Epyro,
604 1838 655 1877 de
675 1851 758 1890 qua
781 1851 894 1879 nunc
915 1840 1082 1891 agitur3
1120 1842 1293 1882 alterius

417 1899 460 1938 in
478 1900 635 1940 Creta:
657 1901 795 1940 teriiae
823 1901 867 1940 in
886 1902 1095 1954 Thracia;
1126 1910 1292 1956 quartae

418 1961 460 2001 in
481 1963 616 2014 Syria.
649 1964 798 2004 Oliver.

473 2024 652 2076 Illyrico]
682 2024 848 2064 Plinius
868 2026 978 2066 hanc
993 2027 1210 2079 regionem
1229 2030 1293 2070 in-

418 2090 488 2125 ter
522 2086 687 2125 Arsiam
722 2091 767 2126 et
801 2087 961 2128 Titium
994 2088 1166 2130 flumina
1193 2103 1292 2131 con·

420 2148 606 2199 stringit.

473 2211 745 2262 Epidamnios]
774 2212 1037 2263 Epidamnus
1056 2214 1292 2268 Thucydidi

417 2275 649 2315 Dalmatiae
680 2281 754 2314 aut
773 2276 1042 2317 Macedoniae
1063 2279 1228 2319 colonia
1247 2284 1294 2319 et

416 2339 645 2388 oppidum;
679 2343 855 2390 propter
879 2339 1191 2392 inauspicatum
1218 2353 1292 2381 no-

416 2411 514 2439 men
533 2412 558 2439 a
575 2400 777 2439 Romanis
803 2401 1084 2451 Dyrrachium
1103 2403 1293 2455 appella-

418 2467 509 2501 tum
547 2461 693 2512 fuisse,
722 2462 899 2503 tradunt
929 2464 1089 2513 Livius,
1124 2465 1292 2515 Strabo,

417 2523 602 2574 Plinius,
623 2529 668 2563 et
686 2524 819 2564 Mela.
875 2525 1042 2565 Quibus
1062 2526 1294 2566 assentitur

417 2597 583 2638 quoque
603 2586 721 2625 Dion
740 2585 811 2626 lib.
837 2597 932 2626 xm.
963 2587 1024 2626 ita
1055 2592 1213 2638 tamen,
1243 2594 1291 2628 ut

418 2648 686 2698 subdubitat,
704 2660 803 2687 num
823 2648 906 2687 duo
926 2648 1095 2688 diversa
1114 2651 1199 2689 sint
1217 2662 1291 2701 op-

416 2712 531 2763 pida.
585 2711 809 2763 Appianus
827 2717 968 2751 autem
987 2723 1036 2752 11.
1069 2712 1191 2752 Civil.
1210 2713 1290 2752 hoc

417 2776 546 2826 plane
564 2774 778 2824 adfirmat,
796 2773 857 2814 ait
876 2775 987 2814 enim
1007 2775 1289 2825 Epidamnum

417 2838 604 2889 paullum
626 2842 834 2877 remotum
865 2850 889 2876 a
909 2838 1030 2887 mari,
1055 2838 1290 2888 Dyrrachi·

417 2911 489 2938 nm
521 2910 623 2938 vero
651 2910 785 2951 prope
799 2899 935 2950 ipsum
959 2911 1104 2950 mare;
1130 2899 1171 2938 in
1189 2911 1291 2950 pen-

415 2961 572 3012 insula,
620 2966 733 3000 teste
766 2961 1004 3010 Strabone;
1048 2961 1292 3013 Epidamni-

418 3036 502 3075 que
522 3024 673 3063 navale
689 3034 782 3063 esse
799 3023 920 3064 dicit.
973 3023 1190 3076 Additque
1209 3024 1290 3065 hoc

416 3084 524 3126 falso
553 3099 579 3126 a
608 3086 861 3138 quibusdam
889 3087 1174 3138 Epidamnum
1202 3087 1290 3128 dic·

419 3154 534 3189 tum:
566 3154 717 3201 postea
744 3155 886 3188 tamen
905 3149 965 3188 sic
984 3150 1242 3189 nominatum
1265 3164 1290 3190 a

419 3210 772 3263 Corcyrensibus,
810 3211 923 3263 quod
961 3211 1187 3263 Dyrrachii
1217 3224 1289 3252 no-

417 3284 515 3312 men
546 3274 777 3314 ominosum
802 3274 1056 3325 habebatur,
1077 3279 1287 3314 vetustam

417 3341 558 3374 autem
578 3336 905 3388 appellationem
933 3337 1098 3386 vicisse,
1118 3342 1162 3375 et
1182 3337 1289 3388 Dyr-

419 3397 551 3436 rachii
580 3411 731 3438 nomen
763 3410 950 3440 manere.
1004 3399 1237 3450 Discrepat
1265 3412 1290 3438 a

421 3461 589 3501 caeteris
609 3463 801 3503 omnibus
822 3461 1056 3516 Appianus,
1088 3461 1154 3503 bic
1173 3473 1287 3502 nam-

1012 283 1186 324 NOTAE
1230 285 1556 328 VARIORUM
1598 291 1663 330 IN

1359 415 1441 455 que
1464 405 1688 456 Dyrrachii
1707 419 1860 448 nomen
1880 409 2128 462 ominosum,
2149 422 2233 451 cae-

1360 466 1442 505 teri
1470 468 1698 518 Epidamni
1726 469 1918 521 faciunt3
1956 472 2025 512 hic
2050 474 2231 513 nominis

1357 529 1634 570 mutationem
1670 529 2020 585 Ueronensibus,
2048 534 2122 574 alii
2146 535 2231 575 Ro-

1357 590 1491 629 manis
1506 592 1714 632 tribuunt.
1747 595 1874 634 Ortel.

1410 652 1612 703 AEantem]
1641 655 1710 693 De
1743 655 1822 695 hoc
1854 657 2046 696 Flumine
2081 657 2232 709 Steph.

1358 713 1412 752 de
1426 714 1628 765 Urbibus,
1647 716 1760 758 Plin.
1776 718 1849 758 lib.
1863 729 1932 758 111.
1948 731 1986 759 c.
2000 722 2068 758 23.
2089 720 2231 760 Strab.

1356 774 1425 814 lib.
1445 786 1511 815 vr.
1537 781 1582 816 et
1600 788 1680 818 vn.
1701 790 1728 817 e
1755 780 1966 819 Lacmone
1986 779 2114 820 Pindi
2133 792 2231 832 pro-

1355 839 1563 878 montorio
1582 852 1821 892 erumpere,
1839 853 1890 880 ac
1911 848 2068 893 praeter
2095 841 2230 893 Apol-

1354 901 1507 941 loniam
1543 901 1677 943 fluere
1714 905 1757 944 in
1801 916 1917 943 mare
1965 903 2232 945 Adriaticum

1356 967 1569 1005 testatur:
1607 965 1747 1006 Aoum
1784 977 1952 1018 quoque
1999 965 2142 1005 vocari
2178 967 2231 1007 ab

1356 1025 1563 1066 Hecataeo
1583 1028 1756 1080 aliisque
1786 1027 2106 1079 antiquioribus.
2162 1029 2230 1068 Ex

1355 1099 1438 1139 quo
1457 1089 1630 1140 quidem
1648 1091 1819 1131 nomine
1838 1090 2031 1140 suspicor
2051 1088 2230 1141 Apollo-

1355 1150 1490 1190 niatas
1507 1164 1630 1192 omen
1650 1154 1867 1204 accepisse
1885 1169 1898 1204 3
1914 1152 1989 1193 ᾰως
2001 1153 2113 1193 enim
2125 1151 2232 1193 salus

1355 1213 1425 1252 vel
1441 1215 1587 1254 medela
1601 1219 1680 1255 est.
1710 1215 1897 1266 Pighius.

1407 1275 1610 1326 AEantem]
1643 1277 1755 1317 Quia
1770 1283 1963 1318 veterum
1982 1277 2232 1329 superstitio

1354 1337 1512 1387 tenuit,
1532 1338 1693 1378 Fluviis
1712 1339 1902 1390 ejusdem
1920 1341 2098 1380 nominis
2113 1341 2230 1380 Deos

1355 1409 1558 1449 praeesse,
1575 1401 1687 1441 unde
1715 1402 1894 1454 Tyberis
1921 1409 1968 1443 et
1992 1402 2231 1454 Tyberin'us

1355 1460 1583 1501 invocatur
1593 1462 1707 1514 apud
1719 1465 1940 1505 Maronem
1952 1479 1965 1515 ;
1985 1477 2070 1505 non
2083 1464 2231 1506 absur-

1356 1520 1456 1561 dum
1475 1522 1587 1564 forte
1605 1531 1718 1565 esset
1739 1526 1900 1578 dicere,
1929 1525 2229 1579 Apolloniatas

1355 1583 1561 1624 Fluminis
1580 1588 1661 1636 sui,
1675 1591 1874 1639 tanquam
1891 1588 1974 1629 Dei
1987 1588 2229 1639 imaginem,

1355 1650 1402 1684 et
1419 1657 1502 1685 non
1520 1647 1730 1694 AEantem,
1750 1650 1830 1689 sibi
1849 1650 1999 1690 ducem
2020 1650 2229 1690 constitu-

1356 1707 1472 1757 isse;
1490 1708 1596 1748 sed
1586 1721 1628 1748 m
1647 1711 1789 1761 priore
1808 1711 2024 1751 sententia
2039 1711 2226 1753 oliveri-

1359 1781 1424 1808 um
1446 1771 1676 1822 sequimur.
1702 1773 1871 1814 Badias.

1410 1832 1524 1872 CAP.
1542 1844 1607 1875 vr.
1635 1834 1700 1886 §l
1731 1835 1820 1876 Ser.
1838 1835 1978 1888 Tullio,
2001 1836 2092 1888 ξω]
2121 1835 2229 1877 Con-

1354 1894 1453 1945 tigit
1476 1893 1531 1935 A.
1551 1896 1604 1936 U.
1625 1907 1694 1936 ct..
1716 1897 1905 1938 circiter.

1410 1957 1629 1998 Flammam
1645 1960 1863 2012 emicuisse]
1875 1961 2034 2012 Ingens
2051 1960 2132 2001 hoc
2151 1973 2226 2002 na-

1355 2023 1465 2059 turae
1484 2020 1737 2061 miraculum
1754 2024 1915 2073 Livius,
1932 2024 2110 2075 Plinius,
2129 2025 2224 2064 Flo-

1354 2092 1443 2132 rus,
1469 2082 1614 2122 Valer.
1649 2083 1720 2124 hic
1756 2085 1986 2137 Maximus,
2003 2086 2232 2138 Apuleius,

1354 2143 1487 2184 Dion.
1515 2144 1895 2199 Halicarnassaeus,
1928 2148 2087 2201 aliique
2131 2148 2226 2189 dili-

1352 2211 1505 2259 gentes
1551 2213 1724 2249 autores
1778 2217 2080 2263 exposuerunt,
2117 2224 2223 2264 quos

1352 2281 1495 2322 operae
1515 2282 1598 2310 non
1625 2272 1710 2312 erit
1737 2272 1978 2314 adduxisse.
2032 2274 2158 2316 Quod
2185 2274 2224 2313 si

1351 2343 1484 2384 ocyus
1503 2333 1594 2384 quis
1622 2339 1731 2374 actae
1750 2336 1811 2374 rei
1830 2335 1982 2376 seriem
2002 2341 2225 2388 expectat,

1353 2395 1501 2435 audiat
1519 2396 1653 2435 solum
1669 2397 1920 2448 Dionysium
1937 2397 2086 2450 Antiq.
2099 2399 2225 2440 Rom.

1351 2458 1426 2498 lib.
1445 2470 1511 2500 lv,
1541 2460 1663 2511 cujus
1696 2460 1862 2500 vicariis
1895 2467 1993 2500 utar
2022 2461 2220 2501 vocibus:

1350 2522 1514 2562 ‘Quum
1543 2523 1771 2574 aliquando
1791 2525 1909 2564 circa
1935 2524 2156 2564 meridiem
2176 2525 2221 2564 in

1351 2585 1472 2635 regio
1519 2586 1707 2625 thalamo
1743 2586 2022 2636 consedisset,
2057 2598 2223 2626 somno-

1352 2658 1432 2698 que
1452 2652 1567 2687 esset
1588 2659 1827 2699 oppressuS,
1844 2647 2016 2688 flamma
2033 2660 2058 2688 e
2074 2647 2220 2700 capite

1349 2708 1482 2760 ipsius
1520 2709 1710 2750 emicuit.
1766 2709 1904 2762 quue
1937 2721 2021 2749 non
2053 2713 2219 2750 tantum

1349 2776 1489 2812 mater
1508 2772 1617 2823 ejus,
1646 2780 1691 2813 ct
1716 2773 1878 2825 regina,
1899 2785 1993 2825 quae
2021 2785 2100 2825 per
2128 2774 2221 2814 tha-

1350 2835 1508 2875 lamum
1541 2835 1879 2887 inambulabam,
1905 2835 2219 2887 inspecturum,

1349 2897 1428 2936 sed
1455 2901 1501 2937 et
1530 2908 1691 2948 omnes,
1735 2897 1807 2950 qui
1843 2909 1942 2938 cum
1971 2898 2221 2938 mulieribus

1350 2963 1440 2998 tum
1461 2958 1573 3000 forte
1608 2959 1816 3000 aderant:
1843 2971 1924 2999 nec
1944 2961 2062 3012 prius
2082 2964 2220 3000 totum

1351 3022 1444 3074 ejus
1471 3027 1602 3074 caput
1637 3020 1806 3062 flamma
1839 3023 2051 3062 collucere
2077 3022 2219 3071 desiit,

1351 3097 1479 3138 quam
1499 3097 1522 3124 a
1557 3089 1694 3124 matre
1724 3090 1976 3125 accurrente
2009 3084 2219 3124 excitare-

1351 3154 1439 3200 tur,
1471 3159 1556 3199 quo
1580 3146 1715 3198 facto,
1746 3146 1917 3188 flamma
1951 3147 2075 3186 simul
2120 3157 2216 3186 cnm

1352 3221 1497 3250 somno
1525 3209 1736 3261 dispersa,
1762 3207 1964 3248 evanuit!
2015 3207 2218 3247 Breviter

1350 3273 1491 3313 omnia
1504 3271 1803 3323 complectitur
1823 3271 2003 3311 Ovidius
2021 3271 2134 3310 Fast.
2153 3280 2217 3310 vr.

1347 3337 1359 3357 ‘
1380 3334 1511 3385 Signa
1529 3333 1648 3372 dedit
1667 3334 1848 3383 genitor,
1864 3341 1950 3372 tum
1970 3344 2066 3372 cum
2085 3338 2216 3382 caput

1350 3398 1448 3447 igne
1473 3406 1652 3436 corusco
1683 3395 1891 3445 Contigit,
1919 3395 2048 3446 inque
2079 3393 2214 3432 comis

1350 3460 1566 3500 flammeus
1583 3459 1686 3500 arsit
1703 3457 1841 3510 apex.¹
1898 3458 2084 3498 Flamma
2101 3460 2112 3480 ‘
2128 3454 2215 3496 lux'
