<?xml version="1.0" encoding="UTF-8"?>
<!DOCTYPE html PUBLIC "-//W3C//DTD XHTML 1.0 Transitional//EN"
    "http://www.w3.org/TR/xhtml1/DTD/xhtml1-transitional.dtd">
<html xmlns="http://www.w3.org/1999/xhtml" xml:lang="en" lang="en">
 <head>
  <title>
</title>
<meta http-equiv="Content-Type" content="text/html;charset=utf-8" />
  <meta name='ocr-system' content='tesseract 3.04.00' />
  <meta name='ocr-capabilities' content='ocr_page ocr_carea ocr_par ocr_line ocrx_word'/>
</head>
<body>
  <div class='ocr_page' id='page_1' title='image "./factorumdictorum03valeuoft_0303.png"; bbox 0 0 2320 4004; ppageno 0'>
   <div class='ocr_carea' id='block_1_1' title="bbox 607 245 1669 304">
    <p class='ocr_par' dir='ltr' id='par_1_1' title="bbox 607 245 1669 304">
     <span class='ocr_line' id='line_1_1' title="bbox 607 245 1669 304; baseline -0.007 -1"><span class='ocrx_word' id='word_1_1' title='bbox 607 261 868 303; x_wconf 72' lang='lat' dir='ltr'><strong>vALssuu</strong></span> <span class='ocrx_word' id='word_1_2' title='bbox 910 259 1154 298; x_wconf 82' lang='lat' dir='ltr'><strong>MAx1M1</strong></span> <span class='ocrx_word' id='word_1_3' title='bbox 1196 259 1317 298; x_wconf 77' lang='lat' dir='ltr'><strong>Lm.</strong></span> <span class='ocrx_word' id='word_1_4' title='bbox 1356 259 1416 299; x_wconf 82' lang='lat' dir='ltr'><strong>v.</strong></span> <span class='ocrx_word' id='word_1_5' title='bbox 1458 258 1593 300; x_wconf 83' lang='lat' dir='ltr'><strong>CAP.</strong></span> <span class='ocrx_word' id='word_1_6' title='bbox 1616 245 1669 304; x_wconf 86' lang='lat'><strong>7.</strong></span> 
     </span>
    </p>
   </div>
   <div class='ocr_carea' id='block_1_2' title="bbox 208 380 1104 3567">
    <p class='ocr_par' dir='ltr' id='par_1_2' title="bbox 208 380 1095 1000">
     <span class='ocr_line' id='line_1_2' title="bbox 208 380 1090 438; baseline -0.011 -9"><span class='ocrx_word' id='word_1_7' title='bbox 208 387 379 430; x_wconf 76' lang='lat' dir='ltr'>ditione</span> <span class='ocrx_word' id='word_1_8' title='bbox 400 396 508 438; x_wconf 86' lang='lat' dir='ltr'><strong>sese,</strong></span> <span class='ocrx_word' id='word_1_9' title='bbox 542 397 669 438; x_wconf 88' lang='lat' dir='ltr'><strong>quem</strong></span> <span class='ocrx_word' id='word_1_10' title='bbox 689 383 734 423; x_wconf 90' lang='lat' dir='ltr'><strong>in</strong></span> <span class='ocrx_word' id='word_1_11' title='bbox 753 383 893 423; x_wconf 90' lang='lat' dir='ltr'><strong>locum</strong></span> <span class='ocrx_word' id='word_1_12' title='bbox 913 380 1090 429; x_wconf 82' lang='lat' dir='ltr'><strong>vellent,</strong></span> 
     </span>
     <span class='ocr_line' id='line_1_3' title="bbox 209 444 1088 505; baseline -0.011 -13"><span class='ocrx_word' id='word_1_13' title='bbox 209 462 488 505; x_wconf 85' lang='lat' dir='ltr'><strong>processuros</strong></span> <span class='ocrx_word' id='word_1_14' title='bbox 527 449 814 489; x_wconf 83' lang='lat' dir='ltr'><strong>dimitterent.</strong></span> <span class='ocrx_word' id='word_1_15' title='bbox 890 444 1088 495; x_wconf 81' lang='lat' dir='ltr'><strong>Philaeni,</strong></span> 
     </span>
     <span class='ocr_line' id='line_1_4' title="bbox 211 509 1091 565; baseline -0.01 -9"><span class='ocrx_word' id='word_1_16' title='bbox 211 515 462 558; x_wconf 88' lang='lat' dir='ltr'><strong>conditione</strong></span> <span class='ocrx_word' id='word_1_17' title='bbox 483 512 681 565; x_wconf 85' lang='lat' dir='ltr'><strong>probata,</strong></span> <span class='ocrx_word' id='word_1_18' title='bbox 719 522 848 563; x_wconf 86' lang='lat' dir='ltr'><strong>seque</strong></span> <span class='ocrx_word' id='word_1_19' title='bbox 869 509 1091 560; x_wconf 86' lang='lat' dir='ltr'><strong>vitamque</strong></span> 
     </span>
     <span class='ocr_line' id='line_1_5' title="bbox 212 571 1094 629; baseline -0.009 -10"><span class='ocrx_word' id='word_1_20' title='bbox 212 591 333 619; x_wconf 83' lang='lat' dir='ltr'><strong>suam</strong></span> <span class='ocrx_word' id='word_1_21' title='bbox 361 577 610 629; x_wconf 86' lang='lat' dir='ltr'><strong>reipublicae</strong></span> <span class='ocrx_word' id='word_1_22' title='bbox 639 575 953 616; x_wconf 83' lang='lat' dir='ltr'><strong>condonavere.</strong></span> <span class='ocrx_word' id='word_1_23' title='bbox 1021 571 1094 611; x_wconf 86' lang='lat' dir='ltr'><strong>Ita</strong></span> 
     </span>
     <span class='ocr_line' id='line_1_6' title="bbox 213 638 1093 690; baseline -0.005 -10"><span class='ocrx_word' id='word_1_24' title='bbox 213 641 300 682; x_wconf 86' lang='lat' dir='ltr'><strong>vivi</strong></span> <span class='ocrx_word' id='word_1_25' title='bbox 319 640 464 682; x_wconf 87' lang='lat' dir='ltr'><strong>obruti</strong></span> <span class='ocrx_word' id='word_1_26' title='bbox 484 646 598 682; x_wconf 89' lang='lat' dir='ltr'><strong>sunt.</strong></span> <span class='ocrx_word' id='word_1_27' title='bbox 653 638 1029 690; x_wconf 78' lang='lat' dir='ltr'><strong>Carthaginienses</strong></span> <span class='ocrx_word' id='word_1_28' title='bbox 1048 638 1093 676; x_wconf 90' lang='lat' dir='ltr'><strong>in</strong></span> 
     </span>
     <span class='ocr_line' id='line_1_7' title="bbox 211 701 1094 745; baseline -0.005 -1"><span class='ocrx_word' id='word_1_29' title='bbox 211 715 264 745; x_wconf 88' lang='lat' dir='ltr'><strong>eo</strong></span> <span class='ocrx_word' id='word_1_30' title='bbox 280 704 375 744; x_wconf 93' lang='lat' dir='ltr'><strong>loco</strong></span> <span class='ocrx_word' id='word_1_31' title='bbox 389 703 595 744; x_wconf 84' lang='lat' dir='ltr'><strong>Philaenis</strong></span> <span class='ocrx_word' id='word_1_32' title='bbox 610 701 819 743; x_wconf 85' lang='lat' dir='ltr'><strong>fratribus</strong></span> <span class='ocrx_word' id='word_1_33' title='bbox 835 713 931 741; x_wconf 90' lang='lat' dir='ltr'><strong>aras</strong></span> <span class='ocrx_word' id='word_1_34' title='bbox 947 713 1094 741; x_wconf 86' lang='lat' dir='ltr'><strong>conse·</strong></span> 
     </span>
     <span class='ocr_line' id='line_1_8' title="bbox 211 764 1095 820; baseline -0.007 -11"><span class='ocrx_word' id='word_1_35' title='bbox 211 780 411 819; x_wconf 67' lang='lat' dir='ltr'><strong>crevere,</strong></span> <span class='ocrx_word' id='word_1_36' title='bbox 442 768 635 820; x_wconf 86' lang='lat' dir='ltr'><strong>aliosque</strong></span> <span class='ocrx_word' id='word_1_37' title='bbox 671 766 734 806; x_wconf 91' lang='lat' dir='ltr'><strong>illi</strong></span> <span class='ocrx_word' id='word_1_38' title='bbox 767 766 948 806; x_wconf 88' lang='lat' dir='ltr'><strong>honores</strong></span> <span class='ocrx_word' id='word_1_39' title='bbox 978 764 1095 804; x_wconf 90' lang='lat' dir='ltr'><strong>domi</strong></span> 
     </span>
     <span class='ocr_line' id='line_1_9' title="bbox 211 829 1094 883; baseline -0.007 -9"><span class='ocrx_word' id='word_1_40' title='bbox 211 831 562 874; x_wconf 84' lang='lat' dir='ltr'><strong>constituerunt.’</strong></span> <span class='ocrx_word' id='word_1_41' title='bbox 615 833 686 872; x_wconf 92' lang='lat' dir='ltr'><strong>De</strong></span> <span class='ocrx_word' id='word_1_42' title='bbox 706 830 857 883; x_wconf 90' lang='lat' dir='ltr'><strong>quibus</strong></span> <span class='ocrx_word' id='word_1_43' title='bbox 874 829 1032 870; x_wconf 83' lang='lat' dir='ltr'><strong>Strabo</strong></span> <span class='ocrx_word' id='word_1_44' title='bbox 1050 829 1094 869; x_wconf 89' lang='lat' dir='ltr'><strong>in</strong></span> 
     </span>
     <span class='ocr_line' id='line_1_10' title="bbox 211 891 1092 937; baseline -0.002 -2"><span class='ocrx_word' id='word_1_45' title='bbox 211 895 298 936; x_wconf 84' lang='lat' dir='ltr'><strong>fine</strong></span> <span class='ocrx_word' id='word_1_46' title='bbox 344 896 482 937; x_wconf 85' lang='lat' dir='ltr'><strong>ultimi</strong></span> <span class='ocrx_word' id='word_1_47' title='bbox 527 894 628 936; x_wconf 82' lang='lat' dir='ltr'>libri</span> <span class='ocrx_word' id='word_1_48' title='bbox 667 894 930 935; x_wconf 82' lang='lat' dir='ltr'><strong>mentionem</strong></span> <span class='ocrx_word' id='word_1_49' title='bbox 971 891 1092 934; x_wconf 83' lang='lat' dir='ltr'><strong>facit.</strong></span> 
     </span>
     <span class='ocr_line' id='line_1_11' title="bbox 214 959 370 1000; baseline 0.013 -2"><span class='ocrx_word' id='word_1_50' title='bbox 214 959 370 1000; x_wconf 80' lang='lat' dir='ltr'><strong>Oliver.</strong></span> 
     </span>
    </p>

    <p class='ocr_par' dir='ltr' id='par_1_3' title="bbox 213 1019 1094 1137">
     <span class='ocr_line' id='line_1_12' title="bbox 268 1019 1094 1074; baseline -0.005 -11"><span class='ocrx_word' id='word_1_51' title='bbox 268 1022 476 1074; x_wconf 66' lang='lat' dir='ltr'><strong>Terribilis</strong></span> <span class='ocrx_word' id='word_1_52' title='bbox 509 1021 660 1073; x_wconf 78' lang='lat' dir='ltr'><strong>classis]</strong></span> <span class='ocrx_word' id='word_1_53' title='bbox 703 1020 956 1062; x_wconf 69' lang='lat' dir='ltr'><strong>Praesertim</strong></span> <span class='ocrx_word' id='word_1_54' title='bbox 992 1019 1094 1073; x_wconf 89' lang='lat' dir='ltr'><strong>quia</strong></span> 
     </span>
     <span class='ocr_line' id='line_1_13' title="bbox 213 1084 1038 1137; baseline -0.002 -10"><span class='ocrx_word' id='word_1_55' title='bbox 213 1085 359 1127; x_wconf 79' lang='lat' dir='ltr'><strong>Sicilia</strong></span> <span class='ocrx_word' id='word_1_56' title='bbox 376 1091 423 1126; x_wconf 93' lang='lat' dir='ltr'><strong>et</strong></span> <span class='ocrx_word' id='word_1_57' title='bbox 443 1084 659 1137; x_wconf 86' lang='lat' dir='ltr'><strong>Hispania</strong></span> <span class='ocrx_word' id='word_1_58' title='bbox 678 1090 770 1125; x_wconf 87' lang='lat' dir='ltr'><strong>tota</strong></span> <span class='ocrx_word' id='word_1_59' title='bbox 789 1085 935 1125; x_wconf 89' lang='lat' dir='ltr'><strong>deleta</strong></span> <span class='ocrx_word' id='word_1_60' title='bbox 955 1092 1038 1125; x_wconf 88' lang='lat' dir='ltr'><strong>est.</strong></span> 
     </span>
    </p>

    <p class='ocr_par' dir='ltr' id='par_1_4' title="bbox 210 1149 1095 1320">
     <span class='ocr_line' id='line_1_14' title="bbox 268 1149 1094 1201; baseline -0.002 -11"><span class='ocrx_word' id='word_1_61' title='bbox 268 1151 342 1190; x_wconf 80' lang='lat' dir='ltr'><strong>Tot</strong></span> <span class='ocrx_word' id='word_1_62' title='bbox 371 1149 586 1201; x_wconf 75' lang='lat' dir='ltr'><strong>exercitus]</strong></span> <span class='ocrx_word' id='word_1_63' title='bbox 614 1149 915 1201; x_wconf 83' lang='lat' dir='ltr'><strong>Hasdrubalis,</strong></span> <span class='ocrx_word' id='word_1_64' title='bbox 945 1150 1094 1200; x_wconf 84' lang='lat' dir='ltr'><strong>Mago-</strong></span> 
     </span>
     <span class='ocr_line' id='line_1_15' title="bbox 211 1213 1095 1266; baseline 0 -12"><span class='ocrx_word' id='word_1_65' title='bbox 211 1213 296 1265; x_wconf 80' lang='lat' dir='ltr'><strong>nis,</strong></span> <span class='ocrx_word' id='word_1_66' title='bbox 317 1213 533 1266; x_wconf 83' lang='lat' dir='ltr'><strong>Gisgonis,</strong></span> <span class='ocrx_word' id='word_1_67' title='bbox 562 1213 810 1266; x_wconf 86' lang='lat' dir='ltr'><strong>Amilcaris,</strong></span> <span class='ocrx_word' id='word_1_68' title='bbox 836 1221 882 1255; x_wconf 87' lang='lat' dir='ltr'><strong>et</strong></span> <span class='ocrx_word' id='word_1_69' title='bbox 902 1213 1095 1255; x_wconf 86' lang='lat' dir='ltr'><strong>Anniba-</strong></span> 
     </span>
     <span class='ocr_line' id='line_1_16' title="bbox 210 1277 941 1320; baseline 0.003 -2"><span class='ocrx_word' id='word_1_70' title='bbox 210 1277 281 1318; x_wconf 82' lang='lat' dir='ltr'><strong>lis.</strong></span> <span class='ocrx_word' id='word_1_71' title='bbox 937 1317 941 1320; x_wconf 86' lang='lat'><strong>.</strong></span> 
     </span>
    </p>

    <p class='ocr_par' dir='ltr' id='par_1_5' title="bbox 213 1342 1104 3111">
     <span class='ocr_line' id='line_1_17' title="bbox 269 1342 1094 1398; baseline 0.004 -15"><span class='ocrx_word' id='word_1_72' title='bbox 269 1344 293 1396; x_wconf 64' lang='grc' dir='ltr'><strong>ξ</strong></span> <span class='ocrx_word' id='word_1_73' title='bbox 311 1347 336 1383; x_wconf 84' lang='grc'><strong><em>5</em></strong></span> <span class='ocrx_word' id='word_1_74' title='bbox 356 1342 590 1384; x_wconf 67' lang='lat' dir='ltr'><strong>Aristoteles</strong></span> <span class='ocrx_word' id='word_1_75' title='bbox 605 1343 715 1395; x_wconf 84' lang='lat' dir='ltr'><strong>vero]</strong></span> <span class='ocrx_word' id='word_1_76' title='bbox 743 1342 1003 1386; x_wconf 87' lang='lat' dir='ltr'><strong>Aristoteles</strong></span> <span class='ocrx_word' id='word_1_77' title='bbox 1021 1358 1094 1398; x_wconf 90' lang='lat' dir='ltr'><strong>pa-</strong></span> 
     </span>
     <span class='ocr_line' id='line_1_18' title="bbox 215 1407 1096 1463; baseline 0.003 -15"><span class='ocrx_word' id='word_1_78' title='bbox 215 1407 302 1449; x_wconf 85' lang='lat' dir='ltr'><strong>tria</strong></span> <span class='ocrx_word' id='word_1_79' title='bbox 327 1407 420 1459; x_wconf 87' lang='lat' dir='ltr'><strong>jam</strong></span> <span class='ocrx_word' id='word_1_80' title='bbox 447 1419 598 1448; x_wconf 88' lang='lat' dir='ltr'><strong>eversa</strong></span> <span class='ocrx_word' id='word_1_81' title='bbox 617 1421 642 1448; x_wconf 90' lang='lat' dir='ltr'><strong>a</strong></span> <span class='ocrx_word' id='word_1_82' title='bbox 666 1409 889 1462; x_wconf 87' lang='lat' dir='ltr'><strong>Philippo,</strong></span> <span class='ocrx_word' id='word_1_83' title='bbox 921 1416 969 1450; x_wconf 90' lang='lat' dir='ltr'><strong>ut</strong></span> <span class='ocrx_word' id='word_1_84' title='bbox 999 1411 1096 1463; x_wconf 91' lang='lat' dir='ltr'><strong>qui-</strong></span> 
     </span>
     <span class='ocr_line' id='line_1_19' title="bbox 215 1470 1098 1526; baseline 0.006 -16"><span class='ocrx_word' id='word_1_85' title='bbox 215 1470 316 1511; x_wconf 81' lang='lat' dir='ltr'><strong>dam</strong></span> <span class='ocrx_word' id='word_1_86' title='bbox 335 1470 503 1522; x_wconf 88' lang='lat' dir='ltr'><strong>dicunt,</strong></span> <span class='ocrx_word' id='word_1_87' title='bbox 535 1478 583 1512; x_wconf 87' lang='lat' dir='ltr'><strong>ut</strong></span> <span class='ocrx_word' id='word_1_88' title='bbox 614 1473 702 1523; x_wconf 86' lang='lat' dir='ltr'><strong>alii,</strong></span> <span class='ocrx_word' id='word_1_89' title='bbox 735 1473 790 1513; x_wconf 89' lang='lat' dir='ltr'><strong>ab</strong></span> <span class='ocrx_word' id='word_1_90' title='bbox 828 1473 1098 1526; x_wconf 86' lang='lat' dir='ltr'><strong>Alexandro,</strong></span> 
     </span>
     <span class='ocr_line' id='line_1_20' title="bbox 215 1536 1098 1591; baseline 0.005 -16"><span class='ocrx_word' id='word_1_91' title='bbox 215 1541 265 1576; x_wconf 87' lang='lat' dir='ltr'><strong>ut</strong></span> <span class='ocrx_word' id='word_1_92' title='bbox 281 1541 596 1577; x_wconf 86' lang='lat' dir='ltr'><strong>restauraretur</strong></span> <span class='ocrx_word' id='word_1_93' title='bbox 612 1536 815 1590; x_wconf 84' lang='lat' dir='ltr'><strong>obtinuit,</strong></span> <span class='ocrx_word' id='word_1_94' title='bbox 829 1538 1032 1591; x_wconf 86' lang='lat' dir='ltr'><strong>legesque</strong></span> <span class='ocrx_word' id='word_1_95' title='bbox 1050 1544 1098 1580; x_wconf 90' lang='lat' dir='ltr'><strong>et</strong></span> 
     </span>
     <span class='ocr_line' id='line_1_21' title="bbox 213 1597 1096 1655; baseline 0.001 -14"><span class='ocrx_word' id='word_1_96' title='bbox 213 1597 397 1641; x_wconf 81' lang='lat' dir='ltr'><strong>formam</strong></span> <span class='ocrx_word' id='word_1_97' title='bbox 430 1600 680 1651; x_wconf 88' lang='lat' dir='ltr'><strong>reipublicae</strong></span> <span class='ocrx_word' id='word_1_98' title='bbox 715 1601 811 1653; x_wconf 91' lang='lat' dir='ltr'><strong>ipse</strong></span> <span class='ocrx_word' id='word_1_99' title='bbox 847 1601 1096 1655; x_wconf 82' lang='lat' dir='ltr'><strong>descripsit,</strong></span> 
     </span>
     <span class='ocr_line' id='line_1_22' title="bbox 215 1663 1098 1715; baseline 0.006 -13"><span class='ocrx_word' id='word_1_100' title='bbox 215 1675 348 1714; x_wconf 86' lang='lat' dir='ltr'><strong>quare</strong></span> <span class='ocrx_word' id='word_1_101' title='bbox 383 1663 654 1715; x_wconf 85' lang='lat' dir='ltr'><strong>postmodum</strong></span> <span class='ocrx_word' id='word_1_102' title='bbox 674 1675 724 1703; x_wconf 85' lang='lat' dir='ltr'><strong>ea</strong></span> <span class='ocrx_word' id='word_1_103' title='bbox 741 1664 896 1704; x_wconf 86' lang='lat' dir='ltr'><strong>civitas</strong></span> <span class='ocrx_word' id='word_1_104' title='bbox 915 1677 989 1705; x_wconf 84' lang='lat' dir='ltr'><strong>usa</strong></span> <span class='ocrx_word' id='word_1_105' title='bbox 1018 1671 1098 1708; x_wconf 84' lang='lat' dir='ltr'><strong>est.</strong></span> 
     </span>
     <span class='ocr_line' id='line_1_23' title="bbox 213 1726 1099 1780; baseline 0.005 -14"><span class='ocrx_word' id='word_1_106' title='bbox 213 1726 317 1766; x_wconf 88' lang='lat' dir='ltr'><strong>Fuit</strong></span> <span class='ocrx_word' id='word_1_107' title='bbox 334 1738 438 1778; x_wconf 88' lang='lat' dir='ltr'><strong>ergo</strong></span> <span class='ocrx_word' id='word_1_108' title='bbox 459 1727 553 1780; x_wconf 89' lang='lat' dir='ltr'><strong>pius</strong></span> <span class='ocrx_word' id='word_1_109' title='bbox 574 1739 676 1777; x_wconf 83' lang='lat' dir='ltr'><strong>erga</strong></span> <span class='ocrx_word' id='word_1_110' title='bbox 695 1728 895 1780; x_wconf 86' lang='lat' dir='ltr'><strong>patriam,</strong></span> <span class='ocrx_word' id='word_1_111' title='bbox 925 1734 970 1769; x_wconf 89' lang='lat' dir='ltr'><strong>et</strong></span> <span class='ocrx_word' id='word_1_112' title='bbox 1001 1742 1099 1770; x_wconf 88' lang='lat' dir='ltr'><strong>cum</strong></span> 
     </span>
     <span class='ocr_line' id='line_1_24' title="bbox 213 1788 1100 1846; baseline 0.005 -17"><span class='ocrx_word' id='word_1_113' title='bbox 213 1794 329 1830; x_wconf 85' lang='lat' dir='ltr'><strong>esset</strong></span> <span class='ocrx_word' id='word_1_114' title='bbox 342 1788 543 1841; x_wconf 83' lang='lat' dir='ltr'><strong>Athenis,</strong></span> <span class='ocrx_word' id='word_1_115' title='bbox 555 1791 697 1843; x_wconf 85' lang='lat' dir='ltr'><strong>etjam</strong></span> <span class='ocrx_word' id='word_1_116' title='bbox 711 1797 844 1831; x_wconf 86' lang='lat' dir='ltr'><strong>aetate</strong></span> <span class='ocrx_word' id='word_1_117' title='bbox 859 1792 1100 1846; x_wconf 85' lang='lat' dir='ltr'><strong>confectus,</strong></span> 
     </span>
     <span class='ocr_line' id='line_1_25' title="bbox 214 1853 1102 1910; baseline 0.005 -15"><span class='ocrx_word' id='word_1_118' title='bbox 214 1853 371 1896; x_wconf 76' lang='lat' dir='ltr'><strong>absens</strong></span> <span class='ocrx_word' id='word_1_119' title='bbox 391 1860 536 1896; x_wconf 88' lang='lat' dir='ltr'><strong>tamen</strong></span> <span class='ocrx_word' id='word_1_120' title='bbox 553 1855 925 1908; x_wconf 82' lang='lat' dir='ltr'><strong>diligentissimam</strong></span> <span class='ocrx_word' id='word_1_121' title='bbox 947 1859 1102 1910; x_wconf 81' lang='lat' dir='ltr'><strong>patriae</strong></span> 
     </span>
     <span class='ocr_line' id='line_1_26' title="bbox 213 1919 1099 1973; baseline 0.006 -15"><span class='ocrx_word' id='word_1_122' title='bbox 213 1930 360 1959; x_wconf 87' lang='lat' dir='ltr'><strong>curam</strong></span> <span class='ocrx_word' id='word_1_123' title='bbox 398 1919 602 1972; x_wconf 86' lang='lat' dir='ltr'><strong>suscepit,</strong></span> <span class='ocrx_word' id='word_1_124' title='bbox 635 1920 709 1973; x_wconf 87' lang='lat' dir='ltr'><strong>qui</strong></span> <span class='ocrx_word' id='word_1_125' title='bbox 745 1932 829 1961; x_wconf 89' lang='lat' dir='ltr'><strong>non</strong></span> <span class='ocrx_word' id='word_1_126' title='bbox 865 1921 985 1973; x_wconf 89' lang='lat' dir='ltr'><strong>prius</strong></span> <span class='ocrx_word' id='word_1_127' title='bbox 1024 1923 1099 1964; x_wconf 89' lang='lat' dir='ltr'><strong>de-</strong></span> 
     </span>
     <span class='ocr_line' id='line_1_27' title="bbox 213 1983 1104 2038; baseline 0.003 -14"><span class='ocrx_word' id='word_1_128' title='bbox 213 1983 344 2035; x_wconf 78' lang='lat' dir='ltr'><strong>stitit,</strong></span> <span class='ocrx_word' id='word_1_129' title='bbox 362 1996 487 2037; x_wconf 89' lang='lat' dir='ltr'><strong>quam</strong></span> <span class='ocrx_word' id='word_1_130' title='bbox 507 1997 533 2025; x_wconf 88' lang='lat' dir='ltr'><strong>a</strong></span> <span class='ocrx_word' id='word_1_131' title='bbox 553 1996 672 2037; x_wconf 87' lang='lat' dir='ltr'><strong>rege,</strong></span> <span class='ocrx_word' id='word_1_132' title='bbox 702 1991 751 2025; x_wconf 90' lang='lat' dir='ltr'><strong>ut</strong></span> <span class='ocrx_word' id='word_1_133' title='bbox 770 1985 1104 2038; x_wconf 84' lang='lat' dir='ltr'><strong>instauraretur,</strong></span> 
     </span>
     <span class='ocr_line' id='line_1_28' title="bbox 213 2048 1102 2102; baseline 0.004 -15"><span class='ocrx_word' id='word_1_134' title='bbox 213 2048 444 2100; x_wconf 82' lang='lat' dir='ltr'><strong>prudentia</strong></span> <span class='ocrx_word' id='word_1_135' title='bbox 461 2061 539 2089; x_wconf 89' lang='lat' dir='ltr'><strong>sua</strong></span> <span class='ocrx_word' id='word_1_136' title='bbox 564 2049 784 2099; x_wconf 88' lang='lat' dir='ltr'><strong>obtinuit;</strong></span> <span class='ocrx_word' id='word_1_137' title='bbox 818 2063 952 2102; x_wconf 87' lang='lat' dir='ltr'><strong>quare</strong></span> <span class='ocrx_word' id='word_1_138' title='bbox 982 2051 1102 2092; x_wconf 89' lang='lat' dir='ltr'><strong>illum</strong></span> 
     </span>
     <span class='ocr_line' id='line_1_29' title="bbox 214 2112 1101 2158; baseline 0.007 -6"><span class='ocrx_word' id='word_1_139' title='bbox 214 2113 332 2153; x_wconf 85' lang='lat' dir='ltr'><strong>cives</strong></span> <span class='ocrx_word' id='word_1_140' title='bbox 352 2112 408 2154; x_wconf 90' lang='lat' dir='ltr'><strong>ob</strong></span> <span class='ocrx_word' id='word_1_141' title='bbox 428 2114 524 2155; x_wconf 86' lang='lat' dir='ltr'><strong>haec</strong></span> <span class='ocrx_word' id='word_1_142' title='bbox 538 2114 696 2154; x_wconf 89' lang='lat' dir='ltr'><strong>merita</strong></span> <span class='ocrx_word' id='word_1_143' title='bbox 711 2114 754 2154; x_wconf 89' lang='lat' dir='ltr'><strong>in</strong></span> <span class='ocrx_word' id='word_1_144' title='bbox 783 2120 907 2156; x_wconf 87' lang='lat' dir='ltr'><strong>tanto</strong></span> <span class='ocrx_word' id='word_1_145' title='bbox 936 2115 1101 2158; x_wconf 88' lang='lat' dir='ltr'><strong>honore</strong></span> 
     </span>
     <span class='ocr_line' id='line_1_30' title="bbox 214 2175 1103 2233; baseline 0.009 -19"><span class='ocrx_word' id='word_1_146' title='bbox 214 2175 419 2227; x_wconf 80' lang='lat' dir='ltr'><strong>habuere,</strong></span> <span class='ocrx_word' id='word_1_147' title='bbox 444 2184 494 2218; x_wconf 91' lang='lat' dir='ltr'><strong>ut</strong></span> <span class='ocrx_word' id='word_1_148' title='bbox 512 2176 650 2217; x_wconf 86' lang='lat' dir='ltr'><strong>festos</strong></span> <span class='ocrx_word' id='word_1_149' title='bbox 680 2177 774 2218; x_wconf 88' lang='lat' dir='ltr'><strong>dies</strong></span> <span class='ocrx_word' id='word_1_150' title='bbox 795 2185 842 2220; x_wconf 91' lang='lat' dir='ltr'><strong>et</strong></span> <span class='ocrx_word' id='word_1_151' title='bbox 860 2179 982 2220; x_wconf 90' lang='lat' dir='ltr'><strong>ludos</strong></span> <span class='ocrx_word' id='word_1_152' title='bbox 1000 2193 1103 2233; x_wconf 88' lang='lat' dir='ltr'><strong>quo-</strong></span> 
     </span>
     <span class='ocr_line' id='line_1_31' title="bbox 219 2239 1102 2295; baseline 0.006 -16"><span class='ocrx_word' id='word_1_153' title='bbox 219 2239 362 2279; x_wconf 79' lang='lat' dir='ltr'><strong>tannis</strong></span> <span class='ocrx_word' id='word_1_154' title='bbox 381 2240 544 2280; x_wconf 88' lang='lat' dir='ltr'><strong>viventi</strong></span> <span class='ocrx_word' id='word_1_155' title='bbox 563 2239 794 2282; x_wconf 83' lang='lat' dir='ltr'><strong>faciendos</strong></span> <span class='ocrx_word' id='word_1_156' title='bbox 819 2243 998 2295; x_wconf 87' lang='lat' dir='ltr'><strong>publice</strong></span> <span class='ocrx_word' id='word_1_157' title='bbox 1031 2244 1102 2285; x_wconf 92' lang='lat' dir='ltr'><strong>de-</strong></span> 
     </span>
     <span class='ocr_line' id='line_1_32' title="bbox 214 2304 1102 2347; baseline 0.003 -3"><span class='ocrx_word' id='word_1_158' title='bbox 214 2304 420 2345; x_wconf 82' lang='lat' dir='ltr'><strong>dicarint.</strong></span> <span class='ocrx_word' id='word_1_159' title='bbox 478 2305 609 2345; x_wconf 87' lang='lat' dir='ltr'><strong>Festa</strong></span> <span class='ocrx_word' id='word_1_160' title='bbox 641 2312 784 2346; x_wconf 87' lang='lat' dir='ltr'><strong>autem</strong></span> <span class='ocrx_word' id='word_1_161' title='bbox 818 2305 1102 2347; x_wconf 90' lang='lat' dir='ltr'><strong>Aristoteleia</strong></span> 
     </span>
     <span class='ocr_line' id='line_1_33' title="bbox 223 2367 1101 2420; baseline 0.005 -13"><span class='ocrx_word' id='word_1_162' title='bbox 223 2372 478 2420; x_wconf 89' lang='lat' dir='ltr'><strong>nuncupata</strong></span> <span class='ocrx_word' id='word_1_163' title='bbox 504 2367 643 2409; x_wconf 87' lang='lat' dir='ltr'><strong>fuere.</strong></span> <span class='ocrx_word' id='word_1_164' title='bbox 700 2369 828 2412; x_wconf 82' lang='lat' dir='ltr'><strong>Quod</strong></span> <span class='ocrx_word' id='word_1_165' title='bbox 862 2382 964 2410; x_wconf 92' lang='lat' dir='ltr'><strong>vero</strong></span> <span class='ocrx_word' id='word_1_166' title='bbox 997 2382 1101 2411; x_wconf 89' lang='lat' dir='ltr'><strong>non-</strong></span> 
     </span>
     <span class='ocr_line' id='line_1_34' title="bbox 217 2430 1099 2475; baseline 0.006 -5"><span class='ocrx_word' id='word_1_167' title='bbox 217 2431 325 2471; x_wconf 87' lang='lat' dir='ltr'><strong>nulli</strong></span> <span class='ocrx_word' id='word_1_168' title='bbox 340 2430 494 2472; x_wconf 86' lang='lat' dir='ltr'><strong>dicunt</strong></span> <span class='ocrx_word' id='word_1_169' title='bbox 510 2444 632 2472; x_wconf 89' lang='lat' dir='ltr'><strong>usum</strong></span> <span class='ocrx_word' id='word_1_170' title='bbox 663 2433 745 2474; x_wconf 87' lang='lat' dir='ltr'><strong>hac</strong></span> <span class='ocrx_word' id='word_1_171' title='bbox 771 2433 1014 2475; x_wconf 89' lang='lat' dir='ltr'><strong>calliditate</strong></span> <span class='ocrx_word' id='word_1_172' title='bbox 1032 2433 1099 2475; x_wconf 91' lang='lat' dir='ltr'><strong>fu-</strong></span> 
     </span>
     <span class='ocr_line' id='line_1_35' title="bbox 218 2494 1099 2547; baseline 0.006 -13"><span class='ocrx_word' id='word_1_173' title='bbox 218 2494 320 2546; x_wconf 86' lang='lat' dir='ltr'><strong>isse,</strong></span> <span class='ocrx_word' id='word_1_174' title='bbox 342 2500 391 2535; x_wconf 91' lang='lat' dir='ltr'><strong>ut</strong></span> <span class='ocrx_word' id='word_1_175' title='bbox 413 2495 582 2547; x_wconf 87' lang='lat' dir='ltr'><strong>juranti</strong></span> <span class='ocrx_word' id='word_1_176' title='bbox 599 2494 849 2537; x_wconf 86' lang='lat' dir='ltr'><strong>Alexandro</strong></span> <span class='ocrx_word' id='word_1_177' title='bbox 869 2510 916 2538; x_wconf 92' lang='lat' dir='ltr'><strong>se</strong></span> <span class='ocrx_word' id='word_1_178' title='bbox 935 2498 1099 2538; x_wconf 91' lang='lat' dir='ltr'><strong>illiom-</strong></span> 
     </span>
     <span class='ocr_line' id='line_1_36' title="bbox 216 2557 1101 2614; baseline 0.006 -17"><span class='ocrx_word' id='word_1_179' title='bbox 216 2557 286 2598; x_wconf 83' lang='lat' dir='ltr'><strong>nia</strong></span> <span class='ocrx_word' id='word_1_180' title='bbox 300 2564 572 2610; x_wconf 84' lang='lat' dir='ltr'><strong>negaturum,</strong></span> <span class='ocrx_word' id='word_1_181' title='bbox 585 2572 849 2614; x_wconf 68' lang='lat' dir='ltr'><strong>quaecunque</strong></span> <span class='ocrx_word' id='word_1_182' title='bbox 865 2574 941 2612; x_wconf 88' lang='lat' dir='ltr'><strong>pro</strong></span> <span class='ocrx_word' id='word_1_183' title='bbox 960 2562 1101 2614; x_wconf 88' lang='lat' dir='ltr'><strong>patria</strong></span> 
     </span>
     <span class='ocr_line' id='line_1_37' title="bbox 217 2622 1100 2677; baseline 0.006 -16"><span class='ocrx_word' id='word_1_184' title='bbox 217 2622 434 2674; x_wconf 82' lang='lat' dir='ltr'><strong>petiisset,</strong></span> <span class='ocrx_word' id='word_1_185' title='bbox 453 2624 712 2675; x_wconf 83' lang='lat' dir='ltr'><strong>postulasse,</strong></span> <span class='ocrx_word' id='word_1_186' title='bbox 728 2631 778 2665; x_wconf 91' lang='lat' dir='ltr'><strong>ut</strong></span> <span class='ocrx_word' id='word_1_187' title='bbox 799 2625 983 2676; x_wconf 87' lang='lat' dir='ltr'><strong>patriam</strong></span> <span class='ocrx_word' id='word_1_188' title='bbox 1004 2638 1100 2677; x_wconf 87' lang='lat' dir='ltr'><strong>per·</strong></span> 
     </span>
     <span class='ocr_line' id='line_1_38' title="bbox 215 2686 1099 2739; baseline 0.006 -14"><span class='ocrx_word' id='word_1_189' title='bbox 215 2686 356 2739; x_wconf 84' lang='lat' dir='ltr'><strong>deret,</strong></span> <span class='ocrx_word' id='word_1_190' title='bbox 373 2692 417 2726; x_wconf 87' lang='lat' dir='ltr'><strong>et</strong></span> <span class='ocrx_word' id='word_1_191' title='bbox 439 2686 732 2728; x_wconf 84' lang='lat' dir='ltr'><strong>Alexandrum</strong></span> <span class='ocrx_word' id='word_1_192' title='bbox 752 2694 947 2730; x_wconf 90' lang='lat' dir='ltr'><strong>coactum</strong></span> <span class='ocrx_word' id='word_1_193' title='bbox 964 2689 1099 2731; x_wconf 86' lang='lat' dir='ltr'><strong>fuisse</strong></span> 
     </span>
     <span class='ocr_line' id='line_1_39' title="bbox 215 2750 1100 2806; baseline 0.006 -16"><span class='ocrx_word' id='word_1_194' title='bbox 215 2750 332 2791; x_wconf 86' lang='lat' dir='ltr'><strong>illam</strong></span> <span class='ocrx_word' id='word_1_195' title='bbox 352 2763 626 2804; x_wconf 82' lang='lat' dir='ltr'><strong>conservare,</strong></span> <span class='ocrx_word' id='word_1_196' title='bbox 639 2754 737 2805; x_wconf 89' lang='lat' dir='ltr'><strong>quia</strong></span> <span class='ocrx_word' id='word_1_197' title='bbox 755 2754 872 2794; x_wconf 82' lang='lat' dir='ltr'><strong>salvo</strong></span> <span class='ocrx_word' id='word_1_198' title='bbox 879 2754 1100 2806; x_wconf 89' lang='lat' dir='ltr'><strong>juramen-</strong></span> 
     </span>
     <span class='ocr_line' id='line_1_40' title="bbox 217 2814 1100 2868; baseline 0.005 -15"><span class='ocrx_word' id='word_1_199' title='bbox 217 2818 265 2853; x_wconf 91' lang='lat' dir='ltr'><strong>to</strong></span> <span class='ocrx_word' id='word_1_200' title='bbox 282 2814 410 2854; x_wconf 87' lang='lat' dir='ltr'><strong>aliter</strong></span> <span class='ocrx_word' id='word_1_201' title='bbox 428 2827 514 2855; x_wconf 92' lang='lat' dir='ltr'><strong>non</strong></span> <span class='ocrx_word' id='word_1_202' title='bbox 544 2821 720 2868; x_wconf 85' lang='lat' dir='ltr'><strong>posset;</strong></span> <span class='ocrx_word' id='word_1_203' title='bbox 746 2816 791 2856; x_wconf 90' lang='lat' dir='ltr'><strong>id</strong></span> <span class='ocrx_word' id='word_1_204' title='bbox 809 2816 918 2859; x_wconf 85' lang='lat' dir='ltr'><strong>fecit</strong></span> <span class='ocrx_word' id='word_1_205' title='bbox 937 2817 1100 2858; x_wconf 84' lang='lat' dir='ltr'><strong>Anaxi-</strong></span> 
     </span>
     <span class='ocr_line' id='line_1_41' title="bbox 215 2880 1100 2935; baseline 0.008 -18"><span class='ocrx_word' id='word_1_206' title='bbox 215 2890 365 2918; x_wconf 88' lang='lat' dir='ltr'><strong>menes</strong></span> <span class='ocrx_word' id='word_1_207' title='bbox 395 2880 713 2932; x_wconf 86' lang='lat' dir='ltr'><strong>Lampsacenus</strong></span> <span class='ocrx_word' id='word_1_208' title='bbox 746 2894 825 2933; x_wconf 90' lang='lat' dir='ltr'><strong>pro</strong></span> <span class='ocrx_word' id='word_1_209' title='bbox 864 2883 1100 2935; x_wconf 87' lang='lat' dir='ltr'><strong>Lampsaco</strong></span> 
     </span>
     <span class='ocr_line' id='line_1_42' title="bbox 219 2942 1101 2996; baseline 0.006 -15"><span class='ocrx_word' id='word_1_210' title='bbox 219 2942 375 2994; x_wconf 87' lang='lat' dir='ltr'><strong>patria,</strong></span> <span class='ocrx_word' id='word_1_211' title='bbox 392 2949 437 2982; x_wconf 90' lang='lat' dir='ltr'><strong>et</strong></span> <span class='ocrx_word' id='word_1_212' title='bbox 455 2955 537 2983; x_wconf 91' lang='lat' dir='ltr'><strong>non</strong></span> <span class='ocrx_word' id='word_1_213' title='bbox 550 2942 883 2996; x_wconf 88' lang='lat' dir='ltr'><strong>Aristoteles,ut</strong></span> <span class='ocrx_word' id='word_1_214' title='bbox 905 2946 1101 2986; x_wconf 90' lang='lat' dir='ltr'><strong>dicturus</strong></span> 
     </span>
     <span class='ocr_line' id='line_1_43' title="bbox 218 3006 1100 3060; baseline 0.007 -15"><span class='ocrx_word' id='word_1_215' title='bbox 218 3010 286 3046; x_wconf 85' lang='lat' dir='ltr'><strong>est</strong></span> <span class='ocrx_word' id='word_1_216' title='bbox 308 3006 510 3046; x_wconf 90' lang='lat' dir='ltr'><strong>Valerius</strong></span> <span class='ocrx_word' id='word_1_217' title='bbox 530 3007 573 3046; x_wconf 92' lang='lat' dir='ltr'><strong>in</strong></span> <span class='ocrx_word' id='word_1_218' title='bbox 594 3009 739 3060; x_wconf 87' lang='lat' dir='ltr'><strong>capite</strong></span> <span class='ocrx_word' id='word_1_219' title='bbox 759 3008 812 3048; x_wconf 92' lang='lat' dir='ltr'><strong>de</strong></span> <span class='ocrx_word' id='word_1_220' title='bbox 831 3008 954 3050; x_wconf 80' lang='lat' dir='ltr'><strong>vafre</strong></span> <span class='ocrx_word' id='word_1_221' title='bbox 973 3010 1100 3051; x_wconf 89' lang='lat' dir='ltr'><strong>dictis</strong></span> 
     </span>
     <span class='ocr_line' id='line_1_44' title="bbox 217 3066 619 3111; baseline 0.01 -4"><span class='ocrx_word' id='word_1_222' title='bbox 217 3074 275 3108; x_wconf 83' lang='lat' dir='ltr'><strong>et</strong></span> <span class='ocrx_word' id='word_1_223' title='bbox 294 3066 437 3110; x_wconf 84' lang='lat' dir='ltr'><strong>factis.</strong></span> <span class='ocrx_word' id='word_1_224' title='bbox 468 3070 619 3111; x_wconf 73' lang='lat' dir='ltr'><strong>oliver.</strong></span> 
     </span>
    </p>

    <p class='ocr_par' dir='ltr' id='par_1_6' title="bbox 220 3132 925 3247">
     <span class='ocr_line' id='line_1_45' title="bbox 272 3132 925 3189; baseline 0.008 -18"><span class='ocrx_word' id='word_1_225' title='bbox 272 3132 356 3172; x_wconf 87' lang='lat' dir='ltr'><strong>Pro</strong></span> <span class='ocrx_word' id='word_1_226' title='bbox 392 3134 518 3174; x_wconf 80' lang='lat' dir='ltr'><strong>salute</strong></span> <span class='ocrx_word' id='word_1_227' title='bbox 544 3134 692 3186; x_wconf 70' lang='lat' dir='ltr'><strong>patrica</strong></span> <span class='ocrx_word' id='word_1_228' title='bbox 728 3135 925 3189; x_wconf 76' lang='lat' dir='ltr'><strong>incubuit]</strong></span> 
     </span>
     <span class='ocr_line' id='line_1_46' title="bbox 220 3196 653 3247; baseline 0.002 -9"><span class='ocrx_word' id='word_1_229' title='bbox 220 3196 391 3247; x_wconf 83' lang='lat' dir='ltr'><strong>Stagira</strong></span> <span class='ocrx_word' id='word_1_230' title='bbox 409 3198 653 3239; x_wconf 86' lang='lat' dir='ltr'><strong>dicebatur.</strong></span> 
     </span>
    </p>

    <p class='ocr_par' dir='ltr' id='par_1_7' title="bbox 219 3260 1102 3567">
     <span class='ocr_line' id='line_1_47' title="bbox 273 3260 1102 3316; baseline 0.01 -18"><span class='ocrx_word' id='word_1_231' title='bbox 273 3260 343 3303; x_wconf 79' lang='lat' dir='ltr'><strong>Ita</strong></span> <span class='ocrx_word' id='word_1_232' title='bbox 359 3260 451 3300; x_wconf 83' lang='lat' dir='ltr'><strong>urbs</strong></span> <span class='ocrx_word' id='word_1_233' title='bbox 468 3275 546 3302; x_wconf 83' lang='lat' dir='ltr'><strong>non</strong></span> <span class='ocrx_word' id='word_1_234' title='bbox 565 3267 648 3303; x_wconf 82' lang='lat' dir='ltr'><strong>tam</strong></span> <span class='ocrx_word' id='word_1_235' title='bbox 678 3267 807 3303; x_wconf 79' lang='lat' dir='ltr'><strong>strata</strong></span> <span class='ocrx_word' id='word_1_236' title='bbox 835 3269 950 3316; x_wconf 79' lang='lat' dir='ltr'><strong>atque</strong></span> <span class='ocrx_word' id='word_1_237' title='bbox 967 3277 1102 3306; x_wconf 85' lang='lat' dir='ltr'><strong>eversa</strong></span> 
     </span>
     <span class='ocr_line' id='line_1_48' title="bbox 219 3322 1100 3377; baseline 0.008 -15"><span class='ocrx_word' id='word_1_238' title='bbox 219 3322 455 3375; x_wconf 71' lang='lat' dir='ltr'><strong>Alexandri,</strong></span> <span class='ocrx_word' id='word_1_239' title='bbox 469 3338 582 3377; x_wconf 83' lang='lat' dir='ltr'><strong>quam</strong></span> <span class='ocrx_word' id='word_1_240' title='bbox 599 3328 785 3368; x_wconf 77' lang='lat' dir='ltr'><strong>restituta</strong></span> <span class='ocrx_word' id='word_1_241' title='bbox 802 3328 1030 3368; x_wconf 77' lang='lat' dir='ltr'><strong>Aristotelis</strong></span> <span class='ocrx_word' id='word_1_242' title='bbox 1042 3333 1100 3369; x_wconf 80' lang='lat' dir='ltr'><strong>est</strong></span> 
     </span>
     <span class='ocr_line' id='line_1_49' title="bbox 221 3383 1099 3444; baseline 0.008 -19"><span class='ocrx_word' id='word_1_243' title='bbox 221 3383 353 3436; x_wconf 68' lang='lat' dir='ltr'><strong>uobis]</strong></span> <span class='ocrx_word' id='word_1_244' title='bbox 381 3387 450 3427; x_wconf 86' lang='lat' dir='ltr'><strong>Ita</strong></span> <span class='ocrx_word' id='word_1_245' title='bbox 470 3390 610 3440; x_wconf 86' lang='lat' dir='ltr'><strong>vulgo.</strong></span> <span class='ocrx_word' id='word_1_246' title='bbox 640 3391 845 3433; x_wconf 86' lang='lat' dir='ltr'><strong>Quamvis</strong></span> <span class='ocrx_word' id='word_1_247' title='bbox 862 3391 929 3431; x_wconf 89' lang='lat' dir='ltr'><strong>hic</strong></span> <span class='ocrx_word' id='word_1_248' title='bbox 948 3405 1099 3444; x_wconf 87' lang='lat' dir='ltr'><strong>parum</strong></span> 
     </span>
     <span class='ocr_line' id='line_1_50' title="bbox 223 3444 1100 3503; baseline 0.013 -19"><span class='ocrx_word' id='word_1_249' title='bbox 223 3444 429 3497; x_wconf 83' lang='lat' dir='ltr'><strong>adjuvent</strong></span> <span class='ocrx_word' id='word_1_250' title='bbox 465 3453 748 3503; x_wconf 85' lang='lat' dir='ltr'><strong>exemplaria,</strong></span> <span class='ocrx_word' id='word_1_251' title='bbox 780 3454 920 3494; x_wconf 89' lang='lat' dir='ltr'><strong>locum</strong></span> <span class='ocrx_word' id='word_1_252' title='bbox 954 3461 1100 3495; x_wconf 88' lang='lat' dir='ltr'><strong>tamen</strong></span> 
     </span>
     <span class='ocr_line' id='line_1_51' title="bbox 221 3508 1100 3567; baseline 0.01 -16"><span class='ocrx_word' id='word_1_253' title='bbox 221 3508 335 3551; x_wconf 80' lang='lat' dir='ltr'><strong>hunc</strong></span> <span class='ocrx_word' id='word_1_254' title='bbox 362 3521 416 3551; x_wconf 81' lang='lat' dir='ltr'><strong>ex</strong></span> <span class='ocrx_word' id='word_1_255' title='bbox 435 3511 566 3567; x_wconf 81' lang='lat' dir='ltr'><strong>Diog.</strong></span> <span class='ocrx_word' id='word_1_256' title='bbox 586 3514 778 3567; x_wconf 68' lang='lat' dir='ltr'><strong>Laertio,</strong></span> <span class='ocrx_word' id='word_1_257' title='bbox 815 3522 859 3557; x_wconf 91' lang='lat' dir='ltr'><strong>et</strong></span> <span class='ocrx_word' id='word_1_258' title='bbox 877 3517 1100 3560; x_wconf 84' lang='lat' dir='ltr'><strong>Plutarch.</strong></span> 
     </span>
    </p>
   </div>
   <div class='ocr_carea' id='block_1_3' title="bbox 989 3138 1099 3181">
    <p class='ocr_par' dir='ltr' id='par_1_8' title="bbox 989 3138 1099 3181">
     <span class='ocr_line' id='line_1_52' title="bbox 989 3138 1099 3181; baseline -0.009 -1"><span class='ocrx_word' id='word_1_259' title='bbox 989 3138 1099 3181; x_wconf 84' lang='lat' dir='ltr'><strong>Quae</strong></span> 
     </span>
    </p>
   </div>
   <div class='ocr_carea' id='block_1_4' title="bbox 1896 244 2039 298">
    <p class='ocr_par' dir='ltr' id='par_1_9' title="bbox 1896 244 2039 298">
     <span class='ocr_line' id='line_1_53' title="bbox 1896 244 2039 298; baseline 0.014 -2"><span class='ocrx_word' id='word_1_260' title='bbox 1896 244 2039 298; x_wconf 70' lang='lat'><strong>1203</strong></span> 
     </span>
    </p>
   </div>
   <div class='ocr_carea' id='block_1_5' title="bbox 1153 379 2053 3564">
    <p class='ocr_par' dir='ltr' id='par_1_10' title="bbox 1153 379 2043 880">
     <span class='ocr_line' id='line_1_54' title="bbox 1155 379 2040 432; baseline 0 -14"><span class='ocrx_word' id='word_1_261' title='bbox 1155 379 1468 421; x_wconf 90' lang='lat' dir='ltr'><strong>restituendum</strong></span> <span class='ocrx_word' id='word_1_262' title='bbox 1501 384 1641 432; x_wconf 86' lang='lat' dir='ltr'><strong>puto:</strong></span> <span class='ocrx_word' id='word_1_263' title='bbox 1683 379 1820 430; x_wconf 75' lang='lat' dir='ltr'><strong>ltaque</strong></span> <span class='ocrx_word' id='word_1_264' title='bbox 1849 390 1926 418; x_wconf 77' lang='lat' dir='ltr'><strong>uon</strong></span> <span class='ocrx_word' id='word_1_265' title='bbox 1957 383 2040 419; x_wconf 79' lang='lat' dir='ltr'><strong>tam</strong></span> 
     </span>
     <span class='ocr_line' id='line_1_55' title="bbox 1153 444 2040 495; baseline 0 -13"><span class='ocrx_word' id='word_1_266' title='bbox 1153 444 1247 483; x_wconf 82' lang='lat' dir='ltr'><strong>urbs</strong></span> <span class='ocrx_word' id='word_1_267' title='bbox 1283 444 1450 495; x_wconf 77' lang='lat' dir='ltr'><strong>Stagiru</strong></span> <span class='ocrx_word' id='word_1_268' title='bbox 1486 457 1620 485; x_wconf 81' lang='lat' dir='ltr'><strong>eversa</strong></span> <span class='ocrx_word' id='word_1_269' title='bbox 1647 444 1885 493; x_wconf 80' lang='lat' dir='ltr'><strong>Alexandri,</strong></span> <span class='ocrx_word' id='word_1_270' title='bbox 1925 455 2040 494; x_wconf 81' lang='lat' dir='ltr'><strong>quam</strong></span> 
     </span>
     <span class='ocr_line' id='line_1_56' title="bbox 1153 511 2039 559; baseline -0.001 -12"><span class='ocrx_word' id='word_1_271' title='bbox 1153 511 1340 549; x_wconf 77' lang='lat' dir='ltr'><strong>restituta</strong></span> <span class='ocrx_word' id='word_1_272' title='bbox 1382 511 1613 550; x_wconf 77' lang='lat' dir='ltr'><strong>Aristotelis</strong></span> <span class='ocrx_word' id='word_1_273' title='bbox 1652 513 1786 549; x_wconf 81' lang='lat' dir='ltr'><strong>notum</strong></span> <span class='ocrx_word' id='word_1_274' title='bbox 1824 512 1885 548; x_wconf 77' lang='lat' dir='ltr'><strong>est</strong></span> <span class='ocrx_word' id='word_1_275' title='bbox 1929 520 2039 559; x_wconf 81' lang='lat' dir='ltr'><strong>opus.</strong></span> 
     </span>
     <span class='ocr_line' id='line_1_57' title="bbox 1156 573 2042 625; baseline -0.006 -10"><span class='ocrx_word' id='word_1_276' title='bbox 1156 573 1295 615; x_wconf 84' lang='lat' dir='ltr'><strong>Quam</strong></span> <span class='ocrx_word' id='word_1_277' title='bbox 1316 575 1546 615; x_wconf 89' lang='lat' dir='ltr'><strong>lectionem</strong></span> <span class='ocrx_word' id='word_1_278' title='bbox 1574 586 1702 625; x_wconf 88' lang='lat' dir='ltr'><strong>spero</strong></span> <span class='ocrx_word' id='word_1_279' title='bbox 1723 573 1936 613; x_wconf 87' lang='lat' dir='ltr'><strong>studiosos</strong></span> <span class='ocrx_word' id='word_1_280' title='bbox 1957 583 2042 610; x_wconf 90' lang='lat' dir='ltr'><strong>non</strong></span> 
     </span>
     <span class='ocr_line' id='line_1_58' title="bbox 1156 635 2043 690; baseline -0.002 -14"><span class='ocrx_word' id='word_1_281' title='bbox 1156 637 1406 689; x_wconf 73' lang='lat' dir='ltr'><strong>rejecturoe.</strong></span> <span class='ocrx_word' id='word_1_282' title='bbox 1472 638 1526 678; x_wconf 90' lang='lat' dir='ltr'><strong>In</strong></span> <span class='ocrx_word' id='word_1_283' title='bbox 1562 637 1808 680; x_wconf 87' lang='lat' dir='ltr'><strong>Cauchiano</strong></span> <span class='ocrx_word' id='word_1_284' title='bbox 1842 635 2043 690; x_wconf 87' lang='lat' dir='ltr'><strong>quaedam</strong></span> 
     </span>
     <span class='ocr_line' id='line_1_59' title="bbox 1158 701 2040 753; baseline -0.002 -13"><span class='ocrx_word' id='word_1_285' title='bbox 1158 701 1244 741; x_wconf 80' lang='lat' dir='ltr'><strong>sic:</strong></span> <span class='ocrx_word' id='word_1_286' title='bbox 1291 701 1435 753; x_wconf 82' lang='lat' dir='ltr'><strong>Itaque</strong></span> <span class='ocrx_word' id='word_1_287' title='bbox 1462 714 1539 741; x_wconf 80' lang='lat' dir='ltr'><strong>uon</strong></span> <span class='ocrx_word' id='word_1_288' title='bbox 1566 702 1656 752; x_wconf 76' lang='lat' dir='ltr'><strong>jam</strong></span> <span class='ocrx_word' id='word_1_289' title='bbox 1681 701 1775 742; x_wconf 81' lang='lat' dir='ltr'><strong>urbs</strong></span> <span class='ocrx_word' id='word_1_290' title='bbox 1799 704 1944 752; x_wconf 76' lang='lat' dir='ltr'><strong>strata,</strong></span> <span class='ocrx_word' id='word_1_291' title='bbox 1972 701 2040 751; x_wconf 62' lang='lat' dir='ltr'><strong>&amp;a</strong></span> 
     </span>
     <span class='ocr_line' id='line_1_60' title="bbox 1158 764 2040 818; baseline 0 -13"><span class='ocrx_word' id='word_1_292' title='bbox 1158 765 1212 805; x_wconf 92' lang='lat' dir='ltr'><strong>In</strong></span> <span class='ocrx_word' id='word_1_293' title='bbox 1259 764 1354 804; x_wconf 86' lang='lat' dir='ltr'><strong>aliis</strong></span> <span class='ocrx_word' id='word_1_294' title='bbox 1400 765 1741 818; x_wconf 71' lang='lat' dir='ltr'><strong>exemplaribus,</strong></span> <span class='ocrx_word' id='word_1_295' title='bbox 1780 765 1885 806; x_wconf 86' lang='lat' dir='ltr'><strong>nihil</strong></span> <span class='ocrx_word' id='word_1_296' title='bbox 1931 764 2040 806; x_wconf 87' lang='lat' dir='ltr'><strong>sani.</strong></span> 
     </span>
     <span class='ocr_line' id='line_1_61' title="bbox 1160 829 1284 880; baseline 0.016 -11"><span class='ocrx_word' id='word_1_297' title='bbox 1160 829 1284 880; x_wconf 80' lang='lat' dir='ltr'><strong>Pigh.</strong></span> 
     </span>
    </p>

    <p class='ocr_par' dir='ltr' id='par_1_11' title="bbox 1160 894 2048 1587">
     <span class='ocr_line' id='line_1_62' title="bbox 1216 894 2043 946; baseline 0.001 -12"><span class='ocrx_word' id='word_1_298' title='bbox 1216 895 1328 934; x_wconf 79' lang='lat' dir='ltr'><strong>CAP.</strong></span> <span class='ocrx_word' id='word_1_299' title='bbox 1346 905 1431 934; x_wconf 68' lang='lat' dir='ltr'><strong>vu.</strong></span> <span class='ocrx_word' id='word_1_300' title='bbox 1445 895 1500 946; x_wconf 73' lang='lat'><strong>§1</strong></span> <span class='ocrx_word' id='word_1_301' title='bbox 1524 894 1669 935; x_wconf 77' lang='lat' dir='ltr'><strong>Fabius</strong></span> <span class='ocrx_word' id='word_1_302' title='bbox 1691 894 1915 946; x_wconf 81' lang='lat' dir='ltr'><strong>Rullianus]</strong></span> <span class='ocrx_word' id='word_1_303' title='bbox 1935 894 2043 936; x_wconf 90' lang='lat' dir='ltr'><strong>Cum</strong></span> 
     </span>
     <span class='ocr_line' id='line_1_63' title="bbox 1160 958 2044 1011; baseline 0.001 -12"><span class='ocrx_word' id='word_1_304' title='bbox 1160 958 1320 999; x_wconf 89' lang='lat' dir='ltr'><strong>Fabius</strong></span> <span class='ocrx_word' id='word_1_305' title='bbox 1341 959 1514 1011; x_wconf 86' lang='lat' dir='ltr'><strong>Gurges</strong></span> <span class='ocrx_word' id='word_1_306' title='bbox 1534 959 1685 999; x_wconf 92' lang='lat' dir='ltr'><strong>consul</strong></span> <span class='ocrx_word' id='word_1_307' title='bbox 1705 959 1909 999; x_wconf 86' lang='lat' dir='ltr'><strong>adversus</strong></span> <span class='ocrx_word' id='word_1_308' title='bbox 1923 960 2044 1000; x_wconf 89' lang='lat' dir='ltr'><strong>Sam·</strong></span> 
     </span>
     <span class='ocr_line' id='line_1_64' title="bbox 1162 1023 2044 1075; baseline -0.001 -11"><span class='ocrx_word' id='word_1_309' title='bbox 1162 1024 1273 1064; x_wconf 86' lang='lat' dir='ltr'><strong>nites</strong></span> <span class='ocrx_word' id='word_1_310' title='bbox 1289 1024 1403 1063; x_wconf 92' lang='lat' dir='ltr'><strong>male</strong></span> <span class='ocrx_word' id='word_1_311' title='bbox 1419 1028 1667 1075; x_wconf 85' lang='lat' dir='ltr'><strong>pugnasset,</strong></span> <span class='ocrx_word' id='word_1_312' title='bbox 1698 1029 1745 1063; x_wconf 88' lang='lat' dir='ltr'><strong>et</strong></span> <span class='ocrx_word' id='word_1_313' title='bbox 1770 1023 1958 1063; x_wconf 88' lang='lat' dir='ltr'><strong>Senatus</strong></span> <span class='ocrx_word' id='word_1_314' title='bbox 1987 1023 2044 1064; x_wconf 86' lang='lat' dir='ltr'><strong>de</strong></span> 
     </span>
     <span class='ocr_line' id='line_1_65' title="bbox 1161 1085 2045 1138; baseline -0.002 -11"><span class='ocrx_word' id='word_1_315' title='bbox 1161 1086 1421 1127; x_wconf 85' lang='lat' dir='ltr'><strong>removendo</strong></span> <span class='ocrx_word' id='word_1_316' title='bbox 1439 1086 1510 1126; x_wconf 90' lang='lat' dir='ltr'><strong>illo</strong></span> <span class='ocrx_word' id='word_1_317' title='bbox 1531 1085 1585 1126; x_wconf 91' lang='lat' dir='ltr'><strong>ab</strong></span> <span class='ocrx_word' id='word_1_318' title='bbox 1606 1085 1802 1126; x_wconf 89' lang='lat' dir='ltr'><strong>exercitu</strong></span> <span class='ocrx_word' id='word_1_319' title='bbox 1815 1087 2045 1138; x_wconf 86' lang='lat' dir='ltr'><strong>cogitaret,</strong></span> 
     </span>
     <span class='ocr_line' id='line_1_66' title="bbox 1162 1151 2046 1203; baseline -0.003 -10"><span class='ocrx_word' id='word_1_320' title='bbox 1162 1153 1319 1194; x_wconf 87' lang='lat' dir='ltr'><strong>Fabius</strong></span> <span class='ocrx_word' id='word_1_321' title='bbox 1340 1152 1561 1192; x_wconf 88' lang='lat' dir='ltr'><strong>Rullianus</strong></span> <span class='ocrx_word' id='word_1_322' title='bbox 1582 1151 1672 1203; x_wconf 88' lang='lat' dir='ltr'><strong>ejus</strong></span> <span class='ocrx_word' id='word_1_323' title='bbox 1692 1157 1818 1202; x_wconf 88' lang='lat' dir='ltr'><strong>pater</strong></span> <span class='ocrx_word' id='word_1_324' title='bbox 1837 1151 2046 1202; x_wconf 87' lang='lat' dir='ltr'><strong>depreca-</strong></span> 
     </span>
     <span class='ocr_line' id='line_1_67' title="bbox 1163 1215 2045 1268; baseline -0.002 -10"><span class='ocrx_word' id='word_1_325' title='bbox 1163 1224 1233 1259; x_wconf 90' lang='lat' dir='ltr'><strong>tus</strong></span> <span class='ocrx_word' id='word_1_326' title='bbox 1258 1223 1329 1258; x_wconf 88' lang='lat' dir='ltr'><strong>est</strong></span> <span class='ocrx_word' id='word_1_327' title='bbox 1361 1217 1471 1256; x_wconf 89' lang='lat' dir='ltr'><strong>banc</strong></span> <span class='ocrx_word' id='word_1_328' title='bbox 1497 1215 1574 1255; x_wconf 89' lang='lat' dir='ltr'><strong>filii</strong></span> <span class='ocrx_word' id='word_1_329' title='bbox 1593 1215 1886 1268; x_wconf 86' lang='lat' dir='ltr'><strong>ignominiam,</strong></span> <span class='ocrx_word' id='word_1_330' title='bbox 1918 1221 1964 1255; x_wconf 90' lang='lat' dir='ltr'><strong>et</strong></span> <span class='ocrx_word' id='word_1_331' title='bbox 1992 1227 2045 1256; x_wconf 87' lang='lat' dir='ltr'><strong>eo</strong></span> 
     </span>
     <span class='ocr_line' id='line_1_68' title="bbox 1162 1279 2048 1332; baseline -0.002 -11"><span class='ocrx_word' id='word_1_332' title='bbox 1162 1281 1346 1321; x_wconf 84' lang='lat' dir='ltr'><strong>maxime</strong></span> <span class='ocrx_word' id='word_1_333' title='bbox 1363 1280 1566 1320; x_wconf 87' lang='lat' dir='ltr'><strong>Senatum</strong></span> <span class='ocrx_word' id='word_1_334' title='bbox 1587 1279 1736 1330; x_wconf 88' lang='lat' dir='ltr'><strong>movit,</strong></span> <span class='ocrx_word' id='word_1_335' title='bbox 1757 1279 1873 1332; x_wconf 90' lang='lat' dir='ltr'><strong>quod</strong></span> <span class='ocrx_word' id='word_1_336' title='bbox 1887 1279 2048 1320; x_wconf 91' lang='lat' dir='ltr'><strong>iturum</strong></span> 
     </span>
     <span class='ocr_line' id='line_1_69' title="bbox 1162 1343 2046 1396; baseline -0.003 -10"><span class='ocrx_word' id='word_1_337' title='bbox 1162 1358 1209 1386; x_wconf 91' lang='lat' dir='ltr'><strong>se</strong></span> <span class='ocrx_word' id='word_1_338' title='bbox 1228 1345 1317 1386; x_wconf 91' lang='lat' dir='ltr'><strong>filio</strong></span> <span class='ocrx_word' id='word_1_339' title='bbox 1338 1346 1528 1396; x_wconf 88' lang='lat' dir='ltr'><strong>legatum</strong></span> <span class='ocrx_word' id='word_1_340' title='bbox 1550 1344 1771 1396; x_wconf 84' lang='lat' dir='ltr'><strong>pollicitus</strong></span> <span class='ocrx_word' id='word_1_341' title='bbox 1792 1349 1884 1384; x_wconf 89' lang='lat' dir='ltr'><strong>est:</strong></span> <span class='ocrx_word' id='word_1_342' title='bbox 1915 1343 2046 1396; x_wconf 90' lang='lat' dir='ltr'><strong>idque</strong></span> 
     </span>
     <span class='ocr_line' id='line_1_70' title="bbox 1161 1408 2048 1461; baseline 0 -13"><span class='ocrx_word' id='word_1_343' title='bbox 1161 1409 1373 1461; x_wconf 85' lang='lat' dir='ltr'><strong>praestitit</strong></span> <span class='ocrx_word' id='word_1_344' title='bbox 1392 1423 1403 1449; x_wconf 70' lang='grc' dir='ltr'>ε</span> <span class='ocrx_word' id='word_1_345' title='bbox 1435 1409 1526 1461; x_wconf 80' lang='lat' dir='ltr'><strong>ejus</strong></span> <span class='ocrx_word' id='word_1_346' title='bbox 1542 1408 1722 1448; x_wconf 87' lang='lat' dir='ltr'><strong>consilio</strong></span> <span class='ocrx_word' id='word_1_347' title='bbox 1742 1414 1788 1448; x_wconf 89' lang='lat' dir='ltr'><strong>et</strong></span> <span class='ocrx_word' id='word_1_348' title='bbox 1807 1420 1939 1460; x_wconf 89' lang='lat' dir='ltr'><strong>opera</strong></span> <span class='ocrx_word' id='word_1_349' title='bbox 1967 1408 2048 1448; x_wconf 87' lang='lat' dir='ltr'><strong>fili-</strong></span> 
     </span>
     <span class='ocr_line' id='line_1_71' title="bbox 1162 1469 2045 1523; baseline -0.001 -11"><span class='ocrx_word' id='word_1_350' title='bbox 1162 1485 1210 1512; x_wconf 86' lang='lat' dir='ltr'><strong>us</strong></span> <span class='ocrx_word' id='word_1_351' title='bbox 1240 1473 1388 1513; x_wconf 87' lang='lat' dir='ltr'><strong>consul</strong></span> <span class='ocrx_word' id='word_1_352' title='bbox 1421 1471 1592 1523; x_wconf 89' lang='lat' dir='ltr'><strong>adjutus</strong></span> <span class='ocrx_word' id='word_1_353' title='bbox 1625 1471 1750 1512; x_wconf 87' lang='lat' dir='ltr'><strong>caesis</strong></span> <span class='ocrx_word' id='word_1_354' title='bbox 1780 1469 2045 1511; x_wconf 84' lang='lat' dir='ltr'><strong>Samnitibus</strong></span> 
     </span>
     <span class='ocr_line' id='line_1_72' title="bbox 1162 1535 1640 1587; baseline -0.004 -11"><span class='ocrx_word' id='word_1_355' title='bbox 1162 1535 1462 1587; x_wconf 84' lang='lat' dir='ltr'><strong>triumphavit.</strong></span> <span class='ocrx_word' id='word_1_356' title='bbox 1490 1535 1640 1575; x_wconf 72' lang='lat' dir='ltr'><strong>Oliver.</strong></span> 
     </span>
    </p>

    <p class='ocr_par' dir='ltr' id='par_1_12' title="bbox 1162 1599 2052 2035">
     <span class='ocr_line' id='line_1_73' title="bbox 1219 1599 2047 1652; baseline 0.001 -13"><span class='ocrx_word' id='word_1_357' title='bbox 1219 1600 1400 1652; x_wconf 82' lang='lat' dir='ltr'><strong>Quinque</strong></span> <span class='ocrx_word' id='word_1_358' title='bbox 1433 1599 1715 1652; x_wconf 72' lang='lat' dir='ltr'><strong>consulatibus]</strong></span> <span class='ocrx_word' id='word_1_359' title='bbox 1763 1600 1870 1640; x_wconf 84' lang='lat' dir='ltr'><strong>Rem</strong></span> <span class='ocrx_word' id='word_1_360' title='bbox 1909 1600 2047 1651; x_wconf 84' lang='lat' dir='ltr'><strong>magis</strong></span> 
     </span>
     <span class='ocr_line' id='line_1_74' title="bbox 1162 1664 2051 1717; baseline 0.001 -14"><span class='ocrx_word' id='word_1_361' title='bbox 1162 1672 1317 1716; x_wconf 81' lang='lat' dir='ltr'><strong>auget:</strong></span> <span class='ocrx_word' id='word_1_362' title='bbox 1346 1677 1444 1704; x_wconf 92' lang='lat' dir='ltr'><strong>nam</strong></span> <span class='ocrx_word' id='word_1_363' title='bbox 1477 1677 1560 1717; x_wconf 91' lang='lat' dir='ltr'><strong>quo</strong></span> <span class='ocrx_word' id='word_1_364' title='bbox 1598 1670 1766 1715; x_wconf 88' lang='lat' dir='ltr'><strong>patrem</strong></span> <span class='ocrx_word' id='word_1_365' title='bbox 1800 1664 2051 1704; x_wconf 86' lang='lat' dir='ltr'><strong>honoratio-</strong></span> 
     </span>
     <span class='ocr_line' id='line_1_75' title="bbox 1162 1727 2050 1780; baseline 0 -13"><span class='ocrx_word' id='word_1_366' title='bbox 1162 1740 1252 1768; x_wconf 87' lang='lat' dir='ltr'><strong>rem</strong></span> <span class='ocrx_word' id='word_1_367' title='bbox 1271 1727 1405 1768; x_wconf 83' lang='lat' dir='ltr'><strong>fuisse</strong></span> <span class='ocrx_word' id='word_1_368' title='bbox 1424 1728 1642 1780; x_wconf 85' lang='lat' dir='ltr'><strong>ostendat,</strong></span> <span class='ocrx_word' id='word_1_369' title='bbox 1655 1740 1707 1768; x_wconf 88' lang='lat' dir='ltr'><strong>eo</strong></span> <span class='ocrx_word' id='word_1_370' title='bbox 1727 1727 2050 1769; x_wconf 86' lang='lat' dir='ltr'><strong>clementiorem</strong></span> 
     </span>
     <span class='ocr_line' id='line_1_76' title="bbox 1164 1790 2052 1845; baseline -0.001 -13"><span class='ocrx_word' id='word_1_371' title='bbox 1164 1791 1575 1845; x_wconf 88' lang='lat' dir='ltr'><strong>demonstrat,quod</strong></span> <span class='ocrx_word' id='word_1_372' title='bbox 1595 1805 1641 1832; x_wconf 92' lang='lat' dir='ltr'><strong>se</strong></span> <span class='ocrx_word' id='word_1_373' title='bbox 1660 1790 1736 1832; x_wconf 91' lang='lat' dir='ltr'><strong>filii</strong></span> <span class='ocrx_word' id='word_1_374' title='bbox 1755 1792 1938 1843; x_wconf 90' lang='lat' dir='ltr'><strong>imperio</strong></span> <span class='ocrx_word' id='word_1_375' title='bbox 1952 1791 2052 1831; x_wconf 83' lang='lat' dir='ltr'><strong>sub·</strong></span> 
     </span>
     <span class='ocr_line' id='line_1_77' title="bbox 1164 1855 2049 1907; baseline -0.001 -11"><span class='ocrx_word' id='word_1_376' title='bbox 1164 1856 1354 1907; x_wconf 84' lang='lat' dir='ltr'><strong>mittere,</strong></span> <span class='ocrx_word' id='word_1_377' title='bbox 1386 1864 1432 1897; x_wconf 88' lang='lat' dir='ltr'><strong>et</strong></span> <span class='ocrx_word' id='word_1_378' title='bbox 1461 1857 1628 1898; x_wconf 84' lang='lat' dir='ltr'><strong>militiae</strong></span> <span class='ocrx_word' id='word_1_379' title='bbox 1648 1856 1867 1897; x_wconf 91' lang='lat' dir='ltr'><strong>laboribus</strong></span> <span class='ocrx_word' id='word_1_380' title='bbox 1887 1855 2049 1896; x_wconf 87' lang='lat' dir='ltr'><strong>dedere</strong></span> 
     </span>
     <span class='ocr_line' id='line_1_78' title="bbox 1165 1919 2049 1973; baseline 0 -14"><span class='ocrx_word' id='word_1_381' title='bbox 1165 1932 1251 1959; x_wconf 90' lang='lat' dir='ltr'><strong>non</strong></span> <span class='ocrx_word' id='word_1_382' title='bbox 1280 1919 1564 1972; x_wconf 87' lang='lat' dir='ltr'><strong>dubitaverit,</strong></span> <span class='ocrx_word' id='word_1_383' title='bbox 1600 1933 1684 1973; x_wconf 90' lang='lat' dir='ltr'><strong>quo</strong></span> <span class='ocrx_word' id='word_1_384' title='bbox 1714 1926 1909 1972; x_wconf 88' lang='lat' dir='ltr'><strong>tempore</strong></span> <span class='ocrx_word' id='word_1_385' title='bbox 1929 1920 2049 1973; x_wconf 90' lang='lat' dir='ltr'><strong>quie-</strong></span> 
     </span>
     <span class='ocr_line' id='line_1_79' title="bbox 1166 1983 1822 2035; baseline 0.003 -13"><span class='ocrx_word' id='word_1_386' title='bbox 1166 1988 1253 2023; x_wconf 91' lang='lat' dir='ltr'><strong>tem</strong></span> <span class='ocrx_word' id='word_1_387' title='bbox 1273 1983 1365 2035; x_wconf 87' lang='lat' dir='ltr'><strong>ejus</strong></span> <span class='ocrx_word' id='word_1_388' title='bbox 1384 1983 1666 2035; x_wconf 85' lang='lat' dir='ltr'><strong>deposcebat.</strong></span> <span class='ocrx_word' id='word_1_389' title='bbox 1693 1984 1822 2024; x_wconf 86' lang='lat' dir='ltr'><strong>Idem.</strong></span> 
     </span>
    </p>

    <p class='ocr_par' dir='ltr' id='par_1_13' title="bbox 1163 2046 2050 2342">
     <span class='ocr_line' id='line_1_80' title="bbox 1223 2046 2048 2102; baseline 0.002 -16"><span class='ocrx_word' id='word_1_390' title='bbox 1223 2046 1348 2092; x_wconf 85' lang='lat' dir='ltr'><strong>Quem</strong></span> <span class='ocrx_word' id='word_1_391' title='bbox 1364 2048 1445 2099; x_wconf 80' lang='lat' dir='ltr'><strong>ipse</strong></span> <span class='ocrx_word' id='word_1_392' title='bbox 1459 2048 1687 2100; x_wconf 80' lang='lat' dir='ltr'><strong>parvulum]</strong></span> <span class='ocrx_word' id='word_1_393' title='bbox 1712 2048 1915 2089; x_wconf 83' lang='lat' dir='ltr'><strong>Diximus</strong></span> <span class='ocrx_word' id='word_1_394' title='bbox 1933 2049 2048 2102; x_wconf 92' lang='lat' dir='ltr'><strong>quod</strong></span> 
     </span>
     <span class='ocr_line' id='line_1_81' title="bbox 1164 2108 2050 2165; baseline 0.005 -17"><span class='ocrx_word' id='word_1_395' title='bbox 1164 2108 1412 2150; x_wconf 89' lang='lat' dir='ltr'><strong>institutum</strong></span> <span class='ocrx_word' id='word_1_396' title='bbox 1432 2111 1518 2152; x_wconf 89' lang='lat' dir='ltr'><strong>fuit</strong></span> <span class='ocrx_word' id='word_1_397' title='bbox 1537 2111 1652 2164; x_wconf 87' lang='lat' dir='ltr'><strong>apud</strong></span> <span class='ocrx_word' id='word_1_398' title='bbox 1667 2113 1935 2165; x_wconf 87' lang='lat' dir='ltr'><strong>majores,ne</strong></span> <span class='ocrx_word' id='word_1_399' title='bbox 1955 2112 2050 2165; x_wconf 84' lang='lat' dir='ltr'><strong>quis</strong></span> 
     </span>
     <span class='ocr_line' id='line_1_82' title="bbox 1163 2173 2050 2228; baseline 0.003 -15"><span class='ocrx_word' id='word_1_400' title='bbox 1163 2173 1278 2213; x_wconf 89' lang='lat' dir='ltr'><strong>inter</strong></span> <span class='ocrx_word' id='word_1_401' title='bbox 1296 2176 1511 2215; x_wconf 89' lang='lat' dir='ltr'><strong>consulem</strong></span> <span class='ocrx_word' id='word_1_402' title='bbox 1526 2182 1572 2216; x_wconf 89' lang='lat' dir='ltr'><strong>et</strong></span> <span class='ocrx_word' id='word_1_403' title='bbox 1590 2176 1831 2228; x_wconf 82' lang='lat' dir='ltr'><strong>proximum</strong></span> <span class='ocrx_word' id='word_1_404' title='bbox 1850 2177 2050 2216; x_wconf 89' lang='lat' dir='ltr'><strong>lictorem</strong></span> 
     </span>
     <span class='ocr_line' id='line_1_83' title="bbox 1163 2237 2047 2292; baseline 0.003 -15"><span class='ocrx_word' id='word_1_405' title='bbox 1163 2237 1476 2291; x_wconf 86' lang='lat' dir='ltr'><strong>intercederet,</strong></span> <span class='ocrx_word' id='word_1_406' title='bbox 1503 2245 1667 2291; x_wconf 78' lang='lat' dir='ltr'><strong>praeter</strong></span> <span class='ocrx_word' id='word_1_407' title='bbox 1705 2241 1931 2292; x_wconf 89' lang='lat' dir='ltr'><strong>parvulum</strong></span> <span class='ocrx_word' id='word_1_408' title='bbox 1966 2240 2047 2280; x_wconf 87' lang='lat' dir='ltr'><strong>fili-</strong></span> 
     </span>
     <span class='ocr_line' id='line_1_84' title="bbox 1167 2313 1256 2342; baseline 0 -1"><span class='ocrx_word' id='word_1_409' title='bbox 1167 2313 1256 2342; x_wconf 89' lang='lat' dir='ltr'><strong>um.</strong></span> 
     </span>
    </p>

    <p class='ocr_par' dir='ltr' id='par_1_14' title="bbox 1159 2365 2053 3564">
     <span class='ocr_line' id='line_1_85' title="bbox 1217 2365 2052 2421; baseline 0.007 -17"><span class='ocrx_word' id='word_1_410' title='bbox 1217 2365 1287 2416; x_wconf 70' lang='lat'><strong>§2</strong></span> <span class='ocrx_word' id='word_1_411' title='bbox 1317 2366 1412 2406; x_wconf 80' lang='lat' dir='ltr'><strong>Non</strong></span> <span class='ocrx_word' id='word_1_412' title='bbox 1440 2371 1522 2407; x_wconf 82' lang='lat' dir='ltr'><strong>tam</strong></span> <span class='ocrx_word' id='word_1_413' title='bbox 1544 2368 1705 2408; x_wconf 78' lang='lat' dir='ltr'><strong>Caesetii</strong></span> <span class='ocrx_word' id='word_1_414' title='bbox 1732 2367 1926 2421; x_wconf 78' lang='lat' dir='ltr'><strong>speciosa]</strong></span> <span class='ocrx_word' id='word_1_415' title='bbox 1955 2369 2052 2410; x_wconf 82' lang='lat' dir='ltr'><strong>Cae-</strong></span> 
     </span>
     <span class='ocr_line' id='line_1_86' title="bbox 1162 2429 2052 2482; baseline 0.007 -15"><span class='ocrx_word' id='word_1_416' title='bbox 1162 2429 1300 2470; x_wconf 86' lang='lat' dir='ltr'><strong>setius</strong></span> <span class='ocrx_word' id='word_1_417' title='bbox 1320 2441 1451 2482; x_wconf 83' lang='lat' dir='ltr'><strong>eques</strong></span> <span class='ocrx_word' id='word_1_418' title='bbox 1480 2431 1697 2472; x_wconf 89' lang='lat' dir='ltr'><strong>Romanus</strong></span> <span class='ocrx_word' id='word_1_419' title='bbox 1730 2436 1819 2472; x_wconf 91' lang='lat' dir='ltr'><strong>tres</strong></span> <span class='ocrx_word' id='word_1_420' title='bbox 1849 2431 1958 2473; x_wconf 88' lang='lat' dir='ltr'><strong>filios</strong></span> <span class='ocrx_word' id='word_1_421' title='bbox 1975 2432 2052 2472; x_wconf 89' lang='lat' dir='ltr'><strong>ha-</strong></span> 
     </span>
     <span class='ocr_line' id='line_1_87' title="bbox 1162 2491 2049 2546; baseline 0.006 -15"><span class='ocrx_word' id='word_1_422' title='bbox 1162 2491 1270 2540; x_wconf 89' lang='lat' dir='ltr'><strong>buit,</strong></span> <span class='ocrx_word' id='word_1_423' title='bbox 1299 2506 1476 2546; x_wconf 88' lang='lat' dir='ltr'><strong>quorum</strong></span> <span class='ocrx_word' id='word_1_424' title='bbox 1511 2507 1636 2541; x_wconf 86' lang='lat' dir='ltr'><strong>unus,</strong></span> <span class='ocrx_word' id='word_1_425' title='bbox 1670 2508 1767 2536; x_wconf 90' lang='lat' dir='ltr'><strong>cum</strong></span> <span class='ocrx_word' id='word_1_426' title='bbox 1801 2502 1919 2538; x_wconf 91' lang='lat' dir='ltr'><strong>esset</strong></span> <span class='ocrx_word' id='word_1_427' title='bbox 1948 2496 2049 2537; x_wconf 91' lang='lat' dir='ltr'><strong>trib.</strong></span> 
     </span>
     <span class='ocr_line' id='line_1_88' title="bbox 1162 2557 2052 2613; baseline 0.008 -17"><span class='ocrx_word' id='word_1_428' title='bbox 1162 2557 1274 2607; x_wconf 85' lang='lat' dir='ltr'><strong>pleb.</strong></span> <span class='ocrx_word' id='word_1_429' title='bbox 1306 2558 1530 2599; x_wconf 80' lang='lat' dir='ltr'><strong>Caesarem</strong></span> <span class='ocrx_word' id='word_1_430' title='bbox 1565 2560 1723 2613; x_wconf 85' lang='lat' dir='ltr'><strong>injuria</strong></span> <span class='ocrx_word' id='word_1_431' title='bbox 1754 2561 2052 2603; x_wconf 85' lang='lat' dir='ltr'><strong>lacessiverat.</strong></span> 
     </span>
     <span class='ocr_line' id='line_1_89' title="bbox 1161 2621 2052 2678; baseline 0.007 -17"><span class='ocrx_word' id='word_1_432' title='bbox 1161 2621 1274 2662; x_wconf 87' lang='lat' dir='ltr'><strong>Nam</strong></span> <span class='ocrx_word' id='word_1_433' title='bbox 1290 2634 1387 2662; x_wconf 92' lang='lat' dir='ltr'><strong>cum</strong></span> <span class='ocrx_word' id='word_1_434' title='bbox 1407 2623 1501 2663; x_wconf 89' lang='lat' dir='ltr'><strong>ludi</strong></span> <span class='ocrx_word' id='word_1_435' title='bbox 1519 2625 1859 2678; x_wconf 86' lang='lat' dir='ltr'><strong>celebrarentur,</strong></span> <span class='ocrx_word' id='word_1_436' title='bbox 1877 2627 1942 2667; x_wconf 90' lang='grc' dir='ltr'><strong>Μ.</strong></span> <span class='ocrx_word' id='word_1_437' title='bbox 1960 2625 2052 2666; x_wconf 91' lang='lat' dir='ltr'><strong>An-</strong></span> 
     </span>
     <span class='ocr_line' id='line_1_90' title="bbox 1162 2685 2052 2743; baseline 0.004 -17"><span class='ocrx_word' id='word_1_438' title='bbox 1162 2685 1304 2726; x_wconf 87' lang='lat' dir='ltr'><strong>tonius</strong></span> <span class='ocrx_word' id='word_1_439' title='bbox 1336 2698 1563 2738; x_wconf 88' lang='lat' dir='ltr'><strong>personam</strong></span> <span class='ocrx_word' id='word_1_440' title='bbox 1591 2689 1779 2741; x_wconf 87' lang='lat' dir='ltr'><strong>accepit,</strong></span> <span class='ocrx_word' id='word_1_441' title='bbox 1808 2697 1854 2730; x_wconf 90' lang='lat' dir='ltr'><strong>ut</strong></span> <span class='ocrx_word' id='word_1_442' title='bbox 1875 2689 2052 2743; x_wconf 88' lang='lat' dir='ltr'><strong>quidam</strong></span> 
     </span>
     <span class='ocr_line' id='line_1_91' title="bbox 1159 2748 2051 2800; baseline 0.007 -13"><span class='ocrx_word' id='word_1_443' title='bbox 1159 2748 1352 2800; x_wconf 88' lang='lat' dir='ltr'><strong>tradunt,</strong></span> <span class='ocrx_word' id='word_1_444' title='bbox 1372 2755 1416 2790; x_wconf 88' lang='lat' dir='ltr'><strong>et</strong></span> <span class='ocrx_word' id='word_1_445' title='bbox 1435 2751 1550 2790; x_wconf 90' lang='lat' dir='ltr'><strong>inter</strong></span> <span class='ocrx_word' id='word_1_446' title='bbox 1562 2753 1831 2792; x_wconf 85' lang='lat' dir='ltr'><strong>saltationem</strong></span> <span class='ocrx_word' id='word_1_447' title='bbox 1849 2765 2051 2793; x_wconf 88' lang='lat' dir='ltr'><strong>coronam</strong></span> 
     </span>
     <span class='ocr_line' id='line_1_92' title="bbox 1162 2813 2053 2869; baseline 0.007 -17"><span class='ocrx_word' id='word_1_448' title='bbox 1162 2813 1301 2865; x_wconf 86' lang='lat' dir='ltr'><strong>capiti</strong></span> <span class='ocrx_word' id='word_1_449' title='bbox 1316 2814 1498 2854; x_wconf 86' lang='lat' dir='ltr'><strong>Caesaris</strong></span> <span class='ocrx_word' id='word_1_450' title='bbox 1512 2815 1717 2868; x_wconf 87' lang='lat' dir='ltr'><strong>imposuit</strong></span> <span class='ocrx_word' id='word_1_451' title='bbox 1730 2830 1742 2867; x_wconf 93' lang='lat'>;</span> <span class='ocrx_word' id='word_1_452' title='bbox 1763 2816 1831 2857; x_wconf 91' lang='lat' dir='ltr'><strong>cui</strong></span> <span class='ocrx_word' id='word_1_453' title='bbox 1848 2817 1908 2856; x_wconf 90' lang='lat' dir='ltr'><strong>rei</strong></span> <span class='ocrx_word' id='word_1_454' title='bbox 1923 2819 2053 2869; x_wconf 88' lang='lat' dir='ltr'><strong>pauci</strong></span> 
     </span>
     <span class='ocr_line' id='line_1_93' title="bbox 1167 2877 2050 2932; baseline 0.003 -15"><span class='ocrx_word' id='word_1_455' title='bbox 1167 2877 1411 2930; x_wconf 88' lang='lat' dir='ltr'><strong>admodum,</strong></span> <span class='ocrx_word' id='word_1_456' title='bbox 1447 2879 1520 2932; x_wconf 90' lang='lat' dir='ltr'><strong>qui</strong></span> <span class='ocrx_word' id='word_1_457' title='bbox 1558 2879 1611 2919; x_wconf 92' lang='lat' dir='ltr'><strong>ad</strong></span> <span class='ocrx_word' id='word_1_458' title='bbox 1648 2880 1787 2932; x_wconf 86' lang='lat' dir='ltr'><strong>ipsum</strong></span> <span class='ocrx_word' id='word_1_459' title='bbox 1823 2887 2050 2931; x_wconf 85' lang='lat' dir='ltr'><strong>venerant,</strong></span> 
     </span>
     <span class='ocr_line' id='line_1_94' title="bbox 1162 2943 2050 2997; baseline 0.001 -16"><span class='ocrx_word' id='word_1_460' title='bbox 1162 2943 1492 2994; x_wconf 87' lang='lat' dir='ltr'><strong>applauserunt,</strong></span> <span class='ocrx_word' id='word_1_461' title='bbox 1512 2944 1668 2997; x_wconf 87' lang='lat' dir='ltr'><strong>reliqui</strong></span> <span class='ocrx_word' id='word_1_462' title='bbox 1693 2945 1836 2984; x_wconf 89' lang='lat' dir='ltr'><strong>moesti</strong></span> <span class='ocrx_word' id='word_1_463' title='bbox 1854 2944 2050 2984; x_wconf 84' lang='lat' dir='ltr'><strong>conticu-</strong></span> 
     </span>
     <span class='ocr_line' id='line_1_95' title="bbox 1162 3009 2046 3060; baseline 0.001 -13"><span class='ocrx_word' id='word_1_464' title='bbox 1162 3020 1235 3048; x_wconf 87' lang='lat' dir='ltr'><strong>ere</strong></span> <span class='ocrx_word' id='word_1_465' title='bbox 1255 3020 1419 3050; x_wconf 89' lang='lat' dir='ltr'><strong>omnes.</strong></span> <span class='ocrx_word' id='word_1_466' title='bbox 1478 3010 1578 3052; x_wconf 83' lang='lat' dir='ltr'><strong>Quo</strong></span> <span class='ocrx_word' id='word_1_467' title='bbox 1611 3009 1686 3050; x_wconf 91' lang='lat' dir='ltr'><strong>ubi</strong></span> <span class='ocrx_word' id='word_1_468' title='bbox 1723 3010 1859 3050; x_wconf 81' lang='lat' dir='ltr'><strong>sensit</strong></span> <span class='ocrx_word' id='word_1_469' title='bbox 1890 3009 2046 3060; x_wconf 80' lang='lat' dir='ltr'><strong>Caesar,</strong></span> 
     </span>
     <span class='ocr_line' id='line_1_96' title="bbox 1161 3072 2049 3126; baseline 0.001 -14"><span class='ocrx_word' id='word_1_470' title='bbox 1161 3072 1206 3112; x_wconf 89' lang='lat' dir='ltr'><strong>id</strong></span> <span class='ocrx_word' id='word_1_471' title='bbox 1229 3073 1399 3113; x_wconf 87' lang='lat' dir='ltr'><strong>scilicet</strong></span> <span class='ocrx_word' id='word_1_472' title='bbox 1427 3073 1696 3126; x_wconf 89' lang='lat' dir='ltr'><strong>displicuisse</strong></span> <span class='ocrx_word' id='word_1_473' title='bbox 1724 3074 1898 3126; x_wconf 89' lang='lat' dir='ltr'><strong>populo,</strong></span> <span class='ocrx_word' id='word_1_474' title='bbox 1928 3085 2049 3114; x_wconf 86' lang='lat' dir='ltr'><strong>coro·</strong></span> 
     </span>
     <span class='ocr_line' id='line_1_97' title="bbox 1159 3138 2048 3191; baseline 0.003 -15"><span class='ocrx_word' id='word_1_475' title='bbox 1159 3149 1258 3177; x_wconf 91' lang='lat' dir='ltr'><strong>nam</strong></span> <span class='ocrx_word' id='word_1_476' title='bbox 1287 3138 1464 3190; x_wconf 86' lang='lat' dir='ltr'><strong>abjecit,</strong></span> <span class='ocrx_word' id='word_1_477' title='bbox 1500 3144 1546 3179; x_wconf 90' lang='lat' dir='ltr'><strong>et</strong></span> <span class='ocrx_word' id='word_1_478' title='bbox 1584 3140 1766 3191; x_wconf 88' lang='lat' dir='ltr'><strong>populus</strong></span> <span class='ocrx_word' id='word_1_479' title='bbox 1798 3140 1923 3178; x_wconf 83' lang='lat' dir='ltr'><strong>laetus</strong></span> <span class='ocrx_word' id='word_1_480' title='bbox 1964 3143 2048 3179; x_wconf 86' lang='lat' dir='ltr'><strong>est.</strong></span> 
     </span>
     <span class='ocr_line' id='line_1_98' title="bbox 1159 3200 2047 3252; baseline 0.001 -12"><span class='ocrx_word' id='word_1_481' title='bbox 1159 3200 1279 3241; x_wconf 84' lang='lat' dir='ltr'><strong>Tunc</strong></span> <span class='ocrx_word' id='word_1_482' title='bbox 1299 3201 1449 3241; x_wconf 88' lang='lat' dir='ltr'><strong>Caesar</strong></span> <span class='ocrx_word' id='word_1_483' title='bbox 1470 3201 1628 3242; x_wconf 87' lang='lat' dir='ltr'><strong>dixisse</strong></span> <span class='ocrx_word' id='word_1_484' title='bbox 1643 3201 1798 3251; x_wconf 89' lang='lat' dir='ltr'><strong>fertur,</strong></span> <span class='ocrx_word' id='word_1_485' title='bbox 1812 3203 1982 3252; x_wconf 87' lang='lat' dir='ltr'><strong>Cupere</strong></span> <span class='ocrx_word' id='word_1_486' title='bbox 2001 3212 2047 3242; x_wconf 85' lang='lat' dir='ltr'><strong>se</strong></span> 
     </span>
     <span class='ocr_line' id='line_1_99' title="bbox 1159 3263 2044 3318; baseline -0.002 -14"><span class='ocrx_word' id='word_1_487' title='bbox 1159 3265 1287 3315; x_wconf 88' lang='lat' dir='ltr'><strong>mori,</strong></span> <span class='ocrx_word' id='word_1_488' title='bbox 1321 3266 1437 3318; x_wconf 90' lang='lat' dir='ltr'><strong>quod</strong></span> <span class='ocrx_word' id='word_1_489' title='bbox 1473 3271 1637 3307; x_wconf 84' lang='lat' dir='ltr'><strong>tantam</strong></span> <span class='ocrx_word' id='word_1_490' title='bbox 1666 3265 1812 3317; x_wconf 89' lang='lat' dir='ltr'><strong>populi</strong></span> <span class='ocrx_word' id='word_1_491' title='bbox 1839 3263 2044 3303; x_wconf 86' lang='lat' dir='ltr'><strong>invidiam</strong></span> 
     </span>
     <span class='ocr_line' id='line_1_100' title="bbox 1161 3326 2044 3379; baseline -0.001 -12"><span class='ocrx_word' id='word_1_492' title='bbox 1161 3329 1477 3368; x_wconf 84' lang='lat' dir='ltr'><strong>contraxisset:</strong></span> <span class='ocrx_word' id='word_1_493' title='bbox 1519 3328 1706 3379; x_wconf 84' lang='lat' dir='ltr'><strong>peractis</strong></span> <span class='ocrx_word' id='word_1_494' title='bbox 1737 3326 1894 3366; x_wconf 91' lang='lat' dir='ltr'><strong>deinde</strong></span> <span class='ocrx_word' id='word_1_495' title='bbox 1932 3327 2044 3366; x_wconf 82' lang='lat' dir='ltr'><strong>ludis</strong></span> 
     </span>
     <span class='ocr_line' id='line_1_101' title="bbox 1162 3390 2045 3442; baseline -0.001 -10"><span class='ocrx_word' id='word_1_496' title='bbox 1162 3392 1335 3432; x_wconf 80' lang='lat' dir='ltr'><strong>Caesetii</strong></span> <span class='ocrx_word' id='word_1_497' title='bbox 1371 3391 1482 3431; x_wconf 89' lang='lat' dir='ltr'><strong>filius</strong></span> <span class='ocrx_word' id='word_1_498' title='bbox 1512 3398 1557 3430; x_wconf 89' lang='lat' dir='ltr'><strong>et</strong></span> <span class='ocrx_word' id='word_1_499' title='bbox 1598 3391 1807 3430; x_wconf 83' lang='lat' dir='ltr'><strong>Marullus</strong></span> <span class='ocrx_word' id='word_1_500' title='bbox 1839 3390 1942 3430; x_wconf 89' lang='lat' dir='ltr'><strong>trib.</strong></span> <span class='ocrx_word' id='word_1_501' title='bbox 1982 3391 2045 3442; x_wconf 88' lang='lat' dir='ltr'><strong>pl.</strong></span> 
     </span>
     <span class='ocr_line' id='line_1_102' title="bbox 1163 3453 2045 3507; baseline -0.002 -12"><span class='ocrx_word' id='word_1_502' title='bbox 1163 3456 1380 3496; x_wconf 83' lang='lat' dir='ltr'><strong>Caesarem</strong></span> <span class='ocrx_word' id='word_1_503' title='bbox 1401 3453 1596 3496; x_wconf 83' lang='lat' dir='ltr'><strong>affectati</strong></span> <span class='ocrx_word' id='word_1_504' title='bbox 1615 3454 1737 3506; x_wconf 86' lang='lat' dir='ltr'><strong>regni</strong></span> <span class='ocrx_word' id='word_1_505' title='bbox 1759 3454 2045 3507; x_wconf 79' lang='lat' dir='ltr'><strong>postularunt.</strong></span> 
     </span>
     <span class='ocr_line' id='line_1_103' title="bbox 1166 3519 1276 3564; baseline 0.018 -2"><span class='ocrx_word' id='word_1_506' title='bbox 1166 3519 1276 3564; x_wconf 74' lang='lat' dir='ltr'><strong>oliv..</strong></span> 
     </span>
    </p>
   </div>
  </div>
 </body>
</html>
