2288 3990
342 267 450 322 978

342 400 555 438 testantur
574 400 757 436 veteres.
786 393 968 445 Dionys.
990 391 1065 433 lib.
1085 403 1129 432 x.
1147 391 1220 433 Jo-

342 461 464 513 seph.
495 458 643 510 Antiq.
673 457 845 500 Judaic.
864 455 942 496 lib.
963 465 1099 494 xvm.
1119 465 1219 505 cap.

343 527 382 565 8.
438 523 547 563 Sunt
565 521 773 574 hodieque
801 519 858 559 ibi
881 519 1076 570 ingentes
1097 517 1220 556 rude-

339 598 433 626 rum
447 585 654 638 reliquiae,
673 596 770 636 quae
788 582 913 622 situm
929 580 1101 622 Tusculi
1117 581 1221 620 satis

343 652 540 701 arguunt.
595 646 632 686 A
651 647 880 697 Telegono,
900 644 972 698 qui
990 644 1155 697 Ulyssis
1176 649 1222 684 et

342 713 489 753 Circes
525 709 637 750 filius
670 709 866 761 fingitur,
910 708 1087 750 condita
1119 707 1221 747 urbs

341 781 558 816 censetur.
613 772 738 814 Unde
755 775 766 796 ‘
785 772 951 813 Circaea
965 770 1133 811 moenia'
1149 782 1229 822 ap·-

339 837 521 890 pellavit
555 836 776 877 Horatius.
850 835 1051 888 Ejusdem
1079 839 1221 875 autem

341 901 507 953 generis
523 899 743 942 Mamilius
769 897 980 940 Octavius
1000 895 1097 937 fuit.
1127 895 1222 935 Clu·

338 976 421 1004 ver.

397 1027 574 1068 Reatinae
606 1024 873 1079 proefecturoe]
909 1023 1021 1066 Quia
1041 1018 1222 1075 praefec·

340 1096 411 1132 tus
443 1095 538 1130 erat
567 1090 713 1140 Beati,
742 1101 792 1129 ac
811 1089 845 1128 si
865 1087 1029 1127 diceres
1051 1086 1221 1126 Praetu·

339 1164 399 1192 rae
437 1152 773 1192 Viluxcentinae.
846 1151 984 1190 Erant
1025 1146 1221 1200 quaedam

339 1214 632 1267 praefecturae,
670 1215 724 1255 ad
750 1226 855 1267 quas
886 1211 1172 1253 mittebantur
1196 1222 1222 1250 a

340 1279 538 1319 Praetore
558 1278 736 1318 Urbano
757 1275 967 1330 praefecti,
995 1280 1046 1315 ut
1067 1272 1221 1322 Fundi,

339 1347 385 1381 et
405 1342 602 1388 Formiae,
619 1341 890 1391 Privernum,
906 1338 1119 1390 Anagnia,
1139 1338 1221 1377 Re-

339 1411 426 1457 ate,
443 1405 617 1455 Non-sia,
632 1405 859 1457 Arpinum,
877 1408 922 1443 et
934 1403 1030 1442 alia.
1068 1401 1221 1442 Oliver.

378 1468 580 1519 Reatinae]
599 1469 734 1508 Reate
748 1466 953 1518 oppidum
969 1464 1222 1505 Sabinorum

336 1536 594 1571 memoratur
611 1530 746 1582 Livio,
768 1529 990 1582 Dionysio,
1009 1527 1224 1578 Straboni,

337 1594 500 1643 Plinio,
532 1594 753 1644 Suetonio,
799 1594 945 1644 Festo,
981 1592 1222 1632 hinerariis

336 1658 554 1699 Romanis.
612 1658 779 1710 Oppidi
819 1656 1112 1699 vetustissima
1155 1662 1223 1698 est

336 1722 473 1773 origo,
513 1722 672 1775 quippe
716 1721 829 1775 quod
875 1719 1152 1772 Aborigines,
1194 1732 1222 1761 a

337 1786 503 1826 Sabinis
540 1787 645 1827 urbe
678 1799 755 1827 sua
784 1787 904 1827 Lista
928 1787 1090 1838 pulsos,
1108 1785 1223 1826 intra

338 1860 434 1887 sese
456 1849 669 1901 recepisse
690 1849 922 1901 Dionysius
940 1849 1013 1889 lib.
1035 1860 1068 1889 1.
1089 1853 1221 1888 testa·

337 1917 423 1961 tur,
443 1913 557 1965 quod
578 1919 678 1953 ante
695 1913 862 1953 Bellum
879 1912 1111 1964 Trojannm
1130 1908 1222 1951 fac-

335 1981 428 2015 tum
447 1987 540 2015 esse
560 1977 768 2017 Cluverus
790 1976 993 2017 ostendit.
1028 1975 1223 2016 Celebris

337 2039 487 2092 itaque
519 2041 677 2092 passim
697 2041 812 2093 apud
832 2042 1031 2094 antiquos
1050 2046 1224 2081 autores

339 2102 431 2153 ejus
452 2102 499 2142 fit
516 2104 689 2143 mentio.
719 2105 874 2145 Cicero
891 2112 1032 2145 tamen
1046 2104 1225 2156 ignobili

340 2176 446 2203 voce
468 2165 641 2205 Catilin.
666 2177 734 2207 111.
766 2167 780 2189 ‘
801 2166 1131 2208 Praefecturam’
1150 2179 1225 2220 ap-

337 2226 531 2278 pellavit.
564 2229 727 2268 Cluver.

398 2288 630 2343 Vae-atione]
670 2291 854 2332 Vacatio
873 2303 1098 2334 munerum
1118 2293 1226 2346 pub·

336 2353 515 2394 licor-um
535 2356 856 2396 excusationem
891 2355 1108 2409 significat
1130 2358 1159 2399 l.
1180 2368 1226 2398 V.

339 2416 377 2465 ᾗ.
398 2415 471 2458 fin.
494 2417 548 2458 de
564 2419 688 2460 Mun.
710 2426 752 2460 et
769 2419 935 2461 Honor.
950 2426 995 2460 et
1015 2420 1060 2461 in
1081 2420 1151 2463 tit.
1170 2419 1229 2462 de

338 2479 493 2521 Vacat.
511 2487 557 2522 et
576 2489 769 2534 exempt.
791 2483 914 2523 Mun.

396 2546 617 2598 Castorem]
647 2547 842 2598 Contigit
861 2548 915 2589 A.
929 2548 986 2589 U.
1003 2559 1172 2590 ccnvn.

395 2608 602 2659 Jutumae]
631 2609 702 2648 De
717 2610 798 2651 hoc
814 2611 913 2651 lacu
925 2611 1048 2664 Virg.
1061 2609 1229 2652 AEneid.

341 2681 426 2710 xn.
447 2677 491 2711 et
513 2671 643 2712 Ovid.
676 2673 794 2714 Fast.
832 2684 886 2715 11.
915 2674 1119 2728 Propert.
1151 2685 1229 2715 111.

340 2736 407 2774 22.
443 2733 542 2774 Fuit
560 2739 605 2774 et
626 2734 666 2773 in
689 2733 796 2782 foro,
809 2736 936 2788 juxta
954 2737 1230 2791 Dionysium,

342 2797 419 2836 sed
451 2798 556 2836 alius
588 2798 641 2838 ab
660 2810 727 2849 eo,
760 2800 830 2851 qui
844 2801 973 2852 juxta
1000 2802 1229 2842 Numicum

347 2860 562 2902 Fluvium.
618 2862 729 2902 Uter
764 2869 906 2904 autem
952 2865 1234 2919 intelligatur,

344 2922 548 2965 differunt
591 2930 778 2966 autores.
834 2927 956 2969 Quod
997 2929 1051 2969 ad
1079 2929 1232 2971 Jutur·

343 2997 444 3025 nam
498 2986 670 3039 attinet,
713 2988 785 3040 qui
823 3001 955 3043 prope
1002 2992 1232 3034 Numicum

344 3055 428 3099 est,
482 3050 695 3103 hodieque
745 3064 879 3104 prope
929 3054 1142 3096 Albanum
1186 3061 1234 3098 et

345 3112 561 3153 Sabellum
591 3113 736 3165 opida,
766 3126 912 3155 versus
938 3129 1134 3158 occasum
1155 3119 1233 3159 So-

343 3175 395 3214 lis
437 3175 638 3216 visendus
682 3189 786 3217 sane
834 3177 948 3230 fons,
989 3192 1066 3221 sex
1102 3182 1235 3225 millia

348 3251 552 3290 passuum
606 3252 631 3280 a
674 3240 849 3281 Numici
908 3242 1097 3284 fontibus
1151 3245 1233 3286 dis·

347 3302 455 3341 situs
473 3317 485 3353 ;
505 3303 577 3356 qui
593 3315 647 3343 ex
657 3302 816 3344 Albani
834 3306 989 3360 montis
1008 3307 1235 3361 radicibus,

343 3372 406 3415 et,
427 3371 475 3405 ut
497 3367 624 3418 vulgo
644 3366 852 3419 creditur,
872 3380 925 3408 ex
949 3367 1115 3409 Albano
1138 3372 1233 3411 lacn

348 3428 641 3470 subterraneis
672 3433 886 3473 meatibus
923 3433 1002 3473 sub
1041 3435 1134 3486 ipsa
1168 3437 1235 3476 via

348 3492 494 3546 Appia
523 3501 646 3536 tanta
672 3510 879 3550 aquarum
899 3499 941 3539 vi
959 3510 1157 3551 sonorus,
1186 3506 1235 3541 ut

919 275 1095 316 NOTAE
1140 272 1475 314 VARIORUM
1519 271 1585 311 IN

1282 390 1422 444 inquit
1441 389 1666 443 Virgilius,
1682 387 1884 440 erumpit,
1900 387 1962 428 uti
1978 386 2120 427 statim
2137 400 2164 428 a

1284 455 1427 507 capite
1446 455 1578 495 molas
1599 452 1927 502 circumvolvat,
1946 450 2058 490 unde
2077 462 2164 492 nou

1282 519 1409 569 longe
1447 528 1695 570 progressus
1744 514 1895 564 amnis,
1931 513 1974 553 in
2021 514 2171 555 lacum.

1285 582 1539 623 diffunditur
1573 579 1684 620 haud
1718 578 1900 631 perinde
1931 589 2131 629 magnum
2150 590 2163 617 :

1284 659 1339 688 ex
1357 648 1453 686 lacu
1472 644 1631 684 deinde
1657 642 1710 682 ad
1729 641 1922 681 Tiberim
1953 632 2164 691 defertur,

1285 709 1355 750 cui
1372 708 1580 748 miscetur
1598 704 1746 757 quinto
1765 702 1934 742 milliari
1947 702 2000 742 ab
2021 701 2164 752 Ostia,

1284 771 1466 823 septimo
1506 780 1606 808 vero
1643 767 1699 807 ab
1731 766 1839 806 urbe
1874 767 2026 807 Roma.
2082 766 2165 808 La·

1284 847 1378 876 cum
1398 832 1611 885 hodieque
1633 835 1791 872 vocant
1807 829 1920 880 Lago
1944 830 1987 870 di
2015 829 2164 880 Τυηιο,

1283 898 1353 937 alii
1370 897 1413 937 di
1437 896 1641 946 Volturno,
1675 905 1801 947 quam
1829 893 1882 933 ab
1901 893 2026 933 initio
2050 897 2166 934 esset

1282 961 1394 1012 Lago
1424 960 1467 1000 di
1495 961 1685 999 Juturna.
1711 957 1886 998 Cluver.
1941 956 2030 998 Hic
2062 967 2169 996 vero

1282 1026 1399 1067 locus
1417 1025 1460 1066 in
1487 1024 1607 1066 Urbe
1636 1022 1820 1074 intelligi
1852 1021 2040 1074 videtur,
2067 1033 2163 1062 cum

1283 1089 1404 1130 addit
1422 1089 1476 1129 de
1495 1088 1603 1129 AEde
1629 1086 1841 1139 Castoris,
1873 1098 1969 1140 quae
1999 1085 2043 1126 in
2068 1083 2173 1137 foro.

1283 1152 1380 1204 fuit,
1392 1153 1526 1206 juxta
1543 1150 1816 1204 Dionysium.

1337 1217 1460 1257 AEdes
1467 1214 1619 1266 eor-um]
1631 1215 1855 1255 Castorum
1867 1211 2020 1261 aedem,
2033 1223 2174 1265 quan-⁴

1284 1291 1410 1332 quam
1429 1290 1578 1319 omnes
1599 1278 1643 1318 in
1662 1277 1755 1317 foro
1772 1275 1908 1317 fuisse
1940 1274 2169 1324 affirmant,

1284 1341 1327 1381 in
1347 1353 1430 1394 qua
1450 1346 1592 1381 tamen
1613 1343 1755 1392 parte,
1785 1349 1870 1379 non
1888 1337 2168 1384 conveniunt.

1284 1404 1521 1456 Dionysius
1542 1408 1704 1454 autem,
1723 1401 1832 1443 haud
1854 1402 2045 1455 procula
2061 1401 2167 1442 Ves-

1286 1474 1343 1509 tae
1368 1467 1504 1508 fuisse
1535 1467 1675 1508 innuit
1705 1466 1770 1507 his
1797 1465 1966 1507 verbis:
1996 1465 2009 1487 ‘
2027 1464 2168 1516 HuJus

1287 1537 1428 1572 autem
1449 1531 1683 1583 inopinatae
1715 1527 2067 1581 admirabilisque
2090 1535 2167 1579 ap-

1285 1594 1525 1648 paritionis,
1560 1606 1659 1635 cum
1693 1592 1817 1645 signa
1847 1591 1986 1634 adhuc
2017 1590 2167 1632 Romae

1285 1659 1438 1710 multa,
1461 1663 1549 1699 tum
1568 1668 1672 1698 vero
1691 1661 1759 1697 est
1777 1655 1894 1697 aedes
1913 1653 2104 1696 Pollucis
2123 1658 2170 1706 et

1286 1722 1490 1774 CastoriS,
1507 1732 1635 1774 quam
1655 1731 1783 1773 supra
1803 1718 1944 1760 forum
1971 1716 2180 1759 extruxit.

1285 1785 1458 1836 civitas,
1488 1784 1561 1824 ubi
1590 1784 1686 1824 visa
1714 1787 1814 1823 sunt
1842 1782 2014 1825 illorum
2040 1781 2168 1822 simu·

1284 1847 1429 1889 lacra.'
1484 1848 1543 1888 Et
1567 1858 1700 1887 mox:
1729 1846 1742 1869 ‘
1774 1845 1932 1899 Specie
1961 1845 2179 1898 pugilum,-

1286 1924 1503 1965 equosque
1523 1909 1720 1951 madidos
1739 1909 1897 1951 sudore
1916 1909 1971 1949 ad
1989 1909 2170 1950 scaturi-

1284 1977 1440 2029 ginem,
1443 1976 1576 2028 juxta
1589 1974 1728 2015 aedem
1739 1975 1889 2015 Vestae
1903 1979 2166 2024 manantem,

1287 2039 1496 2084 abluere?
1552 2038 1776 2092 Appianas
1806 2042 1952 2078 autem
1983 2047 2170 2077 comme·

1285 2109 1440 2156 morat,
1471 2102 1680 2144 Asellium
1712 2102 1950 2142 Praetore-
1968 2098 2083 2141 forte
2105 2111 2170 2140 sa-

1285 2180 1362 2208 cra
1380 2166 1551 2208 Castori
1579 2170 1624 2206 et
1646 2164 1817 2206 Polluci
1833 2164 1878 2205 in
1895 2162 1994 2205 foro
2011 2162 2176 2204 faciem

1287 2237 1393 2278 tem,
1423 2242 1520 2271 cum
1537 2228 1707 2283 quidam
1725 2227 1872 2280 lapide
1889 2227 2076 2280 phialam
2096 2238 2172 2267 ex-

1287 2294 1508 2346 cussisset,
1526 2292 1581 2334 ad
1596 2292 1744 2333 Vestae
1759 2291 1897 2332 aedem
1913 2290 2178 2332 cucurrisse.-

1288 2360 1356 2400 Ex
1399 2370 1578 2412 quorum
1620 2357 1765 2397 verbis
1801 2360 1998 2409 apparet,
2030 2353 2170 2396 aedem

1289 2423 1516 2464 Castorum
1562 2432 1700 2474 prope
1740 2420 1906 2471 Vestae,
1945 2417 2176 2472 forumque

1290 2487 1527 2526 Romanum
1547 2485 1610 2525 ita
1638 2485 1782 2535 sitam,
1799 2489 1850 2525 ut
1867 2497 1894 2524 a
1910 2482 2055 2524 fronte
2071 2482 2174 2534 hoc,

1287 2549 1406 2589 illam
1436 2560 1540 2589 vero
1567 2559 1594 2588 a
1620 2553 1745 2600 tergo
1771 2546 1989 2588 habuerit.
2044 2545 2177 2586 Hanc

1291 2610 1483 2652 Castoris
1503 2609 1642 2651 aedem
1658 2608 1713 2650 A.
1726 2608 2006 2650 Postlmmius
2023 2607 2173 2649 Dicta·

1290 2677 1359 2714 tor
1381 2673 1496 2714 bello
1513 2673 1669 2733 Latino
1699 2672 1835 2724 vovit,
1860 2671 2040 2725 ejusque
2056 2669 2174 2717 filins

1290 2736 1500 2778 Duumvir
1513 2740 1681 2777 creatus
1695 2734 1934 2777 dedicavit.
1989 2733 2143 2776 Cicero
2161 2746 2175 2773 :

1289 2802 1302 2825 ‘
1322 2799 1509 2854 Nonne,'
1535 2799 1691 2853 inquit,
1724 2799 1738 2822 ‘
1753 2798 1807 2840 ab
1835 2799 1891 2841 A.
1919 2797 2172 2839 Postlmmio

1293 2865 1430 2906 aedem
1450 2864 1621 2905 Castori
1637 2869 1683 2904 et
1701 2862 1873 2904 Polluci
1887 2861 1933 2903 in
1946 2859 2043 2902 foro
2058 2860 2176 2902 dica-

1292 2933 1383 2970 tam
1421 2927 1590 2969 vides?'
1644 2928 1702 2968 Et
1728 2926 1887 2968 iterum
1922 2937 2001 2979 pro
2034 2924 2183 2965 Domo·

1294 3007 1384 3045 sua,
1405 3000 1535 3047 atque
1556 3004 1634 3046 pro
1650 2992 1816 3043 Sextio,
1840 2991 1932 3044 eJus
1959 2987 2116 3043 gradus
2146 3000 2178 3028 a.

1295 3057 1450 3099 Clodio
1465 3057 1653 3098 revulsos
1667 3061 1870 3106 testatur,
1883 3058 1929 3095 et
1942 3053 1988 3094 S.
2004 3052 2055 3093 C.
2071 3061 2174 3092 con·

1294 3121 1525 3174 cionesque
1568 3120 1612 3160 in
1652 3118 1803 3160 eadem
1838 3128 1956 3170 saepe
1989 3114 2177 3156 habitas.

1294 3184 1506 3226 Asconius
1539 3196 1663 3235 vero,
1706 3184 1755 3225 1..
1795 3180 2023 3232 Metellum
2065 3177 2175 3222 hanc

1295 3247 1559 3288 instaurasse
1595 3246 1742 3288 tradit.
1812 3245 1872 3287 Et
1913 3242 2176 3285 Plutarchus

1296 3311 1519 3352 Caecilium
1555 3310 1782 3351 Metellum
1818 3308 1956 3349 Florae
2007 3304 2178 3346 simula·

1295 3375 1414 3425 ebro,
1445 3372 1765 3427 pulchritudine
1793 3369 1966 3422 insigni,
1995 3379 2177 3409 exorna·

1295 3438 1422 3479 visse.
1479 3439 1630 3480 Inerat
1666 3442 1711 3477 et
1747 3435 1909 3486 tabula,
1940 3431 2178 3473 monimen·

1296 3505 1388 3545 tum
1404 3500 1591 3542 civitatis
1617 3498 1834 3554 equitibus
1852 3495 2081 3550 Campanis
2099 3493 2176 3534 da·
