2288 3990
352 280 462 333 998

943 291 1120 330 No'rAE
1165 289 1488 332 VARIORUM
1533 290 1595 329 IN

1062 509 1336 602 LIBER
1388 540 1480 601 11.

417 729 527 770 CAP.
548 733 589 769 l.
618 727 747 769 Tituli
769 729 958 781 capitum
989 727 1112 780 hujus
1137 727 1238 768 libri

361 794 558 846 plerique
579 793 801 846 perierunt
821 794 862 832 in
892 792 1012 833 libris
1041 792 1239 843 vulgatis,

362 867 466 908 quos
482 857 567 896 suis
585 856 761 896 locisex
788 857 842 896 V.
864 855 911 896 C.
941 855 1028 896 fide
1049 855 1236 895 restitui-

363 930 468 960 muS.
496 919 681 970 Pighius.

421 985 581 1035 Optimo·
595 983 790 1036 principe]
831 982 1023 1035 Tiberio,
1045 994 1123 1022 nec
1150 982 1240 1021 sine

365 1045 613 1087 adulatione
634 1048 712 1086 boc
733 1047 852 1086 dicit.

421 1109 642 1161 Elementa]
670 1110 902 1163 Principia.

420 1172 442 1224 ἢ
461 1176 482 1212 1
512 1172 631 1225 Apud
648 1173 846 1225 antiquos]
882 1173 978 1214 Hoc
1000 1173 1240 1214 institutum

366 1236 480 1289 apud
502 1237 670 1278 Livium
701 1237 809 1277 libro
839 1238 972 1288 primo
1003 1238 1130 1289 plane
1151 1237 1243 1289 dig-

367 1301 483 1340 nosci
524 1307 681 1352 potest,
717 1301 790 1340 ubi
830 1301 951 1349 dicit,
995 1313 1078 1340 non
1127 1301 1244 1352 prius

366 1375 544 1415 regnum
593 1371 820 1415 acceptum
867 1362 998 1403 fuisse
1044 1377 1068 1404 a
1103 1364 1244 1404 Numa

370 1426 584 1480 Pompilio
603 1427 790 1467 secundo
804 1429 1090 1468 Romanorum
1112 1429 1245 1480 Rege,

367 1503 494 1542 quam
515 1492 635 1530 Deos
665 1490 865 1542 auspiciis
898 1492 966 1531 ille
988 1493 1247 1532 consuleret.

367 1553 413 1593 Is
432 1554 602 1594 enimin
620 1555 715 1595 loco
730 1555 848 1594 edito
868 1555 1119 1604 ascendens,
1138 1555 1248 1595 lituo

368 1618 506 1669 spatia
541 1617 771 1671 descripsit
791 1619 833 1658 in
852 1619 975 1668 coelo,
995 1618 1049 1658 ab
1070 1618 1250 1668 oriente,

370 1682 426 1722 ab
444 1682 683 1732 occidente,
716 1687 812 1734 post
839 1681 932 1734 jain
961 1695 984 1721 a
1004 1681 1200 1731 meridie,
1227 1694 1252 1720 a

371 1747 683 1799 septentrione,
740 1747 1005 1799 prospiciens
1047 1755 1251 1799 quantum

373 1809 486 1850 oculi
519 1807 634 1848 serre
667 1814 896 1861 poterant:
941 1814 986 1848 et
1012 1814 1177 1860 partem
1199 1807 1252 1847 ab

372 1872 537 1912 oriente
574 1872 809 1925 appellavit
842 1872 1041 1921 anticam,
1069 1870 1122 1911 ab
1142 1870 1253 1910 occi-

373 1935 505 1976 dente
541 1936 807 1988 posticam,a
826 1936 1006 1976 meridie
1042 1935 1255 1986 dextram,

374 2012 398 2039 a
436 2000 733 2052 septentrione
782 1988 1011 2039 sinistram.
1080 1999 1253 2038 Deinde

376 2077 473 2104 cum
508 2070 660 2116 aperto
695 2065 840 2116 capite
873 2064 1081 2115 stetisset,
1115 2063 1254 2102 animo

377 2129 595 2181 concepit,
616 2141 713 2180 quae
737 2129 940 2179 auspicia,
960 2133 1003 2169 et
1023 2141 1105 2181 qua
1131 2132 1254 2179 parte

376 2192 491 2232 mitti
513 2193 670 2242 vellct3
711 2190 865 2244 quibus
895 2191 1033 2231 missis
1054 2192 1257 2231 continuo

379 2256 474 2295 Rex
494 2259 660 2294 creatus
681 2260 764 2303 est,
779 2259 825 2294 et
844 2254 886 2293 in
909 2265 1085 2307 regnum
1106 2266 1258 2306 accep·

379 2324 463 2358 tus.
498 2319 646 2359 Oliver.

432 2381 599 2433 Nuptiis
615 2381 827 2421 etiamnum
852 2380 1048 2432 auspices]
1085 2380 1155 2421 Sic
1180 2382 1260 2421 Ta-

379 2445 489 2485 citus
508 2446 562 2484 de
595 2445 758 2497 nuptiis
790 2445 1036 2485 Messalinae
1070 2452 1261 2485 tractans

379 2508 457 2549 lib.
478 2520 530 2548 11.
551 2514 595 2548 et
615 2508 668 2547 de
693 2509 878 2548 Neronis
897 2521 993 2549 cum
1013 2510 1262 2564 Pythagora

381 2571 581 2622 conjugio
619 2571 692 2610 lib.
732 2583 808 2611 xv.
846 2585 991 2624 agens,
1038 2573 1264 2625 utrobique

381 2635 600 2686 auspicum
614 2634 900 2674 adhibitorum
916 2635 1119 2676 meminit.
1139 2637 1264 2675 Plau-

383 2704 450 2739 tus
472 2699 602 2738 etiam
622 2699 664 2738 in
685 2699 868 2749 Prologo
883 2698 1075 2739 Casiuae:
1105 2699 1117 2722 ‘
1141 2701 1264 2740 Ultro

384 2761 465 2802 ibit
484 2769 681 2814 nuptum,
714 2774 795 2801 non
826 2762 1016 2803 manebit
1037 2762 1265 2814 auspices!

386 2824 539 2864 Cicero
560 2837 638 2875 pro
658 2824 882 2864 Cluentio:
916 2827 926 2846 ‘
948 2825 1085 2865 Nubit
1105 2838 1262 2876 genero

386 2900 546 2939 socruS,
564 2889 688 2928 nullis
721 2889 980 2940 auspicibus,
1008 2890 1133 2928 nullis
1163 2902 1262 2930 auc-

387 2952 566 3004 toribus,
582 2951 762 2992 funestis
779 2954 1018 2994 ominibus!
1044 2954 1265 2995 Juvenalis

385 3017 539 3068 Satyra
560 3028 602 3057 x.
637 3017 652 3041 ⁴
673 3017 911 3069 Tyriusque
928 3019 1067 3068 palam
1088 3018 1266 3070 genialis

387 3080 430 3120 in
468 3076 603 3119 hortis
638 3079 870 3128 Sternitur,
906 3085 951 3120 et
989 3080 1074 3119 ritu
1123 3080 1268 3120 decies

390 3149 570 3184 centena
607 3143 820 3183 dabuntur
854 3143 1074 3196 Antiquo:
1124 3145 1270 3184 veniet

388 3220 484 3248 cum
506 3208 787 3258 signatoribus
817 3206 1025 3259 Auspex!
1079 3208 1271 3260 Symma-

391 3272 497 3311 chus
514 3271 695 3323 Epistol.
717 3269 791 3310 lib.
806 3281 857 3310 11.
899 3271 910 3291 ⁸
932 3270 1128 3310 Sororem
1146 3271 1271 3310 Pom-

390 3335 530 3386 peiam
559 3335 658 3374 olim
688 3335 779 3374 viro
803 3339 1012 3374 maturam
1034 3340 1077 3376 te
1099 3334 1272 3384 auspice

391 3398 436 3438 in
476 3411 627 3438 manus
661 3404 784 3450 optat
817 3396 1045 3449 accipere!
1100 3396 1273 3436 Servius

394 3462 584 3504 adinum
614 3473 785 3502 versum
816 3461 910 3500 ΖΕΒ.
943 3471 976 3499 1.
1019 3459 1031 3480 ⁴
1053 3459 1133 3500 Cui
1150 3465 1274 3510 pater

392 3525 599 3567 intactam
626 3525 822 3576 dederat,
851 3523 1083 3576 primisque
1095 3522 1275 3574 jugarat

1302 715 1555 768 Ominibus!
1613 725 1664 765 Id
1687 729 1767 778 est,
1786 725 1987 777 augurii&
2043 725 2100 765 Et
2117 735 2179 765 se-

1304 792 1489 832 cundum
1522 792 1738 831 Romanos
1777 789 1948 830 locutus
1987 793 2070 840 est,
2107 789 2180 842 qui

1303 856 1408 896 nihil
1429 856 1508 894 nisi
1537 855 1722 907 captatis
1742 853 1960 894 faciebant
1979 853 2182 903 auguriis,

1305 919 1523 972 praecipue
1545 919 1735 971 nuptias.
1779 917 1846 958 Ac
1865 918 1920 957 de
1938 915 2182 970 hujusmodi

1305 981 1550 1034 auspicibus
1582 981 1856 1036 accipiendus
1891 986 1959 1020 est
1987 980 2063 1024 ille
2076 973 2185 1019 Sue-

1306 1046 1411 1086 tonii
1431 1047 1472 1085 in
1503 1046 1682 1086 Claudio
1713 1046 1846 1096 locus,
1864 1055 1948 1098 quo
1966 1043 2183 1084 Valeriam

1306 1110 1579 1150 Messalinam
1611 1121 1788 1150 uxorem
1819 1108 2030 1161 supplicio
2064 1106 2183 1148 adfe-

1305 1174 1413 1214 cisse
1432 1185 1529 1214 eum
1558 1173 1868 1225 Imperatorem
1901 1176 2064 1222 narrat,
2082 1172 2190 1218 dote,

1306 1236 1424 1288 prius
1445 1235 1558 1275 inter
1577 1236 1773 1287 auspices
1790 1235 2052 1288 consignata.
2080 1235 2192 1275 Erat*

1308 1303 1450 1338 autem
1471 1299 1746 1350 prosperrimi
1778 1299 1960 1350 augurii,
1988 1298 2188 1351 nuptiali-

1307 1361 1386 1400 bus
1417 1361 1597 1412 negotiis
1635 1361 1853 1412 accipitris
1898 1361 2003 1402 circi
2050 1362 2188 1405 altero

1310 1424 1421 1476 pede
1441 1424 1582 1464 claudi
1602 1430 1822 1477 aspectus,
1848 1429 1898 1465 ut
1928 1424 2095 1466 Plinius
2110 1424 2186 1466 lib.

1312 1499 1359 1527 x.
1393 1501 1431 1529 c.
1469 1492 1509 1529 8.
1549 1488 1756 1542 prodidit.
1830 1487 2078 1531 Quinetiam
2124 1488 2189 1528 his

1310 1551 1603 1603 conjugalibus
1633 1551 1845 1604 auspiciis.
1866 1553 2100 1606 antiquitus
2117 1551 2191 1593 Pi-

1312 1616 1499 1655 lumnum
1520 1621 1566 1655 et
1585 1616 1839 1656 Picumnum
1876 1617 1992 1656 Deos
2012 1615 2190 1667 deputa·-

1313 1684 1379 1719 tos
1400 1680 1565 1720 Nonius
1586 1680 1822 1720 Marcellus
1853 1678 2063 1720 Varronis
2091 1690 2192 1718 auc-

1314 1743 1492 1783 toritate
1521 1743 1734 1784 adductus
1763 1744 1807 1784 in
1839 1755 1934 1795 cap.
1956 1743 2011 1783 de
2030 1736 2192 1786 Doct'o-

1298 1819 1407 1846 ¹rum
1427 1807 1636 1858 Indagine
1655 1807 1821 1847 scribit.
1847 1806 2093 1849 Brissouius.

1369 1870 1576 1923 Auspicia]
1633 1869 1704 1913 Ab
1737 1870 1996 1922 aspiciendis
2029 1868 2194 1922 avibus,

1314 1940 1363 1975 ut
1382 1934 1489 1985 dixi,
1507 1934 1597 1974 sive
1629 1933 1912 1986 praepetibus,
1929 1934 2019 1973 sive
2038 1932 2194 1973 oscini-

1314 1998 1419 2038 bus:
1447 2010 1541 2037 nam
1558 2003 1772 2050 praepetes
1789 2003 1932 2046 erant,
1952 2010 2046 2050 quae
2080 1997 2195 2037 vola·

1316 2066 1359 2102 tu
1377 2074 1452 2101 suo
1467 2059 1609 2101 futura
1623 2062 1970 2114 praenuntiabant
1987 2075 1999 2111 ;
2028 2060 2196 2101 oscines

1318 2137 1418 2164 vero
1436 2137 1529 2176 quae
1549 2135 1633 2163 non
1654 2124 1798 2163 volatu
1819 2128 2004 2174 tantum,
2021 2122 2098 2163 sed
2119 2123 2197 2162 eti-

1319 2201 1384 2228 am
1406 2188 1566 2238 garritu
1587 2188 1903 2240 significabant,
1924 2200 2018 2241 quae
2037 2188 2196 2228 instare

1319 2251 1582 2292 viderentur.

1382 2317 1534 2363 Veteris
1572 2313 1879 2366 consuetudinis]
1933 2315 2076 2357 Quum
2113 2312 2200 2358 Au·

1323 2379 1463 2432 spices
1483 2379 1666 2418 adeundi
1687 2391 1778 2419 mos
1798 2376 2009 2429 desiisset,
2032 2376 2105 2429 qui
2125 2389 2199 2416 au-

1323 2443 1459 2494 spicia
1478 2447 1691 2494 peterent,
1711 2441 1754 2480 hi
1774 2445 2023 2492 proxenetae
2042 2441 2202 2480 veteris

1325 2504 1647 2545 consuetudinis
1686 2503 1870 2554 vestigia
1903 2503 1999 2555 ipso
2028 2504 2201 2544 nomine

1324 2573 1614 2620 usurparunt:
1661 2566 2017 2619 quemadmodum
2045 2566 2116 2606 hic
2145 2579 2198 2606 ex

1325 2633 1404 2672 hoc
1444 2637 1594 2671 autore
1644 2631 1850 2682 colligere
1897 2630 2015 2669 licet.
2084 2630 2201 2671 Hinc

1326 2695 1455 2736 etiam
1475 2694 1626 2734 scribit
1659 2695 1752 2734 Cic.
1783 2694 1837 2734 de
1869 2693 2015 2734 Divin.
2049 2694 2122 2736 lib.
2152 2707 2204 2735 n.

1326 2759 1477 2802 ‘Nihil
1515 2759 1608 2800 fere
1655 2758 1867 2812 quondam
1915 2758 2089 2810 maioris
2127 2759 2206 2810 rei,

1328 2824 1408 2864 nisi
1430 2823 1669 2879 auspicato,
1687 2835 1769 2864 nec
1787 2822 1990 2874 privatim
2016 2822 2206 2875 quidem,

1328 2888 1583 2938 gerebatur:
1615 2886 1725 2938 quod
1747 2886 1875 2926 etiam
1887 2897 2000 2926 nunc
2012 2886 2206 2938 auspices

1330 2950 1573 3002 nuptiarum
1604 2949 1839 2998 declarant,
1869 2950 1939 3001 qui
1975 2960 2022 2989 re
2053 2947 2209 2989 omissa

1330 3026 1481 3058 nomen
1511 3018 1678 3054 tautum
1712 3010 1893 3052 teuent.’
1950 3011 2113 3052 Notum
2142 3016 2210 3057 est

1330 3077 1448 3117 istud
1483 3076 1702 3117 Ciceronis
1729 3088 1807 3128 pro
1838 3076 1987 3116 Cluen.
2043 3075 2211 3116 ‘Nubit

1333 3153 1491 3192 genero
1508 3153 1671 3190 socrus,
1690 3139 1814 3178 nullis
1841 3139 2101 3191 auspicibus,
2119 3141 2211 3184 nul,

1332 3204 1384 3242 lis
1414 3202 1687 3242 auctoribus.'
1743 3202 1828 3244 Qui
1857 3202 1990 3254 igitur
2018 3203 2071 3242 ad
2100 3203 2210 3244 hanc

1336 3279 1424 3307 rem
1445 3266 1761 3309 adhibebantur
1776 3272 2041 3318 proxenetae,
2057 3267 2212 3306 Latine

1336 3330 1535 3382 pronubi,
1572 3337 1616 3368 et
1655 3331 1974 3381 καταχρηστικῶς
2013 3330 2211 3380 auspices

1338 3393 1602 3442 dicebantur,
1615 3392 1873 3443 incipientes
1890 3397 1933 3430 et
1947 3390 2061 3430 felici
2073 3392 2212 3431 omine

1338 3457 1601 3496 inchoantes.
1657 3456 1754 3497 Qua
1773 3455 1828 3494 de
1843 3465 1995 3494 caussa
2013 3453 2054 3492 in
2077 3455 2214 3494 veteri

1341 3518 1579 3571 Glossario,
1600 3517 1764 3558 utiliter
1783 3517 1824 3557 iu
1846 3515 2064 3569 publicum
2084 3515 2218 3568 edito,
