2320 4004
585 321 844 363 vAtAERn
887 320 1130 358 s-mxmt
1176 321 1296 361 Lis.
1342 322 1393 359 v.
1433 307 1648 360 clunss.

208 453 295 489 tam
311 444 606 493 fortissimum,
625 442 739 495 regis
758 441 918 481 Minois
933 439 1085 488 filium,

208 510 490 552 Athenienses
543 518 621 559 per
661 505 863 546 invidiam
912 516 935 543 e
983 503 1090 542 turri

209 574 568 627 praecipitassent,
582 569 694 622 quod
716 581 862 609 omnes
882 568 923 607 in
949 566 1090 618 agoni-

208 639 288 678 bus
304 641 551 689 superasset
567 648 578 684 ;
609 634 751 674 Minos
774 633 919 684 AEgeo,
935 630 1092 671 Thesei

208 699 337 752 patri,
366 705 466 740 tunc
495 699 709 750 regnanti,
742 698 898 737 bellum
933 696 1092 743 intulit,

208 769 254 804 et
271 763 561 804 Athenienses
582 763 710 813 longa
727 761 953 800 obsidione
977 771 1092 811 pres·

208 839 278 868 sos
298 839 447 879 pacem
471 832 620 876 petere
639 825 800 876 coegit,
816 837 939 877 quam
974 823 1091 862 duris

210 891 530 932 conditionibus
558 903 582 930 a
611 889 758 930 Minoi}
782 890 952 930 tandem
972 901 1093 928 acce·

209 961 393 1008 perunt3
415 961 463 995 ut
478 959 661 1005 septena
675 953 900 1007 quotannis
915 963 1095 1005 corpora

211 1025 408 1060 natorum
447 1018 695 1058 Minotauro
735 1017 995 1065 devoranda,
1033 1027 1096 1055 se·

213 1081 400 1123 cundum
428 1079 611 1130 fabulas,
649 1092 695 1119 re
727 1085 868 1120 antem
902 1092 1018 1131 vera,
1051 1079 1095 1118 in

213 1147 466 1188 servitutem
486 1145 726 1197 mitterent,
747 1158 843 1197 quae
878 1144 923 1184 in
956 1144 1096 1196 Laby-

213 1210 356 1251 rintho
374 1209 673 1249 servabantur.
731 1210 839 1249 Erat
853 1215 995 1249 autem
1012 1207 1097 1247 Mi-

204 1278 418 1315 notaurus
463 1273 735 1324 Imperator3
781 1272 871 1326 qui,
916 1284 1012 1312 cum
1056 1272 1098 1311 in

213 1337 420 1389 agonibus
453 1348 600 1376 omnes
627 1341 870 1388 superaret,
891 1335 1101 1388 ejusmodi

212 1401 337 1454 pueri
373 1399 567 1440 victoriae
606 1399 827 1451 praemium
869 1399 1102 1448 dabantur,

215 1465 258 1504 iu
298 1475 402 1516 quos
447 1463 724 1503 saevissimum
756 1462 887 1502 fnisse
921 1467 1105 1513 constat,

213 1534 264 1568 ut
288 1527 388 1567 inde
413 1527 560 1567 fictum
580 1527 636 1567 sit
656 1540 682 1567 a
703 1527 948 1566 Minotauro
968 1525 1104 1566 fuisse

216 1593 462 1643 devoratos,
495 1594 566 1645 qni
600 1604 696 1632 cum
728 1598 846 1632 sorte
866 1592 1104 1643 deligeren-

215 1662 304 1707 tur,
337 1656 466 1697 tertio
498 1668 606 1696 anno
633 1668 722 1695 sors
753 1656 899 1696 evenit
924 1658 1105 1707 Theseo,

217 1721 287 1775 qni
303 1718 512 1760 beneficio
530 1717 760 1770 Ariadnes,
773 1732 868 1772 quae
885 1720 996 1758 illius
1014 1720 1105 1770 pul·

215 1783 458 1824 chritudine
494 1789 623 1841 capta
651 1783 801 1823 docuit
830 1784 913 1823 iter
939 1781 1014 1822 filo
1040 1794 1105 1822 re·

217 1859 333 1900 gere,
371 1848 606 1899 pericnlum
643 1848 798 1897 evasit,
839 1852 885 1888 et
922 1848 1103 1899 patriam

216 1912 271 1952 ab
293 1923 345 1951 eo
370 1911 532 1951 tributo
567 1916 611 1951 et
637 1912 852 1951 servitute
889 1911 1106 1951 liberavit.

221 1976 406 2016 Ovidius
424 1990 438 2016 -:
463 1977 475 1998 ‘
493 1976 590 2018 Jam
610 1974 891 2014 lamentabile
919 1973 1104 2014 Athenae

218 2039 418 2080 Pendere
442 2039 659 2080 desierant
677 2039 846 2080 Thesea
876 2038 1003 2079 lande
1031 2038 1106 2079 tri-

218 2101 400 2144 butum.'
433 2103 584 2143 Oliver.

272 2167 383 2208 Idem
417 2164 679 2219 effraenatam,
710 2166 799 2219 ξω]
838 2165 962 2207 Sicut
991 2166 1105 2218 apud

218 2231 404 2271 Statium
450 2230 649 2282 legimus,
695 2243 825 2282 quum
861 2230 997 2269 Creon
1031 2241 1107 2268 rex

219 2294 523 2334 Thebanorum
570 2294 818 2346 prohiberet
856 2293 1106 2333 Graecorum

220 2358 444 2409 cadavera,
473 2371 568 2410 quae
590 2358 633 2396 in
666 2358 779 2398 bello
816 2357 1034 2396 Etheoclis
1065 2363 1109 2396 et

221 2422 449 2462 Pollinicis
484 2421 714 2474 pugnando
750 2419 1016 2466 ceciderant,
1045 2433 1108 2460 se-

221 2486 407 2539 pulturae
428 2485 692 2535 demandari,
719 2497 875 2524 uxores
910 2490 955 2524 et
983 2484 1109 2524 liberi

222 2554 482 2589 mortuorum
508 2548 560 2588 ad
577 2549 791 2588 Theseum
806 2546 1112 2600 confugerunt,

222 2613 296 2666 qui
334 2626 480 2666 quum,
517 2613 668 2665 legatis
714 2614 868 2659 missis,
923 2611 1109 2662 benigne

222 2677 457 2728 impetrare
503 2688 586 2716 non
624 2677 860 2729 potuisset,
897 2676 1108 2715 Thebanis

222 2739 381 2780 bellum
401 2741 564 2792 intulit,
586 2741 738 2794 quibus
761 2741 901 2792 victis,
928 2753 1110 2792 corpora

223 2804 311 2843 suis
359 2804 554 2844 omnibus
601 2804 852 2857 sepelienda
912 2805 1109 2845 tradidit.

226 2867 359 2909 Idem.

279 2934 390 2973 Idem
432 2945 558 2985 opem,
596 2933 686 2985 cista]
730 2934 840 2974 Cum
888 2939 1109 2986 tyrannos,

224 2997 428 3046 latrones,
460 3003 504 3037 et
533 3004 723 3037 monstra
754 3010 810 3037 ex
831 3000 957 3038 terris
976 2999 1111 3037 multa

225 3060 468 3113 subegisset
495 3061 720 3114 Hercules,
752 3064 807 3103 ob
839 3063 970 3104 fortia
993 3065 1112 3104 facta

225 3125 453 3164 maximam
482 3125 687 3166 invidiam
719 3127 863 3167 liberis
897 3129 981 3168 suis
1012 3130 1110 3168 reli-

227 3189 348 3241 quit:
378 3201 476 3228 nam
494 3190 570 3242 qui
598 3189 771 3230 fuerant
790 3191 843 3230 ab
865 3191 936 3231 illo
957 3191 1113 3244 injuria

228 3249 372 3292 affecti
390 3251 501 3292 filios
527 3253 637 3304 ejus,
658 3259 755 3305 post
779 3261 978 3306 mortem,
1002 3255 1113 3295 inse-

229 3314 470 3365 quebantur
486 3316 589 3368 3qui
604 3328 698 3356 cum
711 3317 959 3368 praesidium
975 3323 1114 3358 tutum

232 3387 316 3416 nou
362 3377 616 3431 invenirent,
651 3379 857 3430 Athenas,
892 3382 946 3420 ad
983 3381 1112 3423 Aram

233 3439 560 3494 Misericordiae,
587 3456 713 3495 quam
733 3443 927 3484 Theseus
955 3446 1113 3486 consti-

235 3509 393 3555 tuerat,
407 3516 452 3544 se
470 3508 759 3559 contulerunt,
787 3514 832 3548 et
851 3509 910 3549 ibi
930 3510 1037 3549 salvi
1058 3510 1113 3550 ab

235 3566 347 3605 omni
387 3566 543 3618 injuria
579 3568 719 3611 fuere.
776 3571 889 3613 Nam
935 3573 1114 3614 Athenis

1897 306 2035 360 1183

1152 451 1268 479 aram
1289 441 1598 482 Misericordiae
1616 438 1804 481 Theseus
1820 450 2042 480 consecra·

1153 505 1232 554 vit,
1260 517 1386 557 quem
1414 507 1554 546 locum
1583 504 1763 556 Asylum
1783 504 2039 555 appellavit,

1153 569 1338 619 eoquod
1373 580 1496 608 nemo
1533 569 1632 608 inde
1667 567 1850 608 abstrahi
1872 573 2041 618 posset:

1153 632 1358 671 Romulus
1393 633 1563 683 deinde,
1597 634 1805 673 Theseum
1835 631 2045 678 imitatus,

1156 694 1308 735 Romae
1329 696 1441 736 idem
1460 699 1642 749 aperuit.
1683 698 1794 737 Sunt
1810 702 1951 736 tamen
1969 697 2043 748 qui

1156 759 1301 799 dicant
1346 758 1521 811 Asylum
1571 760 1753 800 Athenis
1801 759 2045 800 condidisse

1154 822 1264 863 filios
1284 824 1503 864 Herculis,
1550 825 1680 876 Cujus
1701 825 1926 864 sententiae
1947 825 2047 864 Sta-

1155 888 1238 927 tius
1261 895 1343 937 est,
1362 889 1434 941 qui
1465 889 1549 928 ait:
1582 890 1736 929 ‘Fama
1756 895 1821 928 est
1855 887 2046 928 defessos

1157 952 1250 991 acie
1271 958 1368 1004 post
1388 952 1514 992 busta
1533 954 1702 1004 paterni
1721 953 1919 993 Numinis
1935 953 2049 992 Her-

1158 1016 1270 1055 culei
1302 1015 1449 1057 sedem
1484 1016 1686 1057 fundasse
1726 1023 1935 1068 nepotes:
1975 1017 2045 1056 Sic

1157 1091 1348 1120 sacrasse
1380 1081 1477 1120 loco
1510 1093 1735 1120 commune
1755 1080 2046 1120 animantibus

1162 1145 1288 1197 aegris
1307 1145 1591 1195 Confugium.’
1620 1146 1771 1186 Olirer.

1218 1210 1275 1249 Et
1284 1210 1463 1261 quicquid
1477 1210 1617 1261 ubique
1630 1209 1797 1250 monstri
1811 1212 1881 1248 aut
1893 1209 2051 1249 sceleris

1151 1273 1255 1324 fuit,
1282 1273 1369 1326 thu]
1396 1274 1523 1314 Sicut
1541 1275 1862 1315 Marathonium
1882 1279 1927 1313 et
1948 1274 2052 1313 Cre-

1162 1343 1329 1378 tensem
1363 1339 1568 1389 Taurum,
1603 1339 1644 1378 in
1681 1339 1900 1391 Epidauro
1934 1339 2053 1378 Peri-

1163 1400 1351 1452 phetem,
1379 1414 1503 1455 quem
1533 1403 1748 1442 clavatum
1771 1401 1988 1449 dicebant,
2009 1403 2053 1441 in

1163 1463 1328 1504 Isthmo
1347 1464 1513 1516 Sinnin,
1530 1467 1600 1518 qni
1619 1478 1664 1505 se
1682 1465 1722 1505 in
1741 1466 1879 1504 varias
1894 1464 2054 1516 figuras

1165 1529 1365 1568 vertebat
1385 1542 1395 1568 :
1425 1529 1537 1569 haud
1555 1531 1683 1581 ‘longe
1712 1542 1737 1568 a
1755 1530 1941 1581 Megara
1962 1530 2054 1569 Sci-

1165 1605 1313 1632 ronem
1331 1594 1541 1632 latronem
1561 1594 1602 1632 in
1623 1598 1769 1633 monte
1790 1593 1908 1639 Caeo,
1926 1604 2054 1645 quem

1164 1654 1237 1695 ille
1259 1662 1563 1707 occupaverat,
1592 1663 1636 1695 et
1653 1657 1758 1696 illac
1778 1661 2055 1696 transeuntes

1166 1731 1312 1759 omnes
1328 1720 1511 1771 cogebat
1532 1720 1612 1759 sibi
1634 1720 1675 1759 in
1706 1719 1925 1771 praecipiti
1946 1731 2056 1770 rupe

1167 1783 1335 1824 sedenti
1357 1784 1488 1836 pedes
1506 1784 1705 1835 osculari,
1736 1796 1840 1836 qnos
1859 1783 1910 1822 ad
1931 1795 2057 1823 oscu-

1167 1847 1255 1887 lum
1295 1848 1540 1899 inclinatos,
1574 1851 1688 1887 elato
1719 1847 1846 1899 pede,
1876 1858 1955 1899 per
1981 1859 2056 1886 au-

1167 1910 1325 1951 fractas
1352 1924 1484 1964 rupes
1520 1911 1780 1952 detrudebat
1811 1912 1853 1950 in
1884 1909 2060 1963 profun-

1168 1975 1266 2015 dam
1287 1977 1457 2018 vallem.
1513 1978 1703 2017 Theseus
1733 1989 1829 2016 cnm
1862 1976 1916 2016 ad
1945 1977 2058 2015 hunc

1168 2041 1376 2091 venisset,
1423 2041 1638 2082 simulavit
1674 2054 1720 2081 se
1767 2042 1878 2080 velle
1926 2042 2059 2093 pedes

1169 2104 1371 2153 osculari,
1390 2110 1435 2143 et
1454 2105 1569 2143 illum
1591 2103 1772 2156 pedibus
1793 2108 1964 2155 captum
1985 2103 2060 2142 de-

1163 2167 1291 2219 jecit.
1351 2167 1400 2207 In
1423 2168 1727 2220 Peloponneso
1746 2167 1896 2207 Sinnin
1918 2179 1970 2206 eo
1991 2179 2062 2217 ge·

1171 2241 1274 2271 nere
1294 2231 1443 2270 mortis
1464 2230 1624 2282 affecit,
1642 2244 1726 2284 quo
1747 2232 1838 2282 ipse
1871 2232 2060 2282 hospites

1173 2300 1218 2333 et
1265 2295 1452 2334 viatores
1488 2295 1660 2335 afficere
1696 2296 1847 2335 solitus
1884 2292 2058 2343 fuerat;

1172 2370 1268 2397 nam
1300 2371 1398 2398 cnm
1430 2357 1687 2399 fortissimus
1724 2365 1857 2408 esset,
1886 2359 2062 2399 arbores

1174 2422 1389 2462 immensae
1427 2415 1739 2474 'magnitudinis
1776 2422 1982 2462 flectebat
2020 2424 2063 2462 in

1173 2491 1350 2536 terram,
1363 2490 1566 2538 etcaptos
1579 2487 1764 2525 homines
1782 2488 1948 2526 illarum
1967 2500 2062 2526 ver-

1175 2550 1334 2590 ticibus
1379 2551 1603 2602 alligabat,
1650 2551 1822 2600 deinde,
1858 2557 2061 2602 tanquam

1174 2615 1432 2666 funda,illos
1451 2617 1713 2657 immittebat
1732 2633 1743 2667 ;
1765 2617 1875 2669 jacti
1897 2618 1936 2656 in
1958 2619 2064 2656 mul-

1176 2685 1240 2719 tas
1273 2685 1421 2731 partes
1458 2680 1779 2720 scindebantur.
1837 2680 1966 2720 Hunc
1990 2681 2062 2720 alii

1174 2743 1524 2796 Pityocamptem
1592 2746 1860 2797 appellatum
1929 2745 2064 2784 fuisse

1176 2807 1328 2847 dicunt
1347 2821 1373 2847 a
1397 2807 1623 2849 flectendis
1658 2809 1898 2850 arboribus.
1954 2810 2063 2849 Pro-

1175 2879 1350 2912 crusten
1386 2885 1556 2926 quoqne
1587 2872 1827 2930 interfecit,
1848 2874 1918 2926 qui
1938 2874 2063 2913 lecti-

1176 2949 1248 2976 cas
1278 2936 1470 2977 ,habebat
1505 2938 1689 2977 humana
1722 2943 1887 2978 statura
1923 2939 2063 2977 brevi-

1177 3013 1288 3050 ores,
1331 3002 1374 3040 in
1413 3001 1567 3054 quibus
1609 3007 1832 3054 susceptos
1870 3002 2063 3053 hospites

1176 3065 1436 3115 collocabat,
1455 3071 1501 3105 et
1528 3065 1622 3104 illos
1657 3066 1834 3104 extendi
1861 3065 2063 3117 jubebat,

1176 3132 1221 3168 et
1253 3129 1459 3181 quicquid
1490 3135 1614 3169 extra
1634 3129 1811 3168 lecticas
1831 3128 2063 3178 eminebat,

1177 3195 1313 3232 totum
1333 3192 1600 3243 amputabat.
1629 3193 1752 3231 Idem.

1231 3254 1391 3308 Scyros]
1422 3256 1472 3294 In
1502 3268 1629 3308 qnam
1657 3255 1842 3294 Insulam
1873 3265 1968 3292 cum
2001 3253 2061 3291 di-

1176 3319 1396 3368 vertisset,
1415 3324 1511 3369 post
1533 3318 1705 3357 exilium
1726 3330 1748 3356 a
1769 3317 1909 3368 patria
1928 3317 2063 3356 indic·

1179 3387 1287 3433 tum,
1320 3382 1584 3434 Lycomedes
1627 3381 1718 3430 ejus
1755 3380 1911 3418 Insulae
1949 3381 2065 3431 prin-

1179 3457 1284 3497 ceps
1333 3446 1450 3485 illum
1498 3445 1552 3484 de
1600 3456 1705 3495 rupe
1754 3442 2060 3494 praecipitavit.

1177 3509 1328 3550 Insula
1347 3515 1415 3549 est
1445 3511 1486 3548 in
1513 3507 1618 3547 mari
1653 3506 1785 3558 AEgeo
1819 3506 1976 3558 posita,
2005 3508 2059 3547 de

1179 3585 1263 3626 qua
1278 3573 1436 3613 Strabo
1465 3572 1536 3612 lib.
1558 3582 1620 3611 ix.
1653 3570 1910 3612 mentionem
1942 3569 2062 3620 fecit,
