2320 4004
564 304 829 348 VALERH
874 302 1115 343 ΜΑΧιΜι
1165 305 1281 346 ωΒ.
1322 306 1378 346 v.
1415 307 1552 346 cAP.
1580 294 1629 345 1.

178 426 410 480 processit.
466 425 703 477 Postquam
723 423 767 463 in
787 428 1070 475 conspectum

178 491 530 542 venit,Provoco
553 494 610 540 te,
644 487 784 540 inquit
813 485 994 536 Badius,
1016 485 1070 525 ad

177 565 383 606 pugnam,
401 551 627 603 Crispine:
655 550 995 591 conscendamus
1029 561 1071 588 e·

178 627 302 670 quos,
332 621 379 656 et
410 621 509 655 uter
539 614 596 654 sit
616 613 731 654 bello
749 614 903 654 melior
923 612 1072 672 decer-

175 685 345 731 namus,
371 678 593 718 summotis
627 677 738 718 aliis.
794 675 865 717 Ad
885 689 936 717 ea
957 676 1073 716 Cris·

174 742 320 795 pinus,
353 741 451 782 Nec
480 741 580 794 sibi,
608 753 690 782 nec
721 740 801 791 illi,
832 741 909 792 ait,
927 740 1074 780 hostes

175 804 342 856 deesse,
357 804 401 844 in
417 804 571 858 quibus
591 804 794 845 virtutem
812 802 1071 844 ostendant:

175 879 226 909 se
242 867 391 920 etiam,
417 868 454 908 si
485 868 528 908 in
550 868 643 909 acie
666 868 923 919 occurrerit,
943 867 1074 908 decli·

174 937 394 983 naturum,
421 945 476 973 ne
508 933 712 984 hospitali
731 932 853 973 caede
871 932 1075 971 dextram

173 997 336 1038 violet:
367 1008 682 1049 conversusque
703 995 869 1036 abibat.
927 995 1073 1035 Enim-

174 1073 280 1102 vero
299 1059 488 1102 ferocius
517 1067 606 1100 tum
624 1060 787 1099 instare
807 1058 1071 1110 Campanus,

173 1127 376 1179 increpat
387 1126 613 1167 mollitiem
633 1132 679 1166 et
699 1125 930 1177 ignaviam,
951 1129 996 1165 et
1023 1131 1070 1165 se

170 1191 306 1244 digna
325 1192 485 1245 probra
503 1191 547 1232 in
564 1191 776 1232 insontem
785 1191 956 1244 jacere,
970 1191 1068 1230 hos-

171 1256 351 1310 pitalem
381 1257 550 1297 hostem
588 1257 830 1310 appellans,
868 1256 1071 1296 simulan-

171 1327 348 1374 temque
383 1332 582 1373 parcere,
617 1333 714 1361 cum
753 1321 864 1360 sciat
893 1331 939 1359 se
987 1330 1070 1359 non

173 1394 321 1435 parem
339 1395 449 1424 esse.
506 1383 553 1424 Si
569 1396 720 1436 parum
736 1382 922 1436 publicis
937 1381 1070 1422 foede·

171 1442 290 1486 ‘ribus
312 1446 467 1498 ruptis,
498 1446 672 1499 direpta
691 1447 815 1487 simul
835 1453 881 1487 et
899 1447 1071 1499 privata

160 1512 266 1564 jura
277 1522 374 1552 esse
390 1517 542 1563 putat:
582 1511 763 1551 Badium
785 1511 1070 1564 Campanum,

170 1574 222 1616 Τ,
259 1575 465 1616 Quinctio
503 1575 703 1627 Crispino
751 1575 876 1615 Rom.
922 1575 1068 1626 palam

171 1638 368 1679 omnibns
385 1637 551 1678 duobus
572 1637 835 1678 exercitibus
857 1637 1069 1677 audienti·

168 1701 250 1742 bus
283 1702 533 1742 renuntiare
568 1701 816 1754 hospitium,
850 1701 956 1741 nihil
986 1701 1068 1742 sibi

169 1776 266 1805 cum
287 1775 340 1805 eo
360 1765 673 1817 consociatum,
687 1764 794 1804 nihil
809 1763 1065 1805 foederatum

167 1829 332 1881 hospiti
363 1841 460 1870 cum
487 1830 630 1881 hoste,
663 1830 784 1882 cujus
813 1830 999 1882 patriam
1020 1836 1067 1871 et

169 1897 352 1945 penates
381 1893 578 1950 publicos
608 1899 906 1947 oppugnatum
927 1895 1066 1935 venis·

169 1962 251 1998 set.
279 1957 325 1997 Si
341 1957 411 1997 *vir
436 1963 566 2009 esset,
582 1957 939 2009 congrederetur.
977 1959 1065 2000 Diu

169 2027 448 2062 cunctantem
467 2022 715 2074 Crispinum
732 2023 962 2075 perpulere
974 2028 1064 2063 tur-

167 2085 318 2137 males,
342 2097 398 2125 ne
425 2085 603 2138 impune
635 2085 845 2126 insultare
879 2087 1063 2140 Campa*

167 2159 270 2189 num
304 2155 546 2201 pateretur.
603 2149 758 2202 Itaque
789 2155 956 2190 tantum
977 2163 1064 2191 mo·

168 2216 290 2251 ratus
326 2211 427 2252 dnm
465 2212 762 2264 Imperatores
801 2214 1064 2264 consuleret,

168 2275 531 2327 permitterentne
563 2275 645 2316 sibi
665 2281 788 2316 extra
808 2277 1002 2316 ordinem
1020 2278 1064 2317 in

168 2339 478 2391 provocantem
516 2339 682 2380 hostem
720 2352 933 2392 pugnare,
967 2354 1065 2393 per-

168 2402 302 2443 missu
321 2414 467 2442 eorum
499 2414 617 2442 arma
650 2405 783 2456 cepit,
818 2417 1064 2458 equumque

169 2466 439 2516 conscendit,
465 2471 512 2506 et
542 2465 727 2507 Badium
761 2469 931 2508 nomine
951 2481 1065 2509 com-

168 2529 353 2581 pellans,
383 2529 441 2570 ad
467 2542 654 2581 pugnam
674 2530 888 2572 evocavit.
933 2534 1066 2573 Nulla

167 2603 292 2633 mora
316 2592 536 2645 Campano
565 2592 686 2634 facta
707 2600 788 2645 est,
807 2594 974 2636 infestis
997 2609 1064 2637 ar-

167 2655 247 2695 mis
283 2656 492 2709 equisque
528 2665 810 2710 concurrunt,
838 2660 1065 2712 Crispinus

167 2731 301 2771 super
342 2725 509 2760 scutum
569 2721 786 2762 sinistrum
841 2723 1063 2764 humerum

168 2782 308 2823 Badio
325 2783 452 2823 hasta
482 2783 719 2836 transfixit,
752 2798 968 2839 superque
988 2787 1061 2827 de-

170 2846 341 2900 lapsum
363 2859 461 2887 cum
478 2848 652 2888 vulnere
673 2861 784 2902 equo
802 2850 991 2902 desiluit,
1012 2858 1062 2892 ut

167 2910 302 2962 pedes
332 2911 556 2962 jacentem
590 2912 841 2954 conficeret.
897 2914 1061 2955 Badius

169 2973 420 3027 priusquam
438 2976 772 3029 opprimeretur,
798 2991 935 3030 parva
966 2992 1061 3031 par-

168 3045 241 3077 ma
261 3043 391 3090 atque
411 3051 524 3092 equo
545 3039 726 3091 relictis,
747 3042 800 3080 ad
821 3053 918 3082 suos
938 3042 1062 3082 aufu-

169 3101 246 3152 git.
275 3103 497 3155 Crispinus
511 3115 682 3156 equum,
699 3117 902 3159 armaque
917 3113 1065 3160 capta,

170 3170 215 3204 et
234 3171 458 3206 cruentum
479 3167 699 3219 cuspidem
715 3169 891 3220 insignis
911 3171 1062 3222 spoliis

169 3234 391 3270 ostentans
413 3243 508 3271 cum
527 3244 683 3284 magna
701 3233 828 3273 laude
847 3240 895 3273 et
918 3240 1062 3287 gratu-

169 3290 332 3333 latione
361 3295 546 3335 militum
580 3296 635 3336 ad
664 3297 870 3337 Consules
900 3304 968 3338 est
988 3299 1061 3339 de-

172 3353 344 3407 ductus,
379 3359 662 3413 laudatusque
710 3361 788 3412 ibi,
833 3362 1060 3414 magnifice

174 3417 300 3457 etiam
318 3419 439 3461 donis
454 3422 652 3464 donatus.
682 3424 753 3465 Ita
772 3425 932 3466 Livius.
977 3427 1061 3467 Oli-

172 3492 254 3520 ver.

232 3543 533 3600 Campanorum]
550 3550 728 3593 Scilicet
745 3565 770 3593 a
782 3553 985 3595 Romanis
1004 3555 1058 3595 ad

1886 262 2028 346 1165

1134 423 1439 466 Hannibalem.

1186 486 1335 538 Diique
1353 487 1583 540 hospitales]
1608 488 1801 530 Quorum
1821 490 2025 543 princeps

1133 555 1203 590 est
1220 551 1414 603 Jupiter,
1443 553 1677 606 Virgilius:
1706 553 2029 607 ‘Jupiter-,hos-

1133 613 1251 667 pitiis
1276 626 1374 654 nam
1396 622 1439 656 te
1459 616 1681 669 darejura
1707 618 1972 670 loquuntur.'

1197 677 1461 736 Obtruncatus
1489 681 1568 733 est]
1601 682 1700 723 Non
1738 694 1762 722 a
1798 682 2031 736 Crispino:

1134 752 1233 782 nam
1249 739 1422 794 aufugit
1441 750 1669 798 antequam
1689 747 2028 801 opprimeretur,

1134 813 1183 848 ut
1202 818 1334 859 supra
1353 806 1552 860 diximus,
1566 809 1642 849 sed
1665 810 1720 850 ab
1740 810 1847 851 aliis.

1189 872 1256 924 §4
1285 870 1391 923 Age,
1419 873 1555 912 Marci
1583 867 1768 915 Marcelli
1800 877 2027 928 clementia]

1134 933 1370 974 Marcellus
1401 937 1549 975 consul
1579 937 1801 978 Romanus
1831 950 1929 979 cnm
1956 939 2030 979 diu

1134 997 1381 1039 obsedisset
1410 999 1663 1052 Syracusas,
1682 1002 1856 1042 tandem
1878 1003 2028 1043 urbem

1133 1060 1250 1101 illam
1282 1062 1401 1114 cepit
1433 1074 1530 1103 cum
1563 1064 1818 1105 assiduitate
1853 1066 2029 1115 laboris,

1135 1130 1226 1164 tum
1262 1125 1393 1166 etiam
1429 1125 1691 1177 proditione.
1750 1128 1858 1168 Cum
1893 1128 2029 1180 igitur

1133 1189 1288 1230 moenia
1322 1191 1539 1243 ingressus
1571 1198 1653 1243 est,
1679 1204 1730 1232 ac
1750 1204 1774 1232 e
1796 1193 2027 1244 superiori-

1134 1254 1213 1293 bus
1251 1254 1358 1294 locis
1385 1255 1534 1295 urbem
1567 1254 1702 1296 ferme
1731 1257 1918 1296 omnium
1956 1256 2030 1295 illa

1135 1323 1399 1369 tempestate
1422 1319 1754 1371 pulcherrimam
1785 1319 2026 1373 subjectam

1134 1383 1270 1422 oculis
1290 1382 1417 1432 vidit,
1433 1384 1719 1437 lachrymasse
1738 1384 1909 1431 dicitur,
1931 1397 2028 1437 par-

1133 1445 1211 1485 tim
1257 1446 1413 1497 gaudio
1459 1451 1596 1488 tantae*
1640 1455 1905 1501 perpetratae
1945 1450 2029 1500 rei,

1133 1509 1290 1561 partim
1326 1517 1497 1551 vetusta
1528 1513 1667 1564 gloria
1697 1513 1831 1554 urbis.
1887 1513 2027 1554 Athe-

1131 1572 1339 1613 niensium
1382 1575 1543 1615 classes
1573 1578 1799 1628 demersae,
1846 1582 1893 1618 et
1937 1577 2024 1618 duo

1131 1635 1332 1687 ingentes
1361 1640 1579 1679 exercitus
1609 1652 1706 1680 cnm
1740 1641 1905 1681 duobus
1937 1642 2025 1681 cla-

1130 1699 1308 1740 rissimis
1340 1701 1525 1742 ducibus
1544 1703 1680 1744 deleti
1711 1705 2018 1755 occurrebant,

1129 1769 1195 1803 tot
1213 1764 1325 1804 bella
1340 1764 1768 1819 Carthaginiensibus
1785 1774 1908 1809 tanto
1926 1782 2025 1810 eum

1129 1828 1380 1871 discrimine
1402 1838 1542 1884 gesta,
1560 1836 1626 1872 tot
1646 1845 1696 1873 ac
1717 1839 1804 1874 tam
1825 1834 2023 1886 opulenti

1129 1894 1302 1944 tyranni
1348 1906 1579 1948 regesque,
1625 1904 1788 1948 praeter
1836 1902 2023 1938 caete'ros

1129 1957 1268 1997 Hiero
1304 1971 1405 1999 cum
1444 1960 1758 2002 recentissimae
1799 1963 2022 2003 memoriae

1129 2032 1293 2073 regum,
1311 2028 1402 2063 tum
1424 2029 1523 2064 ante
1543 2025 1688 2066 omnia
1706 2037 1803 2079 quae
1825 2026 1962 2066 virtus
1983 2027 2025 2066 ei

1127 2084 1386 2138 fortunaque
1426 2100 1502 2127 sua
1549 2087 1750 2138 dederat,
1799 2088 2025 2130 beneficiis

1126 2147 1170 2187 in
1203 2150 1408 2200 populum
1438 2152 1675 2192 Romanum
1707 2152 1901 2204 insignis.
1958 2154 2024 2192 Ea

1127 2223 1224 2252 cum
1239 2213 1437 2253 universa
1449 2221 1732 2256 occurrerent
1753 2216 1911 2267 animo,
1929 2215 2026 2256 sub·

1127 2274 1295 2328 iretque
1332 2278 1540 2329 cogitatio
1577 2280 1670 2332 jam
1702 2280 1775 2320 illa
1803 2287 2023 2321 momento

1127 2337 1247 2378 horae
1284 2350 1437 2379 arsura
1473 2342 1632 2391 omnia,
1670 2348 1714 2382 et
1746 2342 1800 2382 ad
1850 2343 2019 2383 cineres

1129 2402 1336 2452 reditura,
1359 2404 1603 2457 priusquam
1625 2405 1745 2457 signa
1759 2404 2021 2446 Acradinem

1129 2465 1398 2516 admoveret,
1434 2468 1664 2519 praemittit
1709 2469 2023 2520 Syracusanos,

1128 2529 1201 2581 qui
1231 2530 1348 2571 intra
1367 2532 1607 2571 Romanum
1629 2532 1875 2584 praesidium
1897 2531 2020 2572 ausu-

1129 2598 1298 2644 gerant,
1327 2599 1376 2634 nt
1408 2595 1597 2646 alloquio
1636 2593 1723 2636 leni
1761 2595 2021 2647 pellicerent

1127 2656 1272 2697 hostes
1311 2657 1366 2697 ad
1409 2658 1652 2698 dedendam
1700 2657 1866 2712 urbem,
1907 2660 2019 2711 quod

1128 2719 1327 2760 obtinere
1357 2722 1567 2774 nequivit.
1623 2722 1693 2763 Ita
1722 2723 1882 2764 Livius.
1933 2723 2018 2762 Oli-

1124 2799 1205 2828 ver.

1181 2852 1247 2905 §5
1280 2853 1571 2906 Centobricam]
1602 2854 1865 2895 Centobrica
1886 2854 2018 2895 Celti-

1125 2915 1326 2956 berorum
1345 2917 1461 2969 urbs,
1487 2918 1530 2957 in
1551 2918 1781 2970 Hispania.
1839 2918 2020 2958 Contre-

1126 2978 1240 3019 biam
1263 2980 1444 3020 eandem
1464 2987 1593 3021 vocat
1608 2981 1882 3027 Pater-culus,
1905 2986 1950 3020 et
1969 2982 2017 3020 L,

1124 3043 1294 3085 Florus.
1351 3043 1596 3085 Contrebiae
1617 3044 1750 3085 etiam
1770 3045 1915 3084 Livius
1931 3056 2017 3083 me-

1124 3106 1264 3146 minit.
1319 3106 1390 3146 An
1419 3107 1679 3153 Contributa
1698 3106 1926 3147 Ptolemaei
1944 3106 2017 3153 sit,

1125 3169 1301 3209 videant
1331 3170 1430 3210 alii:
1464 3183 1546 3223 ego
1567 3183 1647 3212 nec
1681 3171 1762 3221 aio,
1791 3181 1871 3209 nec
1889 3179 2014 3219 nego.

1126 3233 1402 3274 Contrebiam
1426 3235 1554 3286 Livii,
1575 3235 1857 3286 Complegam
1877 3232 2015 3283 Appi-

1124 3297 1195 3337 ani
1212 3308 1311 3338 esse
1339 3299 1444 3348 scio.
1477 3299 1664 3338 Ortelius.
1722 3294 2014 3345 Centobricam]

1126 3361 1277 3401 Florus
1294 3362 1581 3414 Versobrigas
1610 3366 1738 3401 vocat
1752 3359 1824 3398 lib.
1843 3368 1894 3398 11.
1913 3370 2014 3408 cap.

1122 3427 1192 3465 27.
1248 3426 1417 3466 Plinius
1456 3424 1773 3474 Vertobrigam.
1843 3420 2007 3460 Eadem

1124 3490 1280 3530 civitas
1295 3490 1538 3530 Concordia
1558 3499 1724 3541 quoque
1744 3486 1862 3527 Julia
1891 3485 2009 3524 dicta

1122 3552 1219 3605 fuit,
1249 3558 1360 3594 teste
1376 3553 1520 3593 Plinio
1540 3551 1611 3592 lib.
1630 3562 1683 3592 ιι.
1704 3562 1802 3602 cap.
1823 3552 1860 3589 1.
1888 3548 2011 3589 Seria
