2288 3990
504 263 765 304 vALERu
810 261 1054 301 ΜΑΧιΜι
1099 264 1217 301 Lm.
1262 263 1298 301 1.
1341 262 1474 300 OAP.
1503 251 1552 301 5.

118 387 335 430 Milesius:
366 383 465 437 quia
503 387 645 423 autem
678 382 795 421 horoe
829 391 996 420 cresce·

117 451 224 492 bant
266 455 312 490 et
349 446 659 487 decrescebant
696 444 810 496 apud
844 444 997 484 Roma-

115 524 290 565 nospro
308 511 474 551 ratione
490 516 744 561 temporum,
774 507 902 546 etiam
935 506 997 544 in-

115 579 334 616 crementa
351 578 396 612 et
415 571 693 612 decrementa
710 570 905 609 horarum
933 580 997 607 os-

116 635 352 677 tendebant
382 634 617 686 horologia.
674 633 787 673 Vide
816 632 996 673 Salmas.

114 699 157 740 in
176 698 308 740 Solin.

166 761 390 814 Lacinium]
419 761 657 802 Pendulam
677 766 847 813 partem
867 766 994 813 togae.

115 828 284 869 Badius.

168 893 238 944 §6
266 891 377 931 Male
403 890 588 942 multata]
615 889 791 931 Afflicta
831 890 885 930 ab
920 890 992 930 ad·

114 954 320 996 versario.

168 1019 281 1059 Ex‘r.
314 1019 338 1070 ξ
370 1021 391 1058 1
425 1020 524 1058 Cum
555 1030 642 1071 rex,
676 1018 764 1070 ξω]
797 1018 994 1071 Contigit

112 1079 169 1121 A.
186 1081 241 1121 U.
261 1092 403 1121 cnxx.

171 1144 333 1196 Urbem]
377 1144 554 1185 Scilicet
595 1143 903 1185 Alexandriam
949 1145 992 1185 in

111 1205 313 1260 AEgypto.

163 1270 416 1312 Architectus
455 1271 711 1323 Dinocrates]
758 1273 993 1313 Democra-

111 1338 200 1374 tem
222 1339 378 1374 vocant
395 1334 483 1375 alii.

167 1396 424 1449 polentaque]
453 1398 626 1439 Genere
644 1397 778 1451 pultis
805 1410 858 1438 ex
881 1397 992 1439 farre

112 1457 309 1501 candido.

166 1523 235 1574 §2
262 1522 472 1574 Deiotaro]
500 1523 736 1564 Deiotarus
771 1535 848 1563 rex
885 1524 991 1563 Sici-

108 1582 181 1623 13ae
210 1583 308 1637 fuit,
350 1585 439 1638 qui,
466 1598 562 1626 cum
593 1587 781 1638 aquilam
814 1587 991 1627 vidisset

108 1647 395 1689 declinantem
422 1649 466 1688 in
486 1653 665 1700 tectum,
696 1650 749 1689 ab
781 1650 876 1701 ejus
911 1662 989 1689 usu

107 1723 154 1752 se
173 1725 298 1766 qnam
325 1713 508 1765 primum
537 1713 761 1764 abstinuit,
790 1714 989 1766 sequenti

107 1787 210 1816 vero
241 1781 368 1816 nocte
403 1777 568 1817 corruit
596 1781 776 1818 tectum.
833 1778 987 1818 Cicero

108 1838 163 1879 de
192 1839 473 1882 Divinatione
503 1842 579 1882 lib.
609 1854 642 1882 1.
673 1841 816 1884 ‘Quid
844 1841 986 1893 hospi-

107 1902 225 1954 tem,'
261 1902 415 1956 inquit,
447 1905 459 1927 ‘
480 1905 757 1945 clarissimum
796 1910 842 1945 et
878 1905 988 1956 opti-

27 1988 30 1991 «
105 1977 219 2006 mum
247 1967 384 2007 virum
414 1970 668 2010 Deiotarum
700 1981 843 2020 regem
874 1982 987 2010 com·

105 2039 352 2082 memorem,
377 2032 452 2086 qui
470 2033 574 2073 nibil
593 2045 780 2086 unquam
801 2033 883 2072 nisi
913 2046 986 2073 au-

105 2093 273 2143 spicato
292 2096 434 2146 gerit?
459 2097 547 2148 qui,
575 2109 673 2137 cum
698 2096 854 2137 itinere
885 2110 987 2150 quo-

105 2153 201 2194 dam
237 2158 459 2209 proposito
495 2165 540 2204 et
571 2160 808 2200 constituto
845 2172 988 2200 rever-

103 2217 243 2270 tisset,
270 2220 421 2272 aquilae
441 2221 680 2263 admonitus
699 2224 858 2274 volatu,
885 2236 985 2264 con-

105 2281 226 2322 clave
241 2282 365 2335 illud,
394 2284 466 2324 ubi
485 2291 580 2324 erat
605 2297 922 2337 permansurus,
951 2287 987 2326 si

103 2343 166 2382 ire
186 2338 472 2398 perrexisset,
503 2350 697 2399 proxima
727 2355 855 2389 nocte
892 2362 986 2390 cor-

105 2405 208 2446 ruit.
262 2407 418 2461 Itaque
453 2415 503 2450 ut
539 2423 593 2450 ex
624 2412 716 2462 ipso
754 2412 988 2462 audieram,

104 2479 299 2520 persaepe
320 2474 499 2512 revertit
518 2486 571 2513 ex
591 2474 764 2526 itinere,
781 2488 876 2516 cum
890 2477 984 2528 jam

103 2542 355 2583 progressus
391 2541 506 2576 esset
542 2538 770 2577 multorum
819 2539 981 2581 dierum

105 2593 247 2635 viam.'
277 2596 426 2638 Oliver.

158 2655 334 2700 cum.
390 2661 590 2714 Ominum,
624 2663 713 2716 ξω]
756 2666 865 2706 Post
893 2666 975 2707 Au-

101 2718 225 2770 spicia
260 2725 422 2762 tractat
458 2725 617 2777 Omina,
655 2729 982 2782 praemittitque,

103 2793 222 2822 more
235 2785 594 2836 suo,praeludium
609 2789 663 2829 ad
682 2797 828 2843 aptum
843 2797 981 2833 trans-

103 2845 217 2886 itum*
242 2845 511 2892 faciendum:
540 2853 655 2893 unde
681 2853 812 2895 facile
840 2862 978 2909 patet,

103 2909 217 2961 quod
241 2911 371 2952 etiam
398 2911 535 2954 Aldus
564 2917 883 2971 animadvertit,
912 2932 979 2960 su-

101 2973 248 3024 perius
265 2977 504 3028 exemplum
534 2991 619 3019 non
646 2982 906 3033 pertinuisse
926 2985 980 3024 ad

105 3046 242 3077 omen.
292 3037 439 3080 Omen
455 3046 598 3082 autem
617 3050 698 3096 est,
719 3058 802 3098 quo
823 3059 906 3087 vox
926 3060 980 3088 ex

102 3109 178 3138 ore
215 3099 397 3152 alicujus
434 3110 621 3158 excepta
647 3120 743 3148 cum
777 3110 832 3150 ad
862 3112 979 3151 aliud

101 3162 373 3212 propositum
416 3165 474 3206 sit
522 3169 653 3222 dicta,
697 3171 754 3211 ad
800 3173 978 3215 alterius

102 3230 304 3266 eventum
331 3226 386 3267 ab
406 3229 650 3283 excipiente
671 3245 764 3274 eam
784 3237 978 3288 applica-

102 3288 180 3326 tur.
236 3288 391 3342 Neque
410 3297 554 3334 tamen
586 3295 640 3336 ab
673 3309 746 3338 ore
765 3298 978 3341 duntaxat

103 3349 287 3402 eapitur,
322 3365 419 3394 nam
454 3361 500 3396 et
531 3356 688 3399 factum
720 3373 798 3413 pro
834 3363 976 3404 omine

103 3422 218 3464 ωερε
254 3416 590 3462 animadversum
622 3423 813 3475 legimus,
846 3432 894 3466 ut
929 3428 975 3467 in

104 3484 204 3515 casu
235 3477 401 3521 Camilli
429 3483 626 3535 proximo
663 3486 756 3528 loco
782 3487 975 3542 dicetur,

1834 249 1941 301 943

1058 384 1102 418 et
1141 380 1183 418 in
1231 391 1437 431 procursu
1483 378 1619 419 Aselli
1662 378 1714 418 ad
1762 378 1942 433 fontem,

1061 454 1184 494 quem
1206 444 1370 483 Marius
1388 455 1465 495 pro
1480 443 1616 482 omine
1633 448 1839 494 sequutus
1860 450 1953 484 est.

1059 506 1131 545 Sic
1151 518 1356 559 equorum
1386 508 1549 559 lapsus,
1578 507 1773 557 leporum
1795 518 1943 546 occur-

1062 582 1149 620 suS,
1170 576 1213 609 et
1233 571 1275 610 id
1294 583 1427 623 genus
1449 572 1531 610 alia
1548 582 1624 622 pro
1640 570 1848 609 ominibus
1868 570 1942 610 ob-

1061 639 1232 673 servata
1278 635 1469 685 legimns,
1515 634 1667 673 misera
1699 633 1941 673 mortalium

1062 697 1381 748 superstitione,
1396 702 1441 736 et
1456 696 1692 736 certissima
1709 695 1942 736 daemonio-

1059 772 1151 800 rum
1172 760 1386 811 illusione,
1417 773 1511 813 quae
1543 772 1595 800 eo
1626 759 1848 799 servitutis
1870 772 1941 810 ge-

1058 835 1163 862 nere
1196 824 1384 862 homines
1414 823 1639 863 devinctos
1673 824 1942 874 premebant.

1058 887 1168 926 Nam
1205 886 1307 938 quid
1344 885 1478 926 Aselli
1510 897 1741 936 procursus
1762 885 1814 924 ad
1845 884 1939 925 fon-

1057 956 1142 990 tem
1164 950 1217 990 ad
1234 951 1425 1002 ‘Marium
1445 950 1685 1002 pertinuit?
1715 950 1847 989 Certe
1868 950 1940 989 siti

1056 1015 1200 1066 potius
1221 1027 1347 1067 quani
1374 1013 1486 1054 fame
1518 1024 1750 1065 oppressus
1775 1012 1938 1053 fontem

1053 1079 1196 1130 petiit.
1253 1077 1313 1118 At
1334 1079 1496 1118 Marius
1524 1078 1606 1117 sibi
1640 1089 1769 1130 aquas
1790 1084 1940 1128 peten-

1056 1143 1130 1182 das
1167 1144 1403 1194 intellexit,
1441 1142 1554 1195 quod
1593 1141 1691 1194 quia
1728 1153 1937 1193 prosp-ere

1056 1206 1178 1259 fecit,
1194 1207 1466 1247 observatum
1483 1212 1564 1256 est,
1578 1210 1622 1245 et
1638 1204 1808 1256 scriptis
1825 1218 1939 1244 man-

1056 1271 1232 1322 datum;
1277 1278 1324 1311 at
1359 1271 1394 1310 si
1428 1271 1534 1311 mari
1572 1269 1791 1321 periisset,
1821 1270 1939 1309 nulla

1056 1335 1207 1374 ominis
1243 1336 1407 1375 mentio
1443 1333 1628 1374 fuisset:
1685 1332 1784 1385 quin
1831 1334 1939 1373 adeo

1055 1400 1212 1450 omina,
1231 1398 1437 1450 auspicia,
1466 1396 1658 1449 auguria,
1678 1402 1724 1435 et
1742 1396 1785 1435 id
1801 1409 1936 1447 genus

1055 1469 1258 1514 portenta
1287 1463 1391 1502 nihil
1421 1460 1626 1501 efficaciae
1646 1460 1939 1500 credebantur

1053 1525 1229 1575 habere,
1260 1525 1342 1565 nisi
1376 1525 1419 1564 in
1451 1524 1726 1575 capientibus
1760 1529 1806 1562 et
1844 1529 1938 1564 rata

1052 1586 1326 1638 habentibus,
1362 1593 1410 1626 nt
1438 1586 1678 1626 voluntaria
1700 1585 1936 1625 haberetur

1052 1650 1258 1702 ejusmodi
1276 1651 1478 1690 servitus.
1508 1650 1677 1690 Badius.

1107 1715 1307 1766 Ominum,
1319 1713 1404 1765 δῖα]
1424 1715 1652 1764 Declarat,
1665 1724 1800 1765 quare
1811 1724 1934 1753 omen

1050 1778 1247 1829 religioni
1276 1777 1523 1830 subjungat.
1573 1777 1726 1818 Cicero
1749 1776 1858 1816 libro
1879 1777 1934 1817 de

1049 1842 1200 1882 Divin.
1254 1843 1267 1864 ‘
1291 1842 1391 1882 Non
1414 1840 1582 1891 solum‚'
1610 1840 1766 1893 inquit,
1786 1840 1797 1861 ‘
1819 1841 1935 1880 Deo-

1049 1918 1140 1946 rum
1190 1917 1317 1946 voces
1364 1904 1644 1958 Pythagoraei
1678 1903 1938 1943 observave-

1050 1975 1168 2020 runt,
1187 1970 1262 2009 sed
1282 1970 1411 2010 etiam
1425 1969 1640 2008 bominum
1660 1979 1756 2019 quae
1778 1973 1936 2007 vocant

1050 2033 1206 2083 omina,
1222 2046 1314 2086 quae
1331 2033 1515 2084 majores
1530 2030 1666 2071 nostri
1676 2030 1934 2082 aequivalere

1051 2096 1300 2147 censebant,
1343 2096 1503 2135 idcirco
1562 2094 1756 2134 omnibus
1802 2094 1932 2134 rebus

1049 2160 1243 2211 agendis,
1256 2160 1369 2212 quod
1390 2160 1563 2212 bonum,
1576 2158 1780 2208 faustum,
1797 2157 1936 2208 foelix,

1049 2220 1402 2275 fortunatumque
1440 2227 1566 2275 esset,
1600 2220 1931 2274 praefabantur.’

1054 2285 1203 2327 Oliver.
1947 2328 1950 2330 Α

1104 2349 1127 2400 §
1168 2352 1185 2387 1
1224 2350 1328 2389 Urbe
1346 2362 1371 2389 α
1399 2349 1530 2389 Gallis
1556 2348 1739 2400 disjecta]
1785 2348 1855 2388 Sic
1885 2352 1932 2388 et

1050 2410 1159 2450 Mss.
1195 2411 1377 2452 Codices
1415 2413 1579 2463 legunt.
1649 2411 1754 2461 Alii,
1791 2412 1931 2452 deleta.

1049 2474 1178 2514 Prius
1198 2487 1300 2514 sane
1323 2488 1409 2515 non
1429 2475 1644 2527 displicet.
1700 2476 1800 2515 Non
1818 2476 1929 2516 enim

1045 2548 1218 2588 prorsus
1233 2537 1394 2589 deleta,
1408 2538 1483 2577 sed
1497 2536 1706 2577 incendiis
1719 2544 1813 2577 erat
1826 2539 1929 2578 urbs

1043 2601 1202 2651 passim
1236 2608 1406 2642 vastata
1438 2614 1489 2643 ac
1520 2603 1652 2642 ruinis
1673 2602 1930 2645 disturbata.

1042 2664 1279 2716 Virgilius:
1309 2667 1321 2688 ‘
1339 2666 1611 2718 Disjecitque
1628 2666 1777 2707 rates!
1823 2668 1925 2718 Pig-

1045 2728 1148 2770 hius.

1097 2792 1150 2831 In
1178 2793 1348 2845 comitio,
1377 2795 1463 2847 &cd
1508 2794 1559 2834 In
1596 2806 1648 2834 eo
1680 2806 1847 2846 campo,
1882 2795 1926 2834 in

1044 2867 1128 2907 quo
1162 2857 1216 2896 ad
1243 2856 1449 2910 suffragia
1477 2859 1663 2910 populus
1683 2858 1795 2898 coire
1818 2859 1925 2898 sole-

1044 2920 1136 2962 bat.

1096 2984 1263 3038 Inclytoe
1282 2986 1478 3037 victoriae]
1507 2987 1646 3029 Quam
1669 2986 1847 3025 Romani
1870 2998 1924 3026 ex

1041 3048 1296 3090 Veientibus
1332 3055 1608 3102 pepererant,
1640 3043 1746 3090 urbe
1778 3061 1922 3088 eorum

1040 3118 1170 3163 capta
1183 3113 1452 3165 direptaque.
1483 3114 1638 3154 Oliver.

1094 3175 1116 3226 §
1149 3178 1175 3214 2
1204 3175 1337 3225 Hujus
1355 3180 1451 3227 tam,
1470 3176 1556 3228 ξω]
1585 3176 1756 3216 Livius:
1786 3174 1800 3198 ‘
1819 3175 1922 3214 Dic-

1038 3236 1185 3287 tator,'
1198 3237 1355 3290 inquit,
1375 3239 1388 3260 ‘
1411 3239 1628 3288 Camillus,
1647 3243 1777 3289 capta
1797 3237 1922 3276 Veio-

1038 3311 1129 3339 rum
1144 3301 1265 3352 urbe,
1283 3314 1506 3353 praecones
1523 3303 1852 3354 edicerejubet,
1873 3308 1922 3343 ut

1038 3363 1092 3403 ab
1112 3366 1266 3405 inermi
1286 3366 1411 3406 turba
1440 3367 1736 3406 abstineatur:
1765 3366 1801 3405 is
1821 3366 1917 3406 finis

1037 3429 1254 3480 sanguinis
1283 3428 1395 3470 fuit:
1441 3430 1542 3470 dedi
1590 3428 1688 3468 inde
1732 3429 1915 3470 inermes

1036 3493 1186 3544 coepti,
1204 3498 1249 3533 et
1269 3493 1322 3533 ad
1340 3492 1531 3544 praedam
1560 3492 1682 3533 miles
1699 3495 1915 3544 permissu
