2288 3990
312 257 453 311 1080

311 402 400 430 rem
438 388 523 430 fuit
570 394 699 443 atque
751 390 1021 442 Pompeium,
1061 389 1190 441 juxta

310 453 620 504 Dyrrhachium
643 467 652 493 τ
691 465 785 492 nam
823 466 919 492 cum
956 454 1100 492 Ca’sar
1137 454 1190 493 ad

310 518 639 570 expugnandam
660 529 802 557 arcem
826 518 1098 569 Dyrrhachii,
1121 519 1190 559 ubi

311 587 596 621 commeatum
618 592 784 619 omnem
805 587 849 619 et
882 582 979 620 belli
1011 594 1190 634 appara-

312 649 403 682 tum
422 643 657 693 Pompeius
673 649 937 694 reposuerat,
955 646 1189 685 exercitum

310 705 519 755 duxisset,
549 707 783 757 Pompeius
819 706 1005 747 breviori
1036 708 1191 748 itinere

311 782 390 822 per
408 782 527 809 mare
548 771 784 821 navigavit,
808 783 892 822 quo
913 771 1139 822 Caesarem,
1157 771 1193 809 si

310 832 404 872 fieri
443 838 605 884 posset,
650 834 878 874 celeritate
917 835 1190 885 praeveniret.

312 894 440 937 Quod
472 895 544 935 ubi
579 895 687 935 vidit
708 908 762 936 ex
783 903 882 936 voto
900 897 979 937 sibi
1001 910 1082 936 non
1105 910 1194 937 ces·

312 958 434 1007 sisse,
464 957 584 1011 (nam
616 959 759 999 Caesar
790 961 918 1012 paulo
952 967 1053 1001 ante
1082 960 1194 1000 illius

310 1021 541 1061 adventum
560 1021 680 1061 sedes
699 1022 1024 1074 occupaverat,)
1038 1025 1196 1074 locum,

311 1084 384 1137 qui
404 1084 566 1124 dici-tur
585 1085 732 1134 Petra,
747 1085 856 1124 haud
878 1086 1029 1136 procul
1050 1098 1076 1125 a
1096 1099 1194 1125 moe·

310 1147 436 1187 nibus
457 1147 714 1198 Dyrrhachii
734 1148 919 1200 positum
940 1149 1084 1200 cepit:
1115 1149 1193 1188 ibi-

311 1222 395 1262 que
415 1217 556 1250 castra
572 1211 743 1250 locavit.
791 1212 899 1250 Erat
918 1220 1057 1251 autem
1076 1212 1196 1250 locus

310 1273 385 1312 ille
406 1272 468 1312 sic
490 1273 749 1324 navigationi
769 1279 1052 1325 opportunus,
1074 1280 1121 1313 ut
1140 1285 1193 1312 ex

311 1341 406 1375 tota
435 1334 554 1385 Asia,
581 1340 626 1375 et
654 1335 917 1387 regionibus,
945 1348 1050 1388 quas
1072 1337 1195 1375 Porn-

311 1398 432 1449 peius
467 1403 653 1448 teneret,
690 1405 952 1438 commeatus
987 1411 1039 1438 eo
1069 1397 1197 1438 facile

312 1461 576 1513 comportari
627 1467 817 1513 possent.
890 1463 1020 1502 Hune
1067 1462 1198 1506 igitur

311 1524 449 1563 locum
489 1524 634 1563 Caesar
665 1524 973 1564 munitionibus
1008 1524 1197 1576 undique

313 1587 517 1627 claudere
536 1587 687 1639 coepit,
699 1592 745 1627 ut
763 1587 983 1627 obsidione
996 1587 1197 1639 Pompei·

312 1663 360 1689 us
393 1656 440 1690 et
458 1649 572 1691 fame
598 1658 886 1702 premeretur,
915 1651 1028 1704 quod
1047 1664 1197 1703 parum

314 1712 394 1751 sibi
424 1711 599 1763 profuit.
655 1714 766 1753 Nam
788 1726 882 1753 cum
905 1713 1026 1753 locus
1041 1713 1132 1764 ille,
1150 1720 1197 1753 ut

314 1775 419 1825 dixi,
438 1775 491 1814 ad
512 1782 794 1816 commeatum
822 1789 876 1816 ex
895 1777 1038 1815 inultis
1070 1777 1198 1827 parti-

314 1838 393 1878 bus
427 1840 718 1891 recipiendum
757 1845 873 1880 esset
905 1840 1199 1881 accommoda-

315 1909 402 1954 ωε,
436 1904 586 1956 majori
616 1904 749 1944 ferme
769 1905 916 1957 inopia
934 1905 1197 1956 obsidentes,

313 1979 438 2019 quam
459 1968 622 2008 obsessi
639 1968 911 2008 laborabant.
964 1968 1198 2018 Pompeius

316 2037 461 2069 tamen
514 2035 679 2071 tantam
726 2030 1027 2082 indignitatem
1081 2031 1198 2070 ferre

314 2105 400 2133 non
437 2095 595 2145 potuit,
624 2099 671 2133 ut
703 2095 776 2147 qui
809 2105 987 2134 numero
1015 2093 1199 2133 militum

315 2157 511 2207 superior
531 2162 646 2198 esset
662 2156 850 2197 obsideri
884 2169 928 2196 se
948 2162 1202 2208 pateretur:

316 2221 416 2259 inde
444 2233 546 2271 ergo
573 2232 804 2272 erumpere
835 2221 986 2260 statuit
1012 2232 1107 2259 cum
1127 2232 1201 2259 ex·

317 2283 487 2323 ercitu:
520 2284 633 2336 quod
665 2296 760 2324 cum
793 2282 968 2323 fecisset
988 2295 1042 2323 ea
1061 2290 1201 2335 parte,

318 2359 402 2398 qua
418 2353 512 2386 erat
529 2348 772 2398 castellum,
786 2347 898 2399 quod
913 2360 938 2386 a
951 2347 1104 2387 Scaeva
1117 2345 1206 2387 for-

318 2410 482 2450 tissimo
502 2411 593 2450 viro
612 2423 708 2451 cum
727 2410 930 2462 praesidio
956 2410 1203 2461 tenebatur,

318 2473 472 2512 statuit
503 2473 546 2512 id
567 2485 813 2524 expugnare
831 2474 1074 2524 castellum,
1089 2472 1204 2524 quod

321 2540 445 2576 tanta
490 2536 746 2587 pertinacia,
789 2536 1063 2586 fortitudine,
1106 2548 1204 2576 cum

321 2599 499 2638 aliorum
518 2599 719 2650 militum,
739 2605 830 2639 tum
849 2600 892 2638 in
922 2600 1071 2651 primis
1090 2599 1203 2639 Scae-

321 2673 386 2701 vae
419 2661 679 2703 centurionis
712 2661 935 2702 defensum
954 2661 1084 2701 fuisse
1103 2673 1205 2702 con-

320 2729 438 2774 stat3
467 2730 515 2765 ut
546 2725 589 2764 in
608 2726 787 2765 castello
816 2737 940 2764 nemo
964 2723 1098 2764 fuerit
1118 2736 1204 2762 om-

319 2789 419 2828 nino
439 2788 638 2839 militum,
674 2788 744 2840 qui
774 2800 858 2827 non
878 2788 1204 2835 vulneraretur3

322 2863 594 2906 quatuorque
614 2865 668 2892 ex
685 2865 772 2892 una
787 2853 961 2892 cohorte
979 2851 1205 2891 Centurio-

321 2928 399 2956 nes
418 2918 565 2957 oeulos
583 2916 819 2966 amiserint,
848 2920 892 2954 et
922 2926 1019 2953 cum
1050 2914 1208 2954 laboris

323 2979 390 3019 sui
424 2980 685 3032 periculique
721 2977 1012 3018 testimonium
1052 2975 1206 3016 afferre

322 3042 500 3092 vellent,
555 3041 690 3081 millia
735 3040 990 3091 sagittarum
1035 3039 1208 3079 circiter

324 3105 503 3158 triginta
522 3105 565 3144 in
585 3104 809 3144 castellum
830 3103 1029 3154 conjecta
1051 3102 1209 3142 Caesari

324 3169 700 3217 renuntiaverunt,
717 3173 926 3218 scutoque
946 3166 999 3206 ad
1019 3179 1114 3205 eum
1144 3178 1209 3205 re-

324 3233 415 3272 lato
433 3233 593 3272 Scaevae
615 3230 903 3280 Centurionis,
923 3230 1099 3269 inventa
1111 3235 1213 3269 sunt

326 3296 369 3335 in
392 3308 443 3336 eo
460 3295 648 3335 ducenta
668 3293 873 3346 triginta:
903 3305 1029 3345 quem
1051 3294 1211 3343 Caesar,

327 3363 377 3398 nt
402 3363 497 3398 erat
527 3358 581 3397 de
602 3371 646 3398 se
665 3357 842 3397 meritus
862 3360 908 3396 et
927 3357 980 3395 de
1005 3357 1210 3407 Republi-

329 3434 396 3472 ca,
431 3422 608 3461 donavit
637 3420 823 3460 millibus
861 3419 1057 3459 ducentis
1096 3419 1212 3468 aeris,

328 3491 459 3539 atque
484 3485 538 3525 ab
559 3485 726 3525 octavis
746 3483 965 3525 ordinibus
993 3484 1046 3524 ad
1067 3485 1213 3537 primi·

895 272 1071 310 NOTAE
1113 271 1394 312 VARIORU
1405 274 1444 310 M
1489 274 1554 311 IN

1255 391 1384 442 pilum
1401 403 1443 431 se
1461 391 1686 432 traducere
1703 392 2015 443 pronuntiavit:
2039 395 2132 446 qius

1254 455 1364 494 enim
1404 467 1538 506 opera
1575 456 1796 495 castellum
1835 464 2131 496 conservatum

1254 528 1344 556 esse
1364 529 1418 556 ex
1436 529 1590 567 magna
1612 523 1734 567 parte
1753 518 1994 558 constabat.
2050 519 2134 558 Co-'

1252 580 1418 618 hortem
1449 583 1597 629 postea
1617 579 1778 630 duplici
1804 580 2018 631 stipendio
2050 579 2134 619 fru-

1254 648 1502 693 mentoque,
1535 647 1580 681 et
1616 642 1708 681 aliis
1734 643 1991 682 militaribus
2012 643 2139 683 donis

1255 706 1513 757 amplissime
1533 705 1720 745 donavit.
1775 706 1848 744 De
1879 706 1961 744 hoc
1981 706 2134 746 Scaeva

1254 769 1480 808 Suetonius
1495 770 1537 807 in
1553 769 1658 807 Vita
1675 767 1859 807 Caesaris
1877 781 1887 806 :
1926 769 1938 790 ‘
1951 768 2136 818 Scaeva‚’

1255 831 1410 883 inquit,
1447 834 1458 854 ‘
1474 843 1654 871 excusso
1673 831 1813 879 oculo,
1832 830 2057 870 transfixus
2073 829 2136 870 fe-

1255 907 1374 934 more
1413 902 1455 935 et
1483 896 1674 943 humero,
1709 899 1881 934 centum
1911 898 1954 932 et
1981 893 2135 944 viginti

1255 959 1414 998 ictibus
1463 965 1586 998 scuto
1633 956 1850 1010 perforato
1897 956 2138 996 custodiam

1258 1028 1394 1073 portae
1444 1021 1655 1062 commissi
1712 1020 1879 1060 castelli
1926 1016 2138 1058 retinuit?

1258 1085 1455 1124 Lucanus
1493 1085 1546 1127 de
1582 1084 1661 1123 boc
1693 1083 1827 1124 multa
1860 1081 1971 1122 libro
1997 1085 2138 1121 sexto.

1261 1148 1411 1187 (niver.

1313 1210 1374 1250 M.
1412 1210 1569 1262 Scaeva]
1598 1211 1650 1249 In
1681 1208 1923 1260 campensi,
1960 1207 2141 1259 aliisque

1260 1273 1365 1312 Mss.
1394 1273 1533 1322 libris,
1558 1272 1822 1312 centurionis
1846 1271 1970 1323 hujus
1986 1282 2141 1309 nomen

1260 1337 1388 1389 plene
1423 1337 1693 1388 exprimitur,
1723 1336 1787 1374 M.
1819 1335 1971 1374 Caesius
1988 1333 2139 1375 Scaevoe.

1261 1399 1406 1451 Atque
1427 1399 1490 1439 ita
1516 1399 1557 1438 in
1579 1398 1785 1438 Suetonio
1806 1396 2142 1448 restituendum,

1262 1463 1333 1502 ubi
1359 1464 1501 1502 Cossus
1519 1462 1656 1502 Scaevoe
1674 1462 1844 1511 iegitur.
1874 1461 1924 1500 In
1939 1458 2141 1511 Appiano

1261 1527 1362 1565 item
1377 1525 1667 1565 Alexandrino
1679 1524 1880 1563 Minucius
1892 1523 2043 1572 sceva,
2058 1535 2144 1563 non

1261 1590 1398 1629 minus
1431 1590 1666 1629 mendosos
1703 1589 1802 1629 Quo
1832 1588 2044 1627 nominum
2077 1599 2144 1627 er·

1261 1664 1358 1691 rore
1388 1653 1563 1704 insuper
1596 1651 1803 1691 accidisse
1838 1650 2048 1702 suspicor,
2091 1654 2142 1689 ut

1259 1714 1356 1754 istic
1377 1715 1431 1754 de
1449 1715 1630 1763 duobus,
1646 1726 1731 1753 uno
1749 1714 1915 1763 Scaeva,
1934 1721 1978 1752 et
2004 1708 2150 1752 altero

1261 1777 1453 1818 Minucio
1478 1778 1571 1816 haec
1589 1778 1763 1816 historia
1782 1776 1912 1815 scribi
1931 1775 2145 1825 videatur,

1263 1852 1388 1892 quam
1410 1853 1492 1879 uno
1523 1853 1730 1879 consensu
1751 1840 1911 1889 Caesar,
1931 1840 2145 1890 Lucanus,

1262 1903 1504 1954 Suetonius,
1516 1916 1565 1942 ac
1583 1904 1614 1939 V
1622 1903 1778 1942 alerius
1792 1902 1861 1941 uni
1879 1901 2144 1942 adscribunt.

1262 1967 1388 2016 Pigh.

1317 2029 1579 2080 Mitteretur}
1620 2029 1740 2068 Idem
1781 2029 1904 2078 liber,
1939 2029 2145 2070 niteretur.

1264 2092 1389 2133 Quod
1409 2093 1599 2131 omnibus
1619 2092 1755 2131 modis
1775 2093 2026 2144 amplector.
2069 2092 2145 2131 Co-

1262 2158 1335 2196 ter.

1317 2219 1523 2270 stragem]
1553 2219 1656 2259 Scil.
1676 2218 1952 2258 cadaverum.

1323 2282 1443 2332 Cujus
1475 2282 1622 2333 capite,
1649 2282 1818 2332 humero,
1835 2281 1988 2330 femore
2005 2281 2148 2332 saucii,

1266 2347 1371 2386 oculo
1399 2350 1508 2385 eruto
1543 2346 1650 2390 coeci,
1696 2349 1847 2384 scutum
1885 2348 1976 2384 120.
2002 2344 2150 2384 ictibus

1264 2409 1478 2461 perfossum
1496 2407 1698 2460 apparuit]
1728 2409 1825 2447 Non
1843 2407 2151 2458 simplicimen·

1268 2475 1324 2514 da
1357 2475 1667 2514 contaminatus
1691 2477 1766 2511 est
1788 2472 1919 2511 locus.
1977 2469 2036 2511 At
2056 2472 2150 2511 nu}-

1266 2538 1332 2576 lus
1353 2543 1592 2586 auctorum,
1619 2535 1690 2586 qui
1717 2534 1842 2586 hujus
1871 2533 1935 2573 rei
1969 2534 2150 2574 mentio-

1266 2611 1364 2638 nem
1399 2596 1584 2647 faeiunt,
1616 2596 1658 2634 iu
1691 2607 1742 2635 eo
1780 2595 1930 2647 praelio
1967 2595 2151 2647 periisse

1268 2662 1462 2700 Scaevam
1483 2658 1814 2710 scribuut‚quod
1835 2664 1978 2698 tamen
1999 2670 2051 2697 ex
2063 2659 2149 2698 Va·

1268 2724 1360 2763 lerii
1398 2723 1536 2762 verbis
1575 2722 1778 2772 colligere
1815 2726 1896 2760 est.
1955 2723 2152 2762 Lucanus

1267 2787 1438 2840 quidem
1472 2785 1700 2826 labore-ac
1732 2784 1975 2824 vulneribus
2007 2784 2154 2825 defec-

1269 2858 1376 2900 tum,
1407 2862 1457 2889 ac
1487 2860 1725 2900 exanguem
1746 2860 1771 2887 a
1789 2848 2153 2889 commilitonibus

1271 2926 1414 2966 pugna
1447 2914 1602 2952 elatum
1637 2912 1767 2961 canit,
1795 2924 1890 2951 cnm
1922 2925 1948 2952 a
1979 2913 2153 2954 Caesare

1269 2976 1499 3016 subsidium
1532 2975 1710 3015 castello
1729 2975 1988 3026 periclitanti
2008 2977 2158 3017 mitte·

1271 3050 1358 3082 ret:
1377 3044 1389 3066 ‘
1409 3042 1521 3082 Nam
1541 3040 1746 3090 sanguine
1763 3039 1992 3080 fusoVires
2009 3052 2153 3093 pugna

1271 3105 1420 3157 dabat,
1450 3104 1662 3144 labentem
1692 3103 1819 3143 turba
1836 3115 2004 3143 suorum
2025 3104 2154 3144 Exci·-

1273 3171 1354 3222 pit,
1384 3182 1433 3210 ac
1462 3170 1649 3209 humeris
1681 3167 1900 3208 defectum
1933 3168 2155 3220 imponere

1275 3233 1461 3285 gaudet?
1530 3232 1788 3271 Plutarchus
1834 3230 1937 3270 item
1980 3243 2154 3270 suorum

1275 3295 1542 3347 amplexibus
1562 3299 1656 3334 tuto
1672 3294 1852 3333 relatum
1876 3293 1997 3334 dicit.
2050 3294 2155 3334 Sue-

1277 3359 1416 3398 tonius
1461 3357 1705 3398 custodiam
1755 3361 1889 3406 portae
1941 3357 2156 3397 commissi

1277 3421 1443 3460 castelli
1464 3418 1690 3459 retinuisse
1708 3431 1718 3456 ε
1748 3417 1894 3457 Caesar
1912 3418 2004 3470 ejus
2023 3431 2157 3470 opera

1277 3484 1498 3524 castellum
1519 3492 1673 3533 magna
1697 3492 1750 3520 ex
1779 3486 1902 3533 parte
1930 3492 2159 3523 conserva-
