2346 3996
569 275 824 315 VALEnn
869 275 1113 314 MAXIMI
1157 276 1276 315 ma.
1306 277 1400 315 1x.
1439 278 1573 317 CAP.
1611 266 1662 317 5.

198 398 300 439 ritia
337 398 507 449 ductus,
554 396 698 438 facere
739 408 822 436 non
862 395 1080 435 sustinuit.

199 462 316 503 Nam
344 461 564 502 consilium
597 461 851 501 salubritate
871 458 1081 499 refertum

197 526 380 567 avaritia
410 525 645 578 praevertit.
701 523 864 564 Aurum
895 523 1006 562 enim
1036 528 1083 562 et

200 593 444 640 argentum,
476 600 559 639 quo
592 588 697 627 nihil
730 588 870 628 carius
899 586 960 626 illi
989 598 1082 627 esse

198 656 387 704 poterat,
407 651 588 703 perdere
616 665 701 692 non
721 651 937 691 sustinuit.
993 650 1082 691 Ita-

199 726 286 768 que
317 725 531 765 reversus,
551 727 671 767 opes,
701 715 851 768 quibus
869 715 1083 767 periturus

199 783 310 830 erat,
322 789 532 830 reponere
547 779 712 830 maluit,
728 790 870 831 quam,
883 778 966 818 illis
988 789 1082 829 per-

198 842 316 894 ditis,
337 844 520 884 salutem
536 855 723 884 servare.
770 844 880 882 Nam
899 842 1084 882 Senatus

201 905 412 946 Catonem
431 918 528 947 cuin
561 906 699 947 classe
728 906 858 956 misit,
887 904 959 958 qui
979 904 1085 955 regi-

199 981 266 1008 am
312 970 537 1020 pecuniam
585 970 759 1010 Romam
816 968 1082 1020 deportaret.

201 1033 331 1074 Quod
369 1033 442 1074 ubi
477 1033 609 1074 sensit
641 1033 919 1081 Ptolemaeus,
954 1030 1084 1070 nimio

202 1095 353 1137 dolore
372 1096 580 1148 percitus,
611 1108 777 1135 veneno
808 1094 901 1135 fata
920 1105 1084 1146 praeve-

204 1160 286 1201 nit.
314 1160 438 1201 Idem.

252 1222 403 1267 Anxiis
418 1223 618 1276 sordibus]
657 1224 863 1265 Sollicitis
895 1223 1085 1263 avaritiae

199 1287 528 1341 cupiditatibus.

256 1352 366 1393 CAP.
385 1363 430 1392 v.
460 1353 483 1404 ς
503 1356 524 1392 l
544 1354 609 1394 De
626 1353 787 1394 civitate
804 1352 952 1404 danda]
995 1354 1086 1393 De·

201 1417 336 1458 clarat
354 1417 471 1469 ipsas
490 1419 625 1472 leges,
640 1423 687 1459 ut
708 1419 951 1471 quicunque
978 1417 1085 1458 civis

201 1480 418 1520 Romanus
439 1480 531 1522 fieri
561 1483 760 1532 voluerit,
778 1481 821 1521 id
855 1483 895 1522 ei
915 1493 1101 1534 semper,

203 1543 373 1584 liceret.
404 1544 556 1585 Oliver.

257 1608 280 1659 ς
297 1610 323 1646 2
345 1608 447 1653 Quoe
464 1622 489 1648 a
509 1610 570 1649 M.
589 1610 678 1662 6¹⁶]
723 1610 890 1650 Notata
919 1614 986 1648 est
1006 1608 1086 1650 bis-

200 1673 314 1713 toria
329 1673 373 1712 iu
387 1685 486 1725 cap.
502 1673 558 1713 de
584 1673 740 1714 Libere
764 1673 911 1724 dictis,
932 1673 1004 1714 ubi
1027 1673 1086 1712 vi-

200 1736 355 1788 dimus,
373 1736 584 1789 quomodo
597 1737 772 1778 Marcus
789 1738 960 1777 Drusus
981 1736 1083 1777 trib.

198 1799 318 1852 pleb.
337 1811 383 1839 se
401 1799 547 1840 veluti·
566 1799 750 1840 Senatus
780 1807 1004 1853 patronum
1024 1799 1085 1840 fe-

199 1867 336 1914 cerat,
374 1867 419 1903 et
447 1863 620 1915 plebem
653 1863 706 1903 ad
740 1876 787 1904 se
819 1863 1083 1905 Gracchanis

197 1925 383 1978 legibus,
418 1926 698 1980 ejusdemque
728 1928 870 1968 socios
906 1927 959 1967 ad
993 1928 1084 1979 ple-

200 1989 316 2041 bem,
362 2002 440 2043 spe
481 1991 686 2042 civitatis,
733 1991 889 2042 erexit,
928 1991 1083 2043 quibus

198 2053 419 2106 pollicitus
438 2061 566 2110 esset,
588 2055 624 2096 si
644 2056 829 2096 Senatus
847 2061 992 2108 partes
1010 2056 1083 2096 de·

197 2116 445 2170 fenderent,
471 2121 599 2171 paulo
617 2124 713 2172 post
732 2120 849 2160 cives
872 2120 1085 2160 Romanos

199 2178 385 2222 futuros.
440 2183 547 2223 Cum
589 2183 722 2234 igitur
766 2183 859 2223 dies
897 2183 1086 2236 promul·

200 2244 331 2296 gandi
349 2245 469 2299 leges
490 2247 677 2298 adesset,
709 2247 850 2288 subito
881 2252 1004 2288 tanta
1022 2247 1087 2287 vis

199 2308 415 2349 hominum
448 2310 634 2363 undique
662 2310 881 2363 apparuit,
911 2316 960 2351 ut
991 2311 1086 2351 hos-

198 2371 306 2413 tium
326 2372 516 2414 adventu
535 2374 708 2426 obsessa
737 2374 891 2415 civitas
919 2375 1085 2415 videre-

201 2441 288 2478 tur.
342 2435 486 2478 Ausus
506 2443 648 2478 tamen
669 2451 715 2479 se
747 2451 966 2492 opponere
986 2452 1086 2480 con·

197 2501 264 2541 sul
282 2501 530 2555 Philippus:
560 2501 636 2542 sed
657 2503 972 2556 apprehensum
993 2502 1084 2544 fau-

201 2564 323 2604 cibus
352 2565 491 2606 viator
519 2578 604 2606 non
635 2573 736 2607 ante
766 2566 941 2619 dimisit,
959 2580 1085 2620 quam

201 2629 376 2682 sanguis
396 2629 440 2670 iu
468 2643 542 2671 ora
561 2635 607 2671 et
638 2631 785 2671 oculos
806 2630 1084 2673 redundaret.

204 2692 329 2733 Idem.

254 2757 341 2796 Per
374 2758 586 2811 viatorem]
631 2758 843 2799 Dissentit
880 2771 905 2799 a
939 2759 1085 2810 Floro,

198 2819 271 2873 qui
299 2819 381 2861 boc
414 2833 493 2873 per
524 2822 732 2863 viatorem
766 2821 932 2863 factum
967 2823 1085 2864 dicit.

202 2882 341 2923 Autor
361 2884 416 2924 de
435 2884 549 2924 Viris
575 2885 816 2926 Illustribus
848 2898 924 2937 per
944 2887 1085 2939 ipsum

201 2947 407 2989 Drusum.
464 2949 582 2990 Dicit
606 2951 744 2990 enim:
790 2955 801 2973 ‘
822 2951 997 2991 consuli
1027 2953 1087 2992 le·

201 3011 324 3063 gibus
340 3010 530 3064 Agrariis
547 3013 767 3053 resistenti
785 3013 845 3053 ita
865 3015 1023 3054 collum
1042 3014 1086 3055 in

200 3075 399 3117 convivio
418 3075 618 3128 obtorsit,
646 3083 694 3118 ut
724 3078 881 3118 multus
910 3080 1086 3132 sanguis

201 3139 400 3181 efflueret
412 3141 474 3181 'de
490 3141 696 3182 naribus!
725 3142 881 3183 Oliver.

255 3202 476 3244 Hostiliam
494 3205 664 3257 curiam]
693 3205 800 3246 Eam
817 3206 896 3246 sub
912 3207 1085 3248 Veteri·

203 3265 283 3306 bus
302 3267 539 3309 Hostilium
572 3281 717 3322 regem
750 3270 988 3311 aedificasse
1021 3284 1086 3312 as-

202 3329 309 3369 serit
324 3330 477 3372 Varro.
531 3333 716 3374 Veteres
744 3334 951 3374 Romulus
985 3335 1087 3375 aedi-

203 3390 421 3443 ficaverat,
445 3394 519 3435 ubi
545 3395 581 3435 is
601 3399 802 3448 populum
823 3402 870 3438 et
903 3411 1025 3441 sacra
1044 3399 1089 3439 in

202 3459 348 3504 partes
379 3456 557 3509 triginta
583 3458 884 3512 distribuerat,
905 3466 953 3500 ut
974 3462 1016 3501 in
1035 3462 1088 3502 iis

203 3528 254 3556 ea
290 3530 411 3560 sacra
446 3527 665 3563 curarent.
743 3523 916 3564 Curiam
952 3525 1088 3578 ipsam

1881 267 2023 320 1347

1144 395 1359 437 incensam
1381 397 1511 439 fuisse
1544 400 1596 440 P.
1627 398 1767 441 Clodii
1785 398 1935 440 funere
1957 401 2027 441 Ci-

1146 471 1246 499 cero
1280 465 1324 501 et
1355 462 1499 503 Livius
1531 468 1761 503 testantur.
1822 462 2027 503 Asconius

1147 522 1281 564 refert
1301 537 1457 577 corpus
1478 526 1635 578 Clodii,
1655 533 1703 567 ut
1725 527 1898 566 vulnera
1912 527 2028 567 vide-

1147 587 1182 626 ri
1205 595 1392 640 possent,
1415 590 1604 631 delatum
1635 593 1678 631 in
1706 589 1863 641 forum,
1883 596 1929 630 et
1949 603 2027 642 pro

1146 650 1293 690 rostris
1315 653 1515 705 positum,
1549 656 1839 707 populumque
1873 655 2031 694 deinde

1147 713 1187 753 in
1208 714 1370 754 curiam
1398 717 1560 768 tulisse,
1589 724 1717 770 atque
1744 718 2027 758 cremavisse:

1146 788 1285 829 eoque
1302 777 1399 829 igne
1418 780 1581 820 curiam
1613 781 1878 833 Portamque
1907 781 2030 820 Basi-

1146 842 1274 883 licam
1321 843 1360 883 ei
1405 846 1676 896 conjunctam
1728 845 2031 896 conflagrasse.

1148 907 1265 947 Ante
1283 907 1465 947 eandem
1493 909 1653 949 curiam
1675 915 1813 949 rostra
1833 910 2031 949 instituta

1150 968 1283 1010 fuisse
1303 978 1609 1012 commemorat
1630 973 1780 1012 Varro.
1815 972 2031 1024 Intelligit

1150 1040 1295 1074 autem
1317 1035 1477 1075 Rostra
1498 1042 1662 1076 vetera.
1701 1035 1812 1074 Vide
1830 1036 2030 1075 Marlian.

1149 1097 1224 1137 lib.
1244 1109 1316 1138 111.
1339 1110 1434 1151 cap.
1451 1102 1491 1139 6.

1204 1164 1381 1216 Rostris]
1447 1166 1694 1206 Rostrorum
1741 1165 2031 1206 denominatio

1150 1226 1244 1267 baec
1274 1240 1300 1268 a
1319 1228 1441 1270 Livio
1461 1229 1673 1270 traditur:
1718 1230 1863 1271 Naves
1883 1228 2034 1268 Antia·

1152 1291 1259 1330 tium
1289 1293 1448 1343 partim
1483 1293 1527 1333 in
1562 1293 1731 1333 navalia
1759 1294 1905 1332 Romae
1935 1292 2033 1332 sub·

1152 1354 1310 1407 ductae,
1331 1356 1487 1408 partim
1519 1357 1680 1408 iucisae,
1700 1356 1936 1409 rostrisque
1965 1369 2035 1396 ea-

1152 1431 1246 1458 rum
1283 1426 1530 1472 suggestum
1575 1421 1616 1460 in
1656 1419 1750 1460 foro
1788 1425 2032 1459 extructum

1153 1481 1353 1521 adornari
1388 1483 1568 1534 placuit,
1600 1484 1841 1535 Rostraque
1861 1481 1906 1522 id
1927 1487 2033 1521 tem-

1150 1546 1268 1597 plum
1289 1547 1567 1599 appellatum.
1624 1547 1676 1586 In
1705 1545 1853 1586 rostris
1883 1546 2034 1584 seden-

1150 1615 1216 1649 tes
1262 1610 1540 1662 magistratus
1573 1610 1647 1662 ιῇιιε
1690 1608 1910 1649 dicebant.
1981 1608 2036 1648 Id

1151 1673 1298 1713 Livius
1330 1673 1474 1714 multis
1495 1674 1537 1713 in
1569 1673 1674 1713 locis
1695 1672 1899 1712 ostendit.
1956 1672 2035 1710 Fe-

1152 1736 1444 1790 rebanturque
1481 1737 1643 1777 ibidem
1680 1737 1810 1788 leges.
1868 1732 2037 1774 Auctor

1150 1801 1303 1841 Cicero
1319 1814 1397 1853 pro
1418 1800 1607 1843 Rabirio.
1634 1798 2038 1841 Habebamus-item

1151 1865 1399 1917 conciones,
1416 1870 1465 1905 ut
1483 1865 1594 1905 idem
1613 1864 1657 1904 in
1679 1865 1880 1905 Pisonem
1901 1869 2036 1904 testa-

1152 1935 1236 1969 tur.
1291 1928 1404 1969 Vide
1428 1929 1689 1970 Marlianum
1710 1929 1829 1970 dicto
1849 1931 1958 1969 loco.

1204 1993 1226 2044 ξ
1246 1995 1270 2032 3
1305 1993 1377 2034 Cn.
1395 1997 1526 2033 autem
1546 1991 1772 2045 Pompeius]
1811 1993 2037 2044 Hipsaeum

1151 2057 1351 2109 Pompeii
1381 2059 1676 2099 amicissimum
1715 2057 1848 2098 fuisse
1868 2059 2037 2109 Cicero,

1153 2133 1248 2161 cum
1270 2122 1362 2161 aliis
1381 2122 1425 2161 in
1445 2123 1566 2174 locis,
1585 2128 1676 2163 tum
1697 2123 1739 2162 in
1761 2122 1955 2174 epistolis
1974 2121 2037 2161 fa-

1151 2184 1403 2237 miliaribus,
1422 2191 1629 2237 testatur,
1659 2198 1783 2238 quem
1803 2198 1882 2237 pro
1908 2185 2038 2224 Pom-

1150 2247 1250 2298 peio
1271 2248 1312 2287 in
1333 2249 1608 2290 restitutione
1629 2248 1924 2289 Alexandrina
1942 2250 2039 2300 plu-

1152 2312 1304 2352 rimum
1326 2313 1567 2354 elaborasse
1601 2313 1725 2364 dicit,
1761 2319 1807 2354 ut
1836 2313 1909 2353 illa
1943 2324 2039 2364 pro-

1151 2376 1293 2416 vincia
1329 2377 1539 2429 Pompeio
1571 2378 1894 2418 decerneretur.
1950 2377 2037 2418 Hic

1150 2442 1300 2495 igitur,
1313 2443 1498 2484 ambitus
1517 2446 1762 2495 damnatus,
1779 2443 1892 2497 quod
1906 2443 1949 2483 in
1966 2454 2038 2495 pe·

1151 2506 1304 2546 titione
1325 2508 1569 2548 consulatus
1586 2509 1818 2560 largitione
1832 2508 2037 2561 populum

1152 2571 1432 2623 corrupisset,
1460 2573 1580 2613 venit
1601 2573 1652 2612 ad
1674 2572 1946 2624 Pompeium,
1968 2572 2039 2611 ad-

1152 2647 1299 2675 versus
1325 2636 1879 2677 damnationem-auxilium
1911 2635 1964 2674 ab
1986 2647 2037 2674 eo

1152 2699 1408 2750 suppliciter
1445 2701 1673 2752 petiturus.
1731 2700 1839 2739 Erat
1878 2704 1966 2739 tum
1993 2698 2037 2737 in

1151 2762 1316 2803 balneis
1362 2763 1612 2815 Pompeius,
1647 2775 1766 2803 more
1813 2763 2035 2814 majorum,

1152 2828 1281 2879 paulo
1327 2835 1426 2879 post
1461 2833 1719 2868 coenaturus.
1776 2826 2040 2878 Expectavit

1152 2892 1376 2944 Hipsaeus,
1415 2891 1553 2933 donec
1588 2891 1866 2944 egrederetur
1894 2902 1917 2929 e
1951 2890 2039 2929 bal-

1151 2951 1272 3006 neis3
1320 2959 1574 3010 provolutus
1622 2956 1781 2998 deinde
1810 2960 1908 2995 ante
1948 2955 2039 3006 ejus

1153 3019 1302 3071 pedes,
1317 3026 1442 3072 rogat
1460 3026 1509 3061 ut
1529 3020 1609 3060 sibi
1627 3020 1775 3060 adesse
1797 3019 1915 3058 velit.
1958 3017 2038 3057 Cui

1153 3082 1386 3134 Pompeius
1416 3083 1601 3141 superbe
1631 3082 1751 3133 satis,
1772 3082 2036 3130 Moraturus,
2111 3115 2115 3118 u

1153 3145 1309 3197 inquit,
1324 3146 1479 3186 venisti
1498 3145 1737 3186 convivium
1754 3155 1906 3183 meum.
1937 3142 2036 3180 Non

1155 3209 1331 3249 erubuit
1351 3209 1585 3261 Pompeius
1600 3208 1787 3247 nobilem
1807 3206 1941 3244 virum
1955 3203 2038 3243 sibi

1155 3272 1346 3313 amicitia
1403 3273 1677 3325 conjunctum
1732 3270 1877 3309 videre
1923 3268 2037 3307 humi

1157 3340 1437 3388 prostratum,
1459 3343 1511 3375 “et
1541 3335 1673 3386 pedes
1700 3334 1795 3384 ejus
1824 3331 2039 3382 complex·

1141 3411 1227 3446 ,um
1259 3404 1345 3438 tam
1367 3397 1675 3438 contumelioso
1701 3406 1904 3446 responso
1926 3405 2038 3445 prae-

1158 3463 1304 3502 terite.
1338 3462 1487 3501 Oliver.

1211 3525 1281 3566 Illi
1295 3524 1403 3576 vero]
1433 3524 1616 3563 Tulerat
1643 3520 1874 3573 Pompeius
1896 3521 2035 3571 legem
