2320 4004
542 305 803 349 vAnan
847 300 1091 344 MAxmn
1135 306 1255 346 mu.
1284 307 1366 344 1v.
1404 307 1540 345 cAr.
1566 294 1618 345 4.

169 424 334 470 Tiberii
354 431 399 468 et
420 425 511 467 Caii
540 424 842 466 Gracchorum.
900 423 1050 462 Oliver.

222 497 245 547 ς
278 498 298 534 1
329 493 458 543 Regio
505 491 682 544 imperio,
718 492 807 543 ξω]
855 489 1050 541 Contigit

166 557 222 600 A.
241 558 296 598 U.
316 564 494 598 ccxmv.

219 621 445 670 Imaginum
468 617 644 670 suarum]
672 617 801 658 Tituli
835 616 944 656 enim
975 619 1050 656 aut

77 723 82 727 .
162 685 208 723 ln
227 686 470 734 stemmate,
489 691 564 723 aut
593 685 636 723 in
668 682 839 733 statuis,
869 681 1048 733 autpic-

162 747 270 788 turis
289 746 578 788 addebantur.

216 810 444 861 Fastorum]
479 811 612 861 Fasti,
643 810 685 850 in
717 809 868 863 quibus
897 808 1049 860 magis-

162 877 303 914 tratus
339 881 385 914 et
419 875 562 916 omnia
608 880 733 926 gesta
767 871 942 912 fuerant
975 872 1047 912 de-

162 936 342 988 scripta,
377 935 434 976 ab
467 948 518 976 eo
559 935 725 976 initium
772 934 1046 975 habuerunt:

161 1007 303 1040 tamen
326 1010 509 1053 eousque
538 1011 702 1052 pauper
721 999 845 1048 vixit,
863 1003 911 1039 ut
939 1010 1048 1039 mor-

163 1071 238 1104 tuo
263 1061 425 1103 funeris
451 1067 615 1102 sumtus
635 1061 850 1112 defuerit3
870 1073 968 1101 nam
997 1062 1046 1102 il-

160 1129 246 1168 lum
267 1127 389 1180 plebs
409 1127 567 1168 extulit
585 1126 855 1168 sextantibus
875 1127 1046 1167 collatis

159 1191 204 1232 in
218 1192 384 1244 capita.
440 1190 660 1231 out-erius.

213 1254 422 1296 Fastorum
441 1255 539 1296 illud
556 1253 746 1304 columen]
775 1253 1045 1306 Poplicolam

162 1319 388 1360 Fastorum
432 1319 628 1359 columen
679 1318 897 1369 indigitat,
946 1318 1047 1370 quia

159 1383 320 1435 primns
339 1384 439 1425 Cos.
458 1381 558 1435 fuit,
578 1387 652 1422 anit
673 1393 872 1434 supremo
888 1382 983 1422 loco
1003 1382 1045 1421 in

159 1443 302 1487 Fastis
348 1446 528 1498 potitus.
582 1444 846 1486 Prudentius
897 1450 1047 1485 contra

159 1508 458 1561 Symmachum
495 1508 571 1549 lib.
594 1520 626 1550 1.
681 1508 694 1531 ‘
715 1507 968 1550 Quamlibet
997 1508 1046 1548 il-

161 1573 316 1614 lustres
337 1573 502 1614 meritis
517 1579 561 1613 et
581 1572 786 1624 sanguine
804 1572 908 1613 clari
931 1573 1045 1612 Prae-

159 1635 245 1675 mia
285 1636 511 1687 virtutum,
556 1636 696 1676 titulis
734 1641 777 1676 et
813 1636 1043 1676 honoribus

157 1698 295 1738 aucus
309 1697 459 1738 Ardua
475 1698 715 1748 retulerint,
733 1699 1043 1751 Fastorumque

157 1769 258 1802 arce
284 1761 412 1814 potiti
430 1759 619 1802 Annales
639 1762 815 1814 proprio
835 1762 1044 1814 signarint

157 1824 327 1865 nomine
358 1825 546 1877 chartas,
564 1825 709 1879 Atque
729 1826 847 1866 inter
872 1831 1042 1867 veteres

156 1897 259 1928 cara
277 1895 555 1930 numerentur
569 1894 616 1930 et
637 1892 756 1930 aere!
812 1889 985 1930 Colerus.

210 1951 393 2005 Ideoque,
407 1952 496 2005 mn]
525 1953 722 2006 Contigit
740 1953 795 1995 A.
815 1956 871 1996 U.
893 1965 986 1995 cen.

210 2012 368 2068 Rogas]
396 2017 451 2057 Id
481 2023 565 2068 est,
594 2030 702 2071 pyra
732 2024 953 2059 exstructa
983 2017 1038 2059 ad

156 2075 489 2132 comburendum
509 2080 708 2124 cadaver.

208 2145 233 2196 ς
259 2146 287 2182 2
316 2144 488 2204 Quanta.-
523 2145 792 2197 amplitudinis
817 2146 1040 2199 Agrippam

155 2205 402 2259 Menenium]
449 2205 580 2248 Plebs
615 2215 794 2261 propter
824 2221 958 2251 nexos
984 2210 1038 2251 ob

157 2281 218 2310 ωε
235 2269 420 2310 alienum
438 2270 483 2310 in
503 2283 669 2311 sacrum
688 2277 876 2313 montem
897 2285 1035 2314 seces·

154 2337 300 2384 εει-αις
327 2345 426 2374 uam
454 2335 617 2386 magnis
635 2335 849 2375 natalibus
867 2337 1036 2389 quidam

154 2406 291 2435 nexus
313 2397 386 2437 diu
407 2397 448 2436 in
469 2398 696 2448 ergastulis
715 2411 740 2437 a
759 2399 1037 2439 senatoribus

153 2458 324 2499 babitus
353 2471 447 2500 cnm
477 2461 688 2512 majorum
716 2474 885 2502 suorum
906 2463 1036 2516 insig-

154 2522 281 2563 nibus
325 2523 369 2563 in
406 2522 544 2564 forum
582 2525 883 2577 proripuerat3
913 2526 1034 2579 cnjus

153 2587 283 2627 ventis
317 2592 414 2628 erat
443 2589 646 2641 squalore
687 2589 845 2640 obsita,
879 2588 1035 2631 foedior

152 2651 346 2704 corporis
363 2651 533 2692 habitus
554 2652 715 2704 pallore
734 2664 784 2693 ac
804 2654 941 2695 macie
961 2666 1034 2707 pe-

151 2715 288 2765 renni,
315 2715 369 2755 ad
401 2715 482 2756 hoc
516 2716 681 2767 prolixa
714 2716 860 2769 barba,
889 2723 935 2759 et
962 2730 1032 2759 ca-

151 2778 245 2831 pilli
276 2776 563 2820 efferaverant
581 2781 775 2833 speciem
804 2781 907 2833 oris,
938 2794 1031 2824 nos-

152 2841 372 2884 citabatur
406 2851 550 2884 tamen
585 2844 627 2884 in
676 2849 797 2886 tanta
832 2845 1031 2888 deformi-

150 2909 257 2956 tate,
287 2912 333 2946 et
365 2906 559 2947 ordinem
595 2919 641 2947 se
674 2908 846 2950 duxisse
877 2911 1032 2963 aiebat,

146 2963 314 3022 aliaque
335 2970 498 3010 militiae
519 2971 676 3012 decora
689 2973 815 3024 vulgo
819 2973 1047 3025 jactabat..

145 3033 474 3075 sciscitantibus
487 3037 602 3077 uude
623 3037 694 3077 ille
714 3038 900 3089 habitus,
919 3039 1032 3079 unde

145 3095 395 3138 deformitas
414 3105 544 3150 esset,
560 3111 654 3140 cum
672 3107 848 3152 propter
860 3102 1031 3154 longam

145 3159 336 3201 mititiam
375 3167 702 3216 temporumque
739 3164 1029 3205 calamitatem

145 3227 192 3264 ct
209 3223 373 3265 tributa
391 3226 599 3278 imperata
618 3238 676 3267 aes
706 3226 868 3279 grande
887 3227 1029 3268 confe-

147 3285 291 3338 cisset,
308 3287 482 3328 drictum
509 3300 555 3328 se
576 3302 601 3328 a
635 3289 852 3329 creditore
878 3301 964 3330 non
985 3291 1028 3330 in

146 3350 383 3403 servitium,
402 3353 477 3392 sed
505 3353 546 3392 in
567 3354 828 3405 ergastulum
862 3359 907 3393 et
935 3365 1028 3395 car-

149 3411 362 3454 nificinam
392 3415 588 3468 dicebat;
620 3418 776 3458 deinde
806 3423 1026 3460 ostentare

147 3481 316 3526 tergum
352 3476 511 3518 foedum
548 3478 795 3521 recentibus
832 3482 1024 3534 vestigiis

148 3538 385 3580 verberum.
438 3541 545 3583 Inde
574 3549 670 3584 orta
697 3544 908 3585 seditione
927 3556 1022 3597 gra-

1855 293 1998 347 1147

1113 423 1303 474 vissima,
1333 423 1452 476 plebs
1485 436 1510 463 a
1540 420 1734 476 patribus
1762 422 1804 461 in
1835 434 2001 464 sacrum

1112 491 1302 525 montem
1340 487 1533 539 secessit,
1567 487 1620 526 ad
1652 497 1776 538 quam
1817 487 2007 527 reconci-

1110 549 1296 588 liandam
1328 551 1477 590 missus
1504 558 1570 591 est
1598 550 1666 589 hic
1687 549 1751 589 M.
1773 549 2002 589 Menenius

1110 611 1324 664 Agrippa,
1341 614 1407 652 vir
1435 613 1644 655 facundus
1674 612 1878 665 plebique
1907 624 2002 664 gra-

1113 681 1197 725 tus,
1231 676 1345 728 quod
1379 677 1479 715 inde
1517 677 1721 716 oriundus
1753 680 1901 716 esset:
1930 676 2003 729 qui

1110 737 1256 779 fabula
1274 740 1421 792 lEsopi
1441 742 1569 780 duras
1597 739 1816 781 hominnm
1836 745 2001 780 mentes

1109 801 1281 843 flexisse
1310 810 1355 844 et
1385 805 1555 856 plebem
1591 804 1785 856 patribus
1814 805 2004 844 reconci-

1110 867 1240 908 liasse
1287 868 1460 908 dicitur.
1518 868 1745 908 Oliva-ius.
1804 867 2002 920 Contigit

1110 928 1167 972 A.
1190 931 1245 971 U.
1265 941 1398 973 ccrix.

1163 993 1440 1045 Sextantibus]
1470 994 1651 1034 Sextans
1672 998 1740 1034 est
1761 1000 1886 1034 sexta
1903 1006 2002 1046 pars

1110 1057 1232 1108 assis,
1260 1056 1302 1096 id
1324 1063 1408 1108 est,
1427 1056 1563 1097 libra».
1618 1057 1667 1096 In
1694 1057 1825 1108 capita
1842 1062 2002 1097 sextan-

1109 1120 1232 1172 tibus]
1260 1121 1428 1160 Plinius
1460 1120 1567 1160 libro
1606 1130 1780 1159 xxxin.
1806 1132 1905 1172 cap.
1936 1124 2001 1161 10.

1110 1186 1123 1207 ‘
1145 1183 1272 1227 Quod
1305 1183 1515 1236 Agrippae
1549 1183 1752 1223 Menenio
1789 1184 2002 1223 sex-tantis

1109 1249 1206 1288 aeris
1236 1248 1279 1287 in
1310 1248 1437 1288 funus
1458 1247 1657 1296 contulit,
1675 1247 1846 1288 honoris
1864 1247 2001 1287 id-ne·

1109 1311 1417 1364 cessitatisque
1469 1315 1648 1363 propter
1701 1315 2001 1364 paupertatem

1110 1375 1316 1428 Agrippae
1351 1387 1435 1414 non
1473 1375 1712 1428 largitionis
1751 1387 1846 1416 esse
1882 1375 2001 1415 dixe-

1108 1439 1217 1478 rim!
1272 1439 1474 1480 Meminit
1510 1439 1719 1492 Apuleius
1757 1440 1800 1479 in
1835 1438 1999 1492 Apola-

1110 1502 1197 1554 gia,
1225 1508 1272 1543 et
1288 1503 1457 1544 Seneca
1487 1503 1541 1542 ad
1574 1502 1776 1543 Albinam
1809 1515 1906 1556 cap.
1934 1505 1998 1543 12.

1112 1567 1245 1607 Coler-

1162 1629 1354 1682 Sanctus]
1383 1629 1638 1682 Impollutas
1659 1629 1838 1681 rapinis.

1161 1696 1227 1747 §3
1262 1694 1475 1746 patellam]
1517 1694 1831 1734 Diminutivum
1864 1706 1889 1733 a
1925 1706 1998 1745 pa-

1108 1759 1213 1801 tina.
1269 1761 1348 1800 Est
1367 1772 1440 1800 vas
1478 1764 1648 1812 patens,
1679 1759 1723 1798 in
1758 1771 1843 1812 quo
1869 1759 1996 1808 mola,

1104 1824 1146 1864 id
1180 1830 1264 1873 est,
1297 1823 1434 1864 farina
1466 1835 1562 1864 cum
1597 1822 1686 1862 sale
1723 1821 1997 1863 offerebatur.

1104 1887 1275 1928 Badius.

1158 1952 1354 1991 Patellam
1372 1950 1569 2002 Deorum]
1607 1949 1738 1990 Liber
1766 1951 1882 1990 Dan.
1912 1949 1998 1989 ele-

1103 2020 1255 2067 ganter
1291 2015 1564 2067 transponit:
1611 2014 1809 2054 Patellam
1846 2026 1995 2054 eorum.

1108 2079 1295 2131 Uterque,
1313 2079 1468 2132 inquit,
1486 2091 1616 2118 eorum
1640 2078 1828 2130 patellam
1845 2082 1885 2118 et
1901 2077 1995 2117 sali-

1099 2154 1194 2182 num
1212 2142 1363 2182 habuit.
1421 2143 1589 2182 Plinius
1618 2142 1730 2182 libro
1759 2153 1932 2182 xxxin.
1953 2153 1993 2181 c.

1104 2209 1169 2246 12.
1199 2209 1211 2229 ‘
1236 2206 1477 2257 Fabricius,
1506 2207 1696 2259 inquam,
1715 2206 1789 2258 qui
1818 2205 1994 2246 bellico-

1100 2282 1168 2309 sos
1198 2269 1479 2322 imperatores
1512 2270 1608 2322 plns
1639 2281 1765 2321 quam
1796 2274 1993 2320 pateram

1101 2340 1146 2374 et
1175 2335 1355 2373 salinum
1385 2346 1439 2373 ex
1473 2339 1652 2386 argento
1681 2332 1843 2373 habere
1872 2338 1991 2373 veta-

1108 2398 1213 2439 bat.'
1271 2399 1447 2439 Colerus.

1157 2462 1309 2502 Cornea
1343 2460 1542 2513 pediculo]
1600 2459 1732 2501 Liber
1777 2460 1993 2511 Danielis,

1092 2527 1296 2578 peduculo.
1325 2526 1519 2567 Laveruii
1547 2524 1657 2565 liber
1682 2525 1845 2576 pediclo.
1864 2525 1992 2566 Glos-

1097 2590 1254 2629 sarium
1267 2595 1413 2629 vetus:
1437 2585 1833 2640 Ρεάὶοῑὶ,ἆρπἐδόνες.
1864 2588 1989 2628 Glos-

1097 2665 1154 2693 sae
1195 2652 1570 2694 Graeco-Latinas:
1616 2650 1806 2704 ἆρπεδὼν,
1842 2652 1988 2692 Peneia·-

1094 2716 1234 2756 culum.
1263 2717 1348 2768 leg.
1383 2716 1628 2755 Pediculum.
1682 2717 1740 2755 Et
1773 2714 1985 2755 fortasse:

1095 2779 1296 2833 ἂρπεδόνα.
1337 2779 1511 2820 Suidas:
1535 2777 1730 2833 ἁρπεδόσι,
1743 2781 1825 2820 τοῖς
1845 2779 1985 2820 lovois.

1102 2845 1276 2885 Colerus.

1150 2907 1373 2958 Religionis
1398 2918 1514 2947 causa
1546 2905 1824 2957 abalienanda]
1872 2905 1984 2948 Quia

1096 2971 1269 3023 putavit
1297 2976 1450 3010 contra
1481 2970 1733 3022 religionem
1764 2980 1810 3009 se
1843 2968 1981 3011 factu·

1095 3048 1203 3089 rum,
1221 3036 1259 3076 si
1277 3047 1373 3088 quae
1394 3035 1448 3075 ad
1477 3047 1599 3075 usum
1627 3035 1819 3075 Deorum
1847 3035 1981 3085 majo-

1094 3111 1163 3139 res
1197 3099 1527 3152 applicuissent,
1552 3099 1648 3152 ipse
1681 3098 1775 3139 sine
1802 3110 1880 3138 sna
1904 3099 1979 3137 im-

1093 3175 1228 3215 pensa
1246 3175 1299 3203 ea
1317 3156 1539 3203 assecutus
1552 3162 1606 3202 ad
1627 3162 1840 3214 privatum
1858 3171 1978 3200 usum

1093 3238 1241 3267 eorum
1262 3227 1405 3278 pretia.
1424 3226 1707 3267 distraxisset.
1764 3223 1933 3265 Badias.

1146 3291 1216 3342 §4
1243 3290 1316 3330 Illi
1351 3290 1487 3340 etiam,
1525 3289 1611 3341 lia]
1657 3288 1760 3327 Scil.
1797 3287 1872 3339 qui
1910 3299 1974 3326 se-

1090 3359 1291 3406 quuntur.
1345 3353 1407 3394 Ut
1437 3351 1632 3402 Attilius,
1669 3350 1742 3403 qui
1773 3349 1827 3389 ab
1860 3349 1973 3400 agris

1090 3417 1256 3458 accitus
1302 3417 1356 3457 ad
1413 3416 1678 3457 consulatum
1736 3411 1870 3463 venit,
1922 3420 1973 3452 ut

1090 3481 1318 3525 Quinctius
1345 3479 1635 3521 Cincinnatus
1690 3477 1759 3517 De
1791 3488 1875 3529 quo
1901 3477 1971 3517 Li-

1089 3545 1206 3586 vius:
1254 3547 1266 3567 ‘
1290 3544 1451 3596 Operae
1486 3542 1675 3594 pretium
1705 3545 1770 3582 est
1805 3540 1973 3593 andire,
