2288 3990
404 255 543 307 1096

402 384 596 424 omnibus
642 389 785 427 autem
845 391 962 427 recte
1021 390 1278 440 comparatis

404 459 531 487 unam
549 449 655 488 hanc
676 461 834 500 veram,
846 450 888 489 ni
901 449 1040 501 fallor,
1051 452 1278 493 lectionem

403 511 594 552 elicimus
611 525 621 551 τ
637 514 815 553 Alienum
827 515 924 565 quod
935 519 1062 555 ortum
1077 517 1280 566 Corintho,

397 575 696 626 fastidiendum,
714 579 813 628 quod
838 582 1049 619 mercatore
1067 581 1280 621 Demarato

401 638 590 688 genitum,
600 639 903 692 erubescendum,
917 643 1017 693 quod
1026 643 1144 683 etiam
1154 645 1279 687 exule.

406 701 512 740 Mox
527 714 620 753 quae
641 709 890 753 sequuntur,
920 715 1002 744 non
1026 705 1161 746 minus
1180 719 1280 748 con-

404 769 608 814 spurcata
637 770 750 805 sunt.
779 766 962 816 Pighius.

460 826 792 879 Erubescendum]
849 830 977 871 Quod
1034 830 1144 872 filius
1190 833 1280 884 ejus

404 890 650 939 regnaverit
670 891 831 932 Romae.
881 893 992 933 Nam
1013 894 1137 947 hujus
1157 901 1282 947 pater

404 951 657 991 Demaratus
685 955 783 993 exul
809 954 950 1005 patria
968 968 1012 995 se
1032 957 1086 996 ad
1106 958 1281 1011 Tarqui-

407 1013 501 1053 nios
521 1015 721 1066 contulit,
734 1022 779 1056 et
797 1017 858 1056 ibi
874 1018 996 1058 duxit
1015 1031 1206 1072 uxorem,
1227 1033 1282 1061 ex

405 1091 488 1130 qua
509 1079 719 1121 Aruntem
749 1088 795 1122 et
813 1084 1099 1124 Lucumonem
1119 1086 1281 1136 genuit.

407 1137 551 1183 Aruns
570 1145 746 1196 gravida
764 1158 897 1186 uxore
925 1147 1076 1188 relicta
1103 1153 1283 1188 mortem

409 1206 516 1247 obiit
534 1213 632 1248 ante
651 1214 815 1260 patrem
836 1223 971 1262 suum,
993 1212 1064 1263 qui
1081 1212 1194 1251 haud
1223 1212 1284 1252 ita

408 1270 543 1310 multo
571 1277 669 1321 post
702 1285 799 1311 cum
819 1273 929 1312 diem
951 1286 1071 1313 suum
1092 1274 1284 1314 obiturus

408 1339 536 1382 esset,
561 1333 763 1384 ignorans
783 1347 930 1374 nurum
946 1335 1059 1375 ferre
1080 1342 1286 1387 ventrem,

409 1394 629 1434 immemor
654 1396 697 1435 in
718 1398 917 1437 testando
935 1399 1123 1450 nepotis,
1152 1399 1287 1439 solum

409 1457 702 1499 Lucumonem
752 1461 944 1513 reliquit'
971 1462 1200 1512 haeredem‚
1244 1467 1289 1501 et

411 1532 546 1570 puero
576 1521 619 1560 in
656 1523 772 1562 nulla
807 1529 923 1564 sorte
962 1530 1082 1575 nato,
1131 1524 1288 1576 Egerio

411 1594 647 1633 cognomen
667 1585 848 1626 inditum
868 1591 949 1627 est.
987 1589 1176 1628 Lucumo
1193 1600 1289 1627 cum

412 1645 596 1685 omnium
633 1646 837 1689 bonorum
873 1650 1008 1690 haeres
1044 1651 1217 1691 relictus
1246 1652 1288 1690 iu

413 1709 586 1748 summis
602 1709 759 1749 divitiis
772 1718 904 1763 esset,
919 1725 1091 1752 uxorem
1106 1714 1290 1753 nobilem

414 1770 539 1810 duxit
570 1772 868 1825 Tanaquilem3
898 1788 991 1828 quae
1024 1788 1120 1816 cum
1154 1776 1290 1815 virum

415 1845 536 1873 suum
554 1836 791 1887 Tarquiniis
807 1850 890 1877 non
911 1839 1011 1879 satis
1042 1852 1120 1891 pro
1153 1840 1290 1892 digni-

416 1902 507 1936 tate
520 1897 769 1939 honoratum
785 1913 875 1941 esse
888 1902 1069 1954 videret,
1083 1902 1293 1953 migrandi

415 1961 594 2001 Romam
633 1965 853 2003 consilium
899 1965 1019 2005 dedit
1065 1966 1173 2015 viro,
1220 1967 1294 2006 ubi

417 2023 551 2062 omnis
581 2026 808 2076 repentina
840 2039 892 2066 ex
914 2029 1074 2068 virtute
1095 2029 1295 2069 nobilitas

415 2084 557 2137 fieret,
586 2094 631 2127 et
664 2100 759 2128 cum
787 2090 841 2129 ad
860 2090 1102 2132 ,Ianiculum
1124 2097 1296 2131 ventum

418 2156 550 2202 esset,
581 2159 786 2203 carpento
824 2154 990 2194 sedenti
1027 2167 1122 2195 cum
1162 2167 1298 2195 uxore

418 2214 559 2264 aquila
577 2217 791 2266 suspensis
822 2217 1007 2257 demissa
1036 2219 1113 2258 alis
1142 2219 1301 2258 leniter

417 2276 578 2327 pileum
610 2276 766 2329 aufert,
806 2291 1017 2333 superque
1049 2287 1300 2334 carpentum

420 2350 515 2378 cum
537 2351 690 2392 magno
709 2342 911 2393 clangore
937 2345 1134 2396 volitans,
1160 2357 1303 2386 rursus

420 2405 556 2445 veluti
586 2405 823 2446 ministerio
853 2408 980 2447 missa
1010 2409 1145 2460 capiti
1184 2420 1305 2461 repo·

420 2467 522 2507 suit.
578 2468 632 2508 Id
649 2481 771 2509 omen
792 2470 890 2511 laeta
905 2471 1065 2511 dicitur
1083 2473 1304 2524 accepisse

420 2531 644 2583 Tanaquil,
657 2537 702 2572 et
714 2534 919 2573 continuo
929 2535 1066 2574 virum
1081 2535 1307 2587 complexa

423 2595 513 2634 alta
531 2607 706 2647 sperare
718 2597 915 2648 jussisse.
955 2598 1042 2638 Hic
1061 2598 1194 2649 igitur
1207 2610 1306 2638 cum

422 2648 641 2701 b'eneficiis
659 2663 887 2702 multorum
905 2662 987 2702 sibi
1001 2663 1156 2703 civium
1177 2662 1308 2702 bene·

424 2724 659 2764 volentiam
680 2725 962 2774 conciliasset,
991 2737 1180 2778 eousque
1215 2737 1309 2777 pro-

427 2787 574 2836 cessit,
611 2793 659 2828 ut
701 2789 745 2828 in
782 2801 987 2830 summam
1031 2788 1144 2830 Anci
1190 2790 1308 2841 regis

425 2847 762 2890 familiaritatem
783 2851 964 2898 veniret,
987 2864 1012 2891 a
1037 2864 1120 2904 quo
1151 2851 1310 2892 libero-

428 2923 520 2950 rum
543 2911 675 2951 etiam
696 2917 814 2953 tutor
831 2913 1048 2953 institutus
1067 2918 1145 2953 est.
1202 2914 1312 2955 Post

428 2969 610 3014 mortem
664 2973 776 3015 Anci
836 2987 1013 3027 regnum
1067 2977 1314 3029 intercepit.

435 3037 584 3078 Oliver.

487 3102 684 3140 Coeterum
697 3105 776 3140 tam
790 3112 974 3153 prospero
991 3102 1224 3142 conditionis
1234 3115 1315 3142 suoe

432 3170 585 3217 eventu,
616 3166 896 3206 industriosum
934 3177 1006 3215 pro
1041 3165 1312 3217 ignominioso,

431 3230 643 3281 gloriosum
674 3242 748 3281 pro
786 3229 912 3269 inviso
939 3229 1130 3280 reddidit]
1168 3229 1241 3269 Sic
1268 3229 1314 3268 in

434 3295 718 3335 Wincheliau.
740 3293 960 3346 aliquanto
982 3292 1165 3344 plenius,
1183 3297 1314 3343 atque

436 3361 567 3400 etiam
590 3359 767 3409 rectius,
797 3369 923 3410 quam
944 3355 1100 3406 vulgo:
1134 3355 1316 3393 Ceterum

437 3427 520 3462 tam
533 3435 757 3474 prosperum
773 3419 1003 3460 condition-is
1020 3430 1099 3457 suoe
1123 3420 1316 3465 eventum,

440 3487 674 3527 indust-rium
690 3498 764 3539 pro
791 3485 993 3535 invidioso,
1020 3480 1233 3532 gloriosum
1248 3490 1318 3531 pro

977 273 1154 311 NOTAE
1199 273 1528 316 VARIORUM
1570 279 1635 317 IN

1342 393 1465 432 inviso
1509 395 1694 436 reddidit.
1750 396 1941 436 Priorem
1985 393 2214 440 leo-'tionem

1344 456 1547 496 ambabus
1565 459 1758 499 manibus
1776 463 2078 511 acceptandam
2095 466 2216 513 puto,

1345 518 1447 558 licet
1483 519 1689 572 dubitem,
1719 523 1991 575 induxti-iosus,
2018 537 2069 564 an
2101 525 2216 576 apud

1344 581 1542 622 classicos
1573 596 1686 624 nunc
1721 592 1918 626 auctores
1950 587 2219 638 reperiatur;

1345 646 1463 695 atqui
1478 645 1833 698 industriosissime,
1860 650 1923 689 M.
1952 651 2060 690 Cato
2079 650 2220 701 Origi-

1345 718 1445 747 num
1471 709 1657 748 secundo
1687 710 1812 760 dixit,
1833 711 1944 763 quod
1969 711 2218 752 adverbium

1347 770 1401 810 ab
1430 771 1684 812 industriosus
1710 773 1950 816 deducitur.
2004 775 2120 815 Citat
2137 775 2220 815 Ca-

1347 838 1490 874 tonem
1523 835 1772 886 Sosipater:
1803 836 1816 858 ‘
1836 837 2047 888 Pleraque
2075 835 2221 877 Gallia

1346 895 1451 935 duas
1467 908 1534 935 res
1547 896 1918 938 industriosissime
1932 899 2222 951 persequitur,

1346 970 1435 997 rem
1447 959 1689 1011 militarem,
1702 966 1748 1000 et
1763 967 1915 1013 argute
1929 961 2078 1014 loqui.'
2096 961 2222 1001 Unde

1346 1023 1499 1071 colligo
1514 1035 1670 1063 nomen
1681 1025 1760 1064 hoc
1774 1026 1912 1075 ipsum
1927 1037 2091 1078 quoque
2108 1024 2226 1076 apud

1346 1091 1516 1126 veteres
1549 1087 1591 1126 in
1622 1100 1701 1127 usu
1728 1086 1872 1139 fuisse,
1900 1088 2092 1140 quamvis
2109 1086 2223 1139 apud

1345 1159 1458 1188 nunc
1495 1154 1692 1188 extantes
1720 1150 1791 1188 vix
1816 1151 2071 1202 reperiatur.
2127 1151 2225 1191 Nec

1349 1210 1457 1249 adeo
1475 1211 1646 1262 quidem
1666 1212 1903 1263 rejicienda
1929 1213 2098 1252 videtur
2127 1212 2227 1252 libri

1349 1274 1577 1313 Cauchiani
1590 1275 1738 1325 lectio,
1752 1287 1845 1326 quae
1861 1276 1923 1316 sic
1936 1275 2094 1316 habet:
2115 1276 2232 1315 Cete-

1349 1347 1435 1374 rum
1486 1339 1568 1374 tam
1607 1348 1832 1387 prosperum
1875 1337 2106 1376 conditionis
2145 1348 2227 1378 suoe

1349 1403 1528 1438 eventum
1577 1398 1774 1438 industria
1816 1411 1888 1439 sua
1929 1411 2001 1450 pro
2039 1397 2229 1438 invidioso

1348 1462 1561 1511 gloriosum
1579 1460 1769 1500 reddidit.
1798 1460 1925 1512 Pigh.

1406 1523 1624 1574 Dilatavit]
1654 1523 1939 1575 Prorogavit3
1977 1533 2076 1562 nam
2108 1521 2231 1562 Sabi·

1352 1598 1428 1625 nos
1461 1586 1575 1626 bello
1607 1586 1840 1637 superavit,
1859 1590 1903 1625 et
1920 1585 1984 1625 eis
2005 1585 2229 1626 Collatiam

1354 1650 1530 1697 ademit,
1558 1655 1603 1690 et
1622 1650 1823 1703 quicquid
1846 1650 1936 1700 agri
1955 1650 2071 1690 circa
2089 1649 2230 1690 Colla·

1354 1714 1457 1754 tiam
1478 1719 1590 1764 erat,
1609 1725 1817 1765 omneque
1850 1713 2046 1753 Latinum
2076 1722 2231 1752 nomen

1353 1777 1583 1825 domuit‚et
1597 1776 1753 1816 multas
1765 1775 2010 1815 Latinorum
2029 1774 2231 1815 civitates

1353 1838 1501 1890 populi
1516 1839 1694 1877 Romani
1709 1837 1891 1888 imperio
1903 1836 2094 1887 subegit3
2116 1835 2236 1875 vide-

1352 1901 1474 1950 licet,
1520 1900 1712 1952 Apiolas,
1758 1899 2048 1949 Corniculum,
2093 1898 2237 1938 Ficul-

1355 1976 1494 2016 neam,
1508 1963 1761 2010 Cameriam,
1775 1962 2126 2003 Crustumerium.
2149 1960 2236 2000 Oli-

1355 2039 1436 2067 ver.

1413 2090 1574 2129 Cultum
1620 2089 1794 2128 Deorum
1837 2087 1945 2127 novis
1986 2084 2235 2136 sacerdotiis]

1359 2154 1470 2195 Quia
1505 2165 1711 2203 augurum
1746 2152 1972 2203 collegium
2003 2163 2165 2190 summo
2193 2150 2239 2189 in

1358 2218 1520 2256 honore
1552 2216 1706 2255 habere
1737 2215 1887 2264 voluit,
1919 2214 2026 2254 adeo
2055 2218 2104 2253 ut
2133 2211 2241 2252 nihil

1362 2280 1562 2333 privatim
1609 2279 1677 2318 vel
1724 2278 1896 2329 publice
1943 2281 2107 2327 ageret,
2158 2274 2242 2315 nisi

1363 2343 1480 2394 prius
1499 2342 1639 2393 captis
1655 2341 1883 2392 auspiciis3
1904 2339 2016 2392 quod
2036 2338 2136 2378 inde
2154 2337 2244 2378 fac·

1365 2411 1454 2445 tum
1475 2409 1557 2454 est,
1585 2404 1686 2456 quia
1705 2416 1800 2443 cum
1820 2403 1954 2442 vellet
1967 2400 2096 2441 curiis
2112 2400 2244 2459 ⁸23⁰·

1364 2469 1479 2508 mulo
1507 2467 1715 2517 institutis
1744 2477 1875 2505 novas
1909 2464 2070 2504 addere
2089 2463 2246 2515 curias,

1368 2531 1553 2571 Nautius
1581 2541 1717 2579 augur
1747 2529 1789 2568 id
1810 2528 1892 2567 nisi
1913 2527 2011 2567 Diis
2027 2527 2144 2578 prius
2167 2537 2244 2578 per

1365 2595 1542 2645 auguria
1560 2592 1763 2632 consultis
1782 2590 1878 2630 fieri
1899 2601 2024 2641 posse
2043 2588 2246 2640 negabat.

1367 2657 1461 2696 Rex
1493 2667 1594 2695 vero
1626 2654 1718 2705 ejus
1753 2652 1858 2692 artis
1892 2651 2022 2691 fidem
2055 2651 2246 2700 elevans,

1368 2718 1569 2767 Consule,
1586 2716 1741 2768 inquit,
1775 2725 1892 2765 aves,
1921 2712 2088 2753 fierine
2107 2714 2246 2764 possit

1367 2781 1481 2835 quod
1500 2780 1639 2820 animo
1657 2777 1877 2830 concipio:
1909 2775 2024 2829 quod
2050 2787 2147 2816 cum
2174 2775 2247 2815 ille

1371 2843 1510 2895 captis
1529 2842 1715 2894 auguriis
1735 2839 1830 2880 fieri
1849 2851 1971 2891 posse
2003 2836 2247 2890 respondis·

1373 2912 1465 2947 set:
1497 2907 1635 2957 Cape,
1655 2904 1810 2956 inquit,
1828 2903 1939 2942 hanc
1959 2906 2118 2951 cotem,
2134 2907 2248 2959 eam-

1373 2983 1456 3023 que
1490 2969 1699 3009 novacula
1730 2964 1939 3005 discinde.
1993 2963 2056 3004 At
2087 2963 2160 3004 ille
2191 2963 2252 3002 in-

1373 3037 1629 3073 cunctanter
1647 3029 1816 3080 accepit
1835 3040 1887 3068 ac
1923 3026 2076 3068 secuit.
2130 3025 2251 3065 Tune

1373 3110 1450 3138 rex
1476 3097 1610 3148 coepit
1634 3100 1679 3135 et
1715 3094 1799 3134 arti
1830 3091 1975 3141 fidem,
2007 3095 2053 3130 et
2083 3088 2253 3140 auguri·

1374 3162 1454 3202 bus
1509 3161 1714 3200 honorem
1758 3155 1988 3196 maximum
2031 3152 2249 3194 adbibere.

1376 3223 1525 3263 Oliver.
2168 3264 2174 3268 .

1430 3285 1646 3324 Numerum
1662 3279 1836 3331 senatus]
1866 3279 1979 3322 Quia
1993 3283 2164 3318 centum
2180 3289 2252 3329 pa-

1377 3353 1465 3387 tres
1512 3344 1673 3396 adjecit
1718 3342 1855 3382 ordini
1895 3340 2136 3390 senatorio;
2181 3339 2254 3392 qui

1378 3411 1586 3452 minorum
1610 3406 1802 3459 gentium
1826 3404 2043 3457 appellati.

1439 3474 1663 3524 Equestrem
1693 3467 1887 3520 ordinem]
1913 3468 2027 3511 Quia
2043 3463 2256 3508 centurias
