2346 3996
447 302 771 344 RECENSUS
816 304 1172 345 anmNUM
1214 307 1477 349 VALERu
1520 307 1774 349 MAx1M1.
1892 300 2030 354 1389

208 429 330 478 sorie
354 431 540 493 mgrm!
577 426 779 476 feliciter
812 434 887 476 est
923 430 1346 479 consummatum!
1415 432 1529 482 Post
1568 433 1672 481 haec
1698 443 1935 498 apparent
1957 436 2029 483 in-

207 508 363 574 signia
398 507 562 557 Fausti
599 514 648 555 et
683 507 952 556 Schoefferi.
979 507 1127 557 Char.
1154 510 1538 561 Gom—Mam.
1564 530 1612 576 p.
1636 516 1752 563 303.
1779 515 2029 563 Crevenna

202 590 268 639 T.
291 602 345 636 v.
368 605 481 654 pag.
512 595 622 645 174.
660 588 844 636 Panzer
864 588 926 636 T.
953 602 1016 636 ιι.
1055 604 1171 653 pag.
1223 597 1332 638 121.
1404 593 1538 641 Inter
1575 593 1764 643 cimelia
1805 594 2030 643 biblioth.

203 669 359 718 Ducis
381 669 444 718 de
466 669 511 717 la
537 668 725 717 Valiere
751 668 858 716 haec
882 667 959 717 ed.
988 668 1210 717 constitit
1241 675 1383 718 1500.
1411 670 1607 721 francis.

263 777 332 788 --
349 749 561 799 Venetiis
583 765 673 814 per
695 748 1005 798 Vindelicum
1028 749 1088 799 de
1114 749 1272 814 spira.
1298 751 1403 800 Fol.
1474 754 1532 801 In
1555 754 1667 818 ejus
1693 754 1787 803 fine
1812 754 1989 820 legitur
2009 770 2021 801 :

203 836 218 858 ‘
240 830 370 881 Finis
391 838 485 880 est.
510 843 575 879 M.
605 843 760 881 cccc,
783 844 946 880 Lxm.

403 939 700 1003 Impressum
726 938 911 999 formis,
927 939 1170 1005 justoque
1192 939 1383 988 nictore
1410 956 1693 1000 coruscans,

467 1020 579 1068 Hoc
604 1019 889 1068 Vindelinus
914 1019 1138 1069 condidit
1156 1018 1273 1069 artis
1299 1020 1464 1083 opus.'

192 1126 461 1192 Splendida
483 1126 653 1175 editio.
723 1125 868 1176 Conf.
908 1126 1069 1176 Catal.
1109 1125 1172 1175 de
1188 1126 1237 1176 la
1274 1124 1608 1192 bibliotheque
1646 1127 1713 1176 du
1743 1128 1921 1178 Comte
1959 1129 2022 1178 de

196 1206 471 1272 Rewiczky.
497 1207 660 1256 Berol.
691 1213 835 1265 1794.
862 1223 975 1271 pag.
1006 1213 1116 1256 148.

268 1296 394 1345 1474
430 1288 647 1337 Valerius
675 1288 937 1338 Maximus.
977 1289 1209 1349 venetiis,
1238 1306 1326 1353 per
1348 1291 1624 1341 Johannem
1651 1290 1713 1340 de
1736 1291 1942 1340 Colonia
1965 1307 2023 1339 ac

192 1369 463 1418 Johannem
507 1370 744 1418 Manthen
786 1369 847 1417 de
879 1370 1248 1419 Gherretshem.
1286 1373 1389 1420 Fol.
1459 1373 1516 1421 In
1548 1371 1676 1421 fine:
1717 1374 1901 1421 ‘Extat
1944 1372 2023 1420 hic

195 1450 325 1498 Finis
348 1450 525 1499 Valerii
546 1450 740 1498 maximi
757 1451 1030 1514 peroptime
1049 1451 1295 1500 emendati
1315 1469 1327 1501 ε
1357 1469 1408 1516 q.
1433 1469 1549 1501 cura
1573 1453 1845 1517 diligentiq.
1866 1453 2024 1516 preui—

193 1530 326 1579 sione
353 1530 730 1594 impressoribus
758 1531 957 1580 Venetis
982 1531 1235 1595 expositus
1263 1532 1356 1580 fuit
1381 1549 1469 1596 per
1489 1532 1761 1582 Johannem
1788 1533 1848 1581 de
1875 1534 2023 1582 Colo-

192 1610 271 1658 nia
313 1610 605 1674 agripinensi
639 1626 698 1659 ac
733 1612 1007 1660 Johannem
1047 1613 1287 1661 Mantlien
1323 1612 1384 1660 de
1410 1615 1796 1663 Gherretshem:
1834 1631 1885 1678 q.
1927 1630 2024 1662 una

190 1690 403 1741 fideliter
438 1693 661 1741 uiuentes
695 1691 888 1740 eosdem
914 1693 1232 1758 impressores
1268 1692 1329 1743 ad
1357 1694 1450 1742 hoc
1476 1694 1737 1744 duxerunt.
1766 1709 1833 1743 M.
1862 1709 2017 1744 0000.

190 1774 771 1822 Lx11111.’—Crevenna
795 1773 829 1822 l.
857 1790 901 1822 c.

262 1861 387 1909 1475
425 1854 604 1904 Valerii
630 1854 826 1903 maximi
851 1855 1095 1903 dictorum
1119 1854 1466 1922 factorumque
1493 1856 1876 1904 memorabilium
1911 1858 2023 1905 libri

187 1949 270 1984 lx.
312 1934 505 1984 accedit
529 1935 707 1984 decimi
730 1935 843 1984 libri
871 1936 979 1985 Caii
1003 1935 1103 1984 Titi
1129 1937 1275 1985 Probi
1308 1937 1369 1985 de
1408 1938 1691 2001 prenomine
1736 1937 2020 2002 Epithoma.

184 2023 237 2065 et
259 2016 429 2065 tabula
452 2032 598 2080 super
622 2016 866 2066 Valerium
893 2017 956 2066 de
981 2018 1192 2082 propriis
1218 2019 1513 2067 nominibus.
1585 2020 1642 2067 In
1678 2016 1772 2066 fine
1810 2018 2018 2067 tabulae:

187 2107 201 2127 ⁴
221 2099 420 2149 Presens
445 2100 625 2161 Valerii
649 2100 844 2149 maximi
869 2118 994 2165 opus
1015 2102 1434 2165 praeclarissinmm
1456 2104 1468 2152 Ξ
1507 2103 1556 2150 in
1595 2102 1898 2151 nobilissima
1923 2104 2017 2151 Pa-

183 2181 326 2230 risius
349 2180 500 2229 Anno
540 2181 723 2229 domini
760 2195 825 2230 M.
859 2195 1017 2231 0000.
1058 2196 1192 2232 Lxx.
1225 2198 1280 2232 V.
1317 2184 1540 2232 Feliciter
1580 2196 1655 2232 est
1695 2183 2019 2247 impressum.'

185 2262 288 2311 Fol.
311 2278 350 2310 s.
376 2277 425 2311 n.
453 2270 642 2326 typogr.
678 2266 786 2325 (per
814 2263 1008 2310 Petrum
1032 2263 1241 2311 Caesaris
1261 2272 1311 2312 et
1334 2264 1606 2312 Johannem
1626 2263 2014 2324 Stol.)——-Mai1t.

185 2358 298 2408 pag.
323 2349 441 2399 349.
469 2344 654 2391 Panzer
675 2344 738 2391 T.
767 2357 832 2392 11.
857 2359 971 2406 pag.
999 2342 1113 2399 276.

248 2424 520 2472 *Valerii
558 2424 763 2473 Maximi
802 2424 1041 2473 dictorum
1083 2424 1426 2488 factorumque
1473 2423 1863 2473 memorabilium
1903 2423 2013 2472 libri

182 2520 374 2553 novem.
444 2505 502 2553 In
527 2504 680 2569 prima
705 2504 883 2569 pagina
906 2505 1082 2569 legitur
1110 2506 1232 2553 Boni
1260 2504 1488 2553 Accursii
1510 2505 1671 2552 Pisani
1687 2505 1749 2553 ad
1773 2505 2014 2555 Cicchum

183 2585 506 2635 Simonettam
543 2585 751 2649 epistola
776 2585 1096 2634 dedicatoria.
1167 2587 1223 2633 In
1265 2586 1359 2633 fine
1398 2586 1506 2633 libri
1545 2585 1688 2634 noni:
1728 2590 1741 2611 ‘
1765 2599 1827 2634 M.
1857 2596 2015 2634 0000.

182 2679 358 2715 Lxxv.
383 2679 490 2715 vll.
528 2665 611 2714 Kl.
640 2665 963 2714 NovembreS.
1034 2665 1305 2714 Mediolani
1330 2665 1450 2714 AN.
1484 2666 1770 2728 (Antonius)
1803 2665 2012 2730 Impres-

178 2748 240 2796 sit
264 2746 665 2809 ZA.'(ZarotuS.)
700 2745 910 2795 Accedit
934 2745 1089 2794 Index
1114 2745 1363 2809 alphabet.
1391 2747 1426 2794 F
1430 2746 1734 2795 01.—Maitt.
1762 2762 1877 2811 pag.
1896 2753 2012 2796 354.

178 2827 365 2876 Panzer
386 2828 450 2876 T.
478 2839 543 2876 11.
569 2843 684 2891 pag.
704 2835 787 2877 21.

247 2904 375 2962 1476
408 2907 465 2955 Ρ.
492 2906 669 2955 Valerii
706 2907 908 2955 Maximi
942 2908 1184 2957 factorum
1222 2925 1282 2956 ac
1322 2907 1573 2958 dictorum
1618 2906 2007 2955 memorabilium

179 2986 291 3035 libri
318 3000 401 3037 lx.
472 2988 528 3034 In
553 2986 650 3035 fine
671 3005 684 3037 t
723 2995 737 3017 ‘
757 2989 972 3053 Explicit
996 2990 1120 3037 liber
1143 2989 1324 3038 Valerii
1349 2989 1569 3038 Maximi.
1598 2990 1893 3052 Impressum
1920 2990 2011 3035 Bo-

177 3067 336 3115 noniae
359 3066 424 3116 ad
449 3068 738 3132 petitionem
764 3069 1055 3132 Sigismundi
1078 3069 1139 3117 de
1167 3069 1325 3118 Libris
1361 3085 1488 3117 anno
1523 3067 1708 3116 domini
1746 3081 1809 3115 M.
1854 3079 2008 3114 cccc.

184 3159 383 3195 Lxxvl.
411 3147 490 3195 die
514 3161 614 3195 xx.
643 3161 764 3197 1111.
791 3149 970 3196 mensis
996 3149 1298 3197 Decembris.
1325 3150 1588 3200 LausDeo
1613 3148 1809 3195 Amen!
1832 3147 2008 3194 Pol.—

178 3227 343 3275 Editio
367 3235 417 3277 et
439 3236 668 3293 typorum
695 3229 872 3289 nitore,
913 3237 963 3278 et
998 3229 1196 3278 raritate
1220 3229 1440 3294 insignis.
1482 3228 1628 3278 Conf.
1670 3230 1828 3276 Braun
1869 3225 2007 3273 Part.

181 3320 220 3355 ι.
246 3322 361 3372 pag.
392 3315 502 3359 182.
538 3325 585 3358 n.
623 3326 670 3357 v.
709 3309 871 3358 Maitt.
906 3327 1018 3374 pag.
1056 3308 1172 3360 361.
1211 3312 1395 3360 Panzer
1428 3311 1492 3359 T.
1531 3324 1570 3357 1.
1607 3325 1719 3372 pag.
1759 3313 1872 3357 208.
1925 3305 2006 3353 cui

179 3386 376 3450 quidem
417 3389 522 3438 haec
568 3390 722 3439 editio
759 3407 820 3439 ex
860 3392 937 3440 Jo.
988 3391 1123 3440 Paul.
1169 3392 1374 3441 Zaffonii
1412 3388 1731 3456 typographia
1770 3385 2004 3451 prodiisse

185 3466 391 3516 videtur.
