2346 3996
363 273 505 329 1354

361 401 440 452 dit,
461 413 643 454 arvaque
674 407 718 442 et
743 401 871 442 urbes
894 403 1060 442 Littore
1089 402 1238 443 diduc-

362 472 427 506 tas
444 471 624 516 angusto
646 465 837 505 interluit
858 469 996 506 aestu.’
1023 465 1090 506 Ibi
1111 467 1239 506 etiam

361 529 533 568 condita
554 533 622 568 est
642 528 808 576 civitas,
828 540 939 580 quae,
968 533 1081 568 teste
1103 528 1240 580 Livio,

359 593 412 631 ab
433 592 512 632 hac
533 592 718 632 scissura
751 590 960 643 Rhegium
995 591 1114 631 dicta
1141 589 1238 633 fuit.

366 656 472 695 Oliv.

414 719 510 758 Tam
523 730 645 769 parvo
663 716 810 768 spatio]
829 716 984 757 Strabo
1003 729 1105 757 sane
1125 716 1238 770 quod

360 781 416 821 ad
438 781 744 831 longitudinem
767 779 936 820 adtinet
960 780 1239 832 appendicem

361 844 498 883 Italiae
533 842 664 883 facit:
705 848 750 883 et
785 843 1073 883 continentem
1107 842 1240 882 fuisse

361 906 590 958 aliquando
626 913 822 946 auctores
865 911 964 948 sunt
997 906 1240 955 Sallustius,

361 970 544 1020 Plinius,
558 969 729 1018 Strabo,
742 969 827 1009 alii.
860 970 1114 1010 Claudianus
1128 969 1239 1010 Poe-

358 1037 431 1072 ta:
460 1034 472 1054 ‘
491 1032 710 1072 Trinacria
730 1031 940 1084 quondam
971 1033 1111 1072 Italiae
1142 1044 1239 1083 pars

360 1107 444 1134 una
463 1094 573 1144 fuit3
603 1095 678 1134 sed
700 1099 852 1146 pontus
874 1100 920 1135 et
939 1101 1068 1134 aestus
1101 1095 1242 1134 Muta-

362 1170 462 1197 vere
486 1159 645 1197 situm:
679 1158 794 1210 rupit
828 1157 1011 1198 confinia
1041 1157 1240 1198 Nereus-⁹

358 1222 548 1262 Sallustii
573 1221 743 1274 quidem
773 1222 891 1261 locus
911 1222 1068 1261 citatur
1088 1221 1142 1260 ab
1161 1221 1242 1260 Isi-

361 1283 479 1334 doro,
500 1284 591 1334 sed‚
612 1289 659 1323 ut
679 1288 878 1335 apparet,
895 1283 1072 1323 mutatis
1092 1283 1240 1322 nonni-

359 1348 418 1387 hil
458 1346 599 1387 verbis
634 1347 808 1387 Sallust.
876 1347 1098 1386 Sincerum
1136 1352 1240 1398 puto

360 1423 586 1463 superesse
604 1411 716 1463 apud
736 1412 953 1451 Lutatium
967 1411 1096 1451 Statii
1111 1411 1241 1451 Scho-

359 1475 527 1513 liasten.
584 1473 654 1513 Ita
681 1473 895 1526 loquitur:
924 1474 938 1495 ‘
965 1473 1080 1513 Olim
1100 1473 1240 1514 Italiae

360 1537 548 1577 Siciliam
565 1537 760 1589 junctam
790 1535 923 1576 fuisse
953 1540 1136 1588 constat,
1164 1536 1241 1576 sed

360 1600 547 1641 medium
566 1601 750 1652 spatium
771 1605 847 1640 aut
865 1605 1044 1652 propter
1075 1600 1243 1640 humili-

362 1671 495 1706 tatem
515 1666 743 1718 abruptum
765 1675 845 1717 est,
875 1670 950 1705 aut
970 1670 1150 1717 propter
1169 1677 1241 1704 an-

362 1731 547 1782 gustiam
586 1731 779 1775 scissum,
820 1734 895 1769 aut
933 1728 1031 1769 dum
1066 1740 1242 1768 curvum

361 1793 425 1845 fit,
455 1793 561 1834 facit
593 1798 745 1832 natura
777 1792 977 1832 mollioris
1010 1791 1167 1842 Italiae,
1198 1791 1242 1831 in

362 1870 489 1910 quam
524 1857 711 1898 altitudo
751 1862 798 1897 et
841 1856 1053 1908 asperitas
1086 1855 1242 1895 Siciliae

364 1926 516 1960 aestum
536 1919 718 1960 relidat.'
750 1920 878 1960 Coter.

417 1984 583 2035 Statua]
613 1984 717 2027 Quis
743 1983 825 2023 hoc
852 1983 1036 2024 omnium
1068 1982 1244 2034 scripsit

363 2052 548 2088 statuam
570 2047 626 2088 ibi
648 2047 900 2087 collocatam
919 2044 1078 2087 fuisse?
1124 2045 1243 2085 Dure

362 2112 552 2164 quidem,
570 2111 604 2151 si
624 2117 807 2151 statuam
829 2122 909 2161 pro
929 2109 1135 2151 turricula
1152 2109 1242 2149 sive

361 2173 560 2226 πυρνγΙσκῳ
581 2173 783 2225 accipias.
813 2173 941 2213 Idem.

418 2238 622 2279 Memorioe
636 2237 788 2287 Pelori]
809 2237 906 2277 Illic
920 2236 1132 2288 sepultum
1149 2247 1242 2276 esse

362 2303 580 2353 Pelorum,
593 2303 714 2343 Serv.
730 2307 775 2341 et
790 2301 947 2341 Isidor.
968 2313 1023 2340 ex
1039 2299 1243 2341 Sallustio

363 2371 639 2406 annotarunt.
672 2365 833 2404 Postea
848 2363 1005 2404 ibidem
1020 2364 1245 2404 columella

363 2429 452 2469 sive
473 2429 681 2469 turricula
693 2428 904 2468 collocata
919 2431 1090 2467 vetusto
1110 2432 1155 2466 et
1169 2437 1244 2478 pe-

364 2491 515 2532 culiari
541 2492 644 2532 ritu.
696 2491 856 2531 Strabo
883 2490 958 2530 lib.
978 2501 1053 2530 111.
1081 2489 1153 2529 ubi
1189 2488 1244 2529 de

365 2558 574 2598 columnis
597 2556 822 2596 Herculis:
846 2554 960 2595 ’'l-:⁰05
984 2554 1063 2607 γὰρ
1081 2552 1248 2594 παλαιὸν

366 2621 506 2671 ὑπῆρξε
522 2620 569 2660 τὸ
586 2618 755 2660 τίθεσθαι
772 2618 972 2660 τοιούτους
990 2619 1114 2670 ὅρους,
1132 2616 1249 2658 καθά·

364 2700 438 2736 περ
464 2685 500 2723 οἱ
530 2685 698 2734 Ῥηγῖνοι
715 2687 788 2732 τὴν
817 2682 988 2732 στηλίδα
1009 2682 1145 2723 ἔθεσαν
1173 2682 1249 2730 τὴν

367 2747 430 2786 ἐπὶ
446 2750 502 2797 τῷ
529 2750 684 2799 πορθμῷ
710 2747 887 2797 κειμένην
914 2746 1076 2798 πυργίον
1101 2757 1155 2786 τι·
1183 2745 1250 2785 καὶ

366 2811 389 2849 ὁ
407 2811 478 2850 τοῦ
496 2810 677 2862 Πελῶρου
692 2810 906 2861 λεγόμενος
922 2809 1068 2862 πύργος
1085 2807 1248 2850 ἀντίκει-

367 2888 432 2913 ται
448 2872 572 2927 ταύτῃ
590 2874 643 2926 τῇ
660 2873 832 2921 στηλίδι.
862 2875 988 2914 Idem.

428 2937 548 2977 Ultra
579 2942 618 2976 et
650 2936 772 2987 citra]
804 2938 895 2977 Per
924 2939 1170 2989 ulteriore-m
1205 2943 1250 2979 et

370 3001 613 3042 citeriorem
635 3005 802 3052 partem
823 3002 968 3044 maris.

425 3068 448 3119 ς
483 3069 509 3106 2
535 3066 631 3105 Jam
663 3064 978 3116 Atheniensium,
1010 3067 1095 3119 ssa]
1124 3067 1249 3108 Dixi-

370 3140 463 3169 mus
482 3128 526 3168 in
547 3127 690 3178 capite
710 3126 765 3166 de
784 3127 1049 3180 Constantia,
1076 3130 1252 3182 Sparta-

370 3205 427 3233 no
447 3191 577 3241 bello,
594 3189 708 3243 quod
724 3189 876 3231 decem
891 3197 1100 3243 praetores
1116 3193 1251 3233 Athe-

371 3256 542 3296 nienses
585 3253 698 3305 apud
748 3252 986 3306 Arginusas
1046 3255 1250 3296 adversus

374 3317 721 3359 Lacedaemonios
750 3323 986 3370 gesserunt,
1013 3330 1110 3358 cum
1152 3324 1251 3371 post

373 3380 595 3426 victoriam
615 3393 668 3420 ea
685 3392 831 3432 pugna
847 3380 988 3420 navali
1010 3392 1034 3420 a
1053 3382 1251 3433 praetori-

370 3445 450 3486 bus
472 3449 656 3496 partam,
681 3443 822 3484 subito
842 3449 994 3484 exorta
1016 3449 1248 3496 tempestas

373 3507 699 3551 Atheniensium
749 3508 928 3548 classem
991 3507 1255 3563 ,disjecissess

943 287 1120 327 NOTAE
1162 286 1493 327 VARIORUM
1536 289 1602 328 IN

1303 409 1508 455 praetores
1547 417 1715 445 suorum
1764 407 1943 446 militum
1981 418 2178 459 corpora,

1303 468 1374 520 qui
1411 468 1453 506 in
1492 481 1543 508 ea
1572 480 1712 520 pugna
1744 470 2006 519 ceciderant,
2035 472 2178 521 sepul-

1301 533 1408 569 turae
1429 529 1632 569 mandare
1650 532 1878 583 nequiisse.
1935 532 2063 574 Quod
2082 545 2178 572 cum

1301 592 1481 631 Athenis
1517 593 1764 632 nunciatum
1798 601 1927 644 esset,
1961 595 2179 646 insepulta

1302 655 1394 695 scil.
1415 655 1565 705 jacere
1584 655 1764 695 militum
1785 668 1979 708 corpora,
2007 663 2094 696 tam
2112 656 2181 696 fu-

1303 717 1415 756 riosa
1435 716 1678 756 temeritate
1699 717 1740 756 in
1762 724 1966 769 praetores
1987 719 2179 770 exagita-

1304 786 1371 819 tus
1391 785 1457 819 est
1475 781 1674 833 populus,
1694 786 1742 821 ut
1759 782 1922 822 indicta
1940 793 2066 822 causa
2083 783 2178 822 illos

1303 842 1538 892 damnaret,
1578 842 1801 895 legemque
1844 843 1983 886 ferret
2018 844 2072 883 de
2109 857 2178 884 su-

1303 905 1458 945 mendo
1477 917 1531 944 ex
1549 905 1613 944 his
1631 905 1856 957 supplicio,
1884 919 1979 946 cum
1997 907 2179 958 primum

1303 968 1546 1008 rediissent.
1594 969 1654 1008 Et
1672 982 1766 1009 cum
1786 969 1896 1010 forte
1914 969 2179 1009 Demarchus

1303 1044 1355 1071 eo
1383 1043 1492 1071 anno
1514 1032 1713 1072 Socrates
1744 1038 1874 1083 esset,
1903 1032 1947 1072 id
1966 1038 2050 1082 est,
2080 1032 2179 1072 trib.

1303 1094 1456 1145 plebis,
1484 1095 1601 1134 nulla
1634 1096 1801 1135 ratione
1833 1095 1990 1135 adduci
2022 1095 2181 1147 potuit,

1303 1161 1352 1196 ut
1371 1162 1458 1196 tam
1477 1158 1714 1197 temerariae
1731 1164 1777 1198 et
1792 1170 1960 1198 vesanae
1981 1158 2067 1209 legi
2083 1170 2182 1198 con·

1304 1221 1499 1271 sentiret,
1514 1226 1560 1260 et
1576 1221 1677 1273 quia
1692 1221 1965 1272 plebiscitum
1983 1220 2078 1267 fieri
2096 1233 2180 1261 non

1305 1291 1478 1337 poterat
1495 1285 1655 1336 injussu
1674 1286 1878 1335 Socratis,
1905 1286 1966 1325 illi
1991 1297 2071 1337 per
2094 1286 2181 1325 vim

1305 1354 1404 1388 suut
1441 1349 1626 1398 executi,
1655 1348 1769 1401 quod
1799 1348 1900 1400 jure
1934 1359 2019 1387 non
2059 1353 2181 1399 pote-

1305 1416 1416 1462 raut,
1442 1415 1487 1451 et
1513 1411 1566 1451 de
1591 1411 1702 1451 bene
1722 1410 1886 1450 meritis
1905 1410 2182 1462 praetoribus,

1304 1475 1456 1527 quibus
1486 1475 1709 1528 praemium
1729 1479 1774 1514 et
1793 1474 2031 1526 triumphus
2053 1473 2182 1513 debe-

1304 1539 1448 1590 batur,
1475 1551 1571 1579 cum
1592 1539 1771 1590 primum
1792 1537 2025 1588 redierunt,
2042 1548 2185 1588 sump-

1305 1614 1399 1643 sere
1419 1602 1691 1654 supplicium.
1723 1601 1874 1642 Oliver.

1363 1666 1643 1705 Necessitatem
1655 1663 1841 1717 puniens]
1869 1662 1980 1706 Quia
1997 1661 2165 1703 necessi
2179 1683 2185 1692 ι

1307 1733 1396 1768 tate
1415 1728 1623 1779 compulsi
1641 1739 1818 1779 corpora
1838 1726 2019 1778 sepelire
2035 1724 2184 1778 nequi-

1304 1797 1474 1843 verunt,
1500 1793 1611 1832 hanc
1629 1791 1692 1831 illi
1710 1791 2013 1831 necessitatem
2032 1789 2183 1842 punire

1304 1856 1563 1906 maluerunt,
1591 1866 1717 1907 quam
1737 1854 1944 1894 honorare
1965 1853 2182 1903 virtutem,

1306 1919 1407 1972 quia
1425 1919 1684 1971 triumphum
1702 1919 1936 1959 decernere
1952 1917 2094 1970 potius
2111 1916 2186 1956 de-

1306 1983 1488 2023 buerant
1515 1983 1770 2035 praetoribus
1790 1983 1893 2032 suis,
1923 1982 1997 2034 qui
2017 1980 2184 2034 specio-

1306 2062 1395 2089 sam
1415 2062 1469 2090 ex
1488 2050 1609 2090 hoste
1628 2048 1852 2090 victoriam
1873 2051 2182 2101 reportassent.

1307 2115 1460 2154 Oliver.

1359 2177 1470 2217 CAP.
1485 2187 1550 2216 ix.
1572 2178 1594 2228 ξ
1611 2179 1632 2216 1
1657 2178 1705 2216 C.
1720 2174 1888 2215 Helvius
1902 2174 2048 2227 Cinna]
2061 2173 2185 2214 Oaeso

1304 2240 1349 2279 in
1366 2239 1530 2279 Senatu
1559 2239 1676 2281 Julio
1695 2239 1883 2289 Caesare,
1911 2238 2093 2290 populus
2113 2248 2187 2276 ve-

1304 2303 1529 2342 hementer
1563 2303 1817 2352 concitatus,
1845 2303 1981 2355 primo
2013 2313 2093 2354 per
2121 2301 2186 2341 in-

1306 2367 1564 2408 terfectores
1583 2365 1735 2406 habita
1753 2367 1976 2418 concione,
1992 2366 2186 2418 aliquan-

1307 2430 1443 2482 tisper
1458 2430 1616 2470 lenitus
1631 2435 1721 2480 est3
1741 2435 1894 2482 postea
1904 2441 2021 2482 vero,
2035 2433 2186 2482 aperto

1309 2494 1494 2534 Caesaris
1517 2497 1791 2545 testamento,
1804 2499 2027 2547 postquam
2043 2494 2185 2547 ampla

1309 2558 1515 2599 Romanis
1538 2560 1682 2611 legata
1705 2570 1800 2599 esse
1819 2562 2084 2610 compertum
2105 2563 2186 2611 est,

1311 2632 1362 2662 ac
1382 2620 1572 2662 delatum
1598 2633 1679 2673 per
1707 2620 1845 2662 forum
1865 2633 2020 2674 corpus
2042 2621 2189 2661 vulne-

1308 2686 1425 2726 ribus
1446 2683 1638 2726 deforme
1658 2684 1875 2736 apparuit,
1901 2684 1965 2723 sic
1996 2683 2188 2724 acerbati

1309 2755 1408 2789 sunt
1427 2750 1574 2799 animi,
1587 2748 1649 2788 sic
1666 2748 1870 2788 adversus
1885 2746 2188 2788 interfectores

1311 2813 1485 2864 irritati,
1526 2818 1572 2852 ut
1612 2812 1739 2852 nulla
1770 2811 1939 2851 ratione
1975 2810 2188 2851 contineri

1309 2882 1502 2930 possent,
1529 2875 1758 2926 instigante
1785 2875 1956 2927 insuper
1985 2873 2187 2924 Antonio,

1311 2946 1357 2982 et
1376 2953 1448 2981 eos
1467 2939 1520 2979 ad
1539 2939 1745 2979 ultionem
1774 2938 2043 2978 exhortante.
2096 2935 2188 2977 Ita-

1311 3016 1393 3059 que
1410 3001 1628 3055 'congestis
1658 3001 1962 3053 succensisque
1981 2999 2099 3040 circa
2116 3011 2188 3039 ca-

1312 3068 1444 3107 daver
1482 3078 1536 3105 ex
1573 3064 1668 3105 foro
1704 3063 1925 3116 gradibus,
1957 3061 2187 3117 subselliis,

1312 3129 1530 3179 cancellis,
1549 3130 1876 3169 concremarunt
1893 3140 1903 3164 :
1923 3125 2118 3176 exceptis
2132 3137 2190 3164 ex

1312 3193 1452 3233 medio
1493 3203 1598 3244 rogo
1636 3189 1824 3230 incensis
1862 3187 2095 3240 stipitibus,
2115 3186 2188 3227 ad

1312 3267 1615 3309 percussorum
1635 3253 1797 3304 domos,
1824 3255 1871 3291 ut
1896 3262 1969 3291 eas
1987 3249 2189 3291 incendio

1311 3324 1547 3370 vastarent,
1562 3316 1899 3371 percurrebant3
1918 3315 1989 3355 alii
2009 3326 2091 3368 per
2100 3326 2188 3355 om-

1309 3395 1386 3424 nes
1412 3382 1527 3423 urbis
1560 3380 1693 3431 vicos,
1719 3383 1768 3419 ut
1796 3383 1946 3430 captos
1975 3375 2189 3428 discerpe-

1310 3450 1422 3496 rent,
1449 3455 1604 3496 magna
1631 3454 1728 3482 cum
1755 3441 2186 3492 indignationecom·

1310 3508 1537 3551 meabant:
1560 3519 1614 3548 ex
1632 3505 1782 3560 quibus
1803 3511 1944 3546 tamen
1963 3505 2005 3545 in
2024 3505 2184 3545 nullum
