2346 3996
369 269 507 322 1340

369 412 554 450 possum.
593 399 705 440 Illud
727 399 839 440 enim
856 401 1076 442 Valerium
1092 402 1236 444 dicere

370 475 494 506 reor:
523 464 773 515 corporibus
807 465 985 505 taurinis
1006 472 1237 518 propterea

366 527 540 567 miseros
559 527 651 567 illos
671 527 828 567 includi
847 527 1007 578 solitos,
1034 536 1081 569 nt
1107 531 1237 570 lania-

367 597 518 631 rentur
536 604 560 630 a
579 591 805 643 vermibus,
821 591 892 644 qui
911 592 1070 633 tabidis
1087 605 1234 645 corpo-

366 654 481 694 ribus
516 654 680 695 innasci
712 655 865 695 solent.
920 656 1127 696 Reddidit
1155 658 1234 697 hoc

364 719 618 770 supplicium
677 724 751 759 aut
808 723 925 759 certe
971 720 1236 760 assimulavit

368 782 538 833 Opilius
558 782 629 822 ille
648 782 883 833 Macrinus,
916 782 971 822 de
991 795 1074 835 quo
1093 784 1233 824 Julius

363 844 654 895 Capitolinus:
674 845 686 866 ‘
703 846 825 885 Duos
847 846 972 886 boves
986 847 1101 887 mirae
1118 859 1233 898 mag-

363 907 566 947 nitudinis
588 909 702 965 viyos
734 909 876 949 subito
905 911 1061 961 aperiri
1086 911 1232 963 jussit,

362 976 492 1023 atque
504 972 567 1012 his
586 972 771 1025 singulos
787 973 943 1013 milites
959 974 1103 1025 inseri,
1117 975 1234 1027 capi-

362 1036 494 1087 tibus,
508 1042 558 1076 ut
577 1049 720 1077 secum
740 1038 927 1090 colloqui
945 1045 1133 1090 possent,
1161 1052 1234 1079 ex-

362 1099 520 1140 sertis.'
571 1100 710 1140 Simili
729 1101 943 1142 cruciatus
963 1115 1119 1154 genere
1140 1101 1231 1143 fere

360 1162 590 1204 Christiani
620 1165 718 1205 olim
747 1171 847 1206 sunt
879 1166 1038 1206 vexati.
1095 1167 1234 1218 Sulpi-

363 1228 444 1268 tius
463 1229 669 1270 Historiae
699 1231 843 1271 Sacrae
875 1230 986 1270 libro
1015 1232 1233 1272 secundo:

358 1292 371 1313 ‘
388 1293 501 1334 Quin
523 1299 566 1333 et
585 1306 704 1334 novae
723 1299 881 1334 mortes
901 1294 1233 1346 excogitatae‚nt

358 1355 544 1396 ferarum
579 1357 711 1408 tergis
743 1357 934 1398 contecti
967 1357 1129 1398 laniatu
1161 1369 1231 1398 ea-

358 1432 458 1459 num
478 1420 730 1460 interirent.’
759 1421 886 1461 Coler.

412 1483 522 1524 CAP.
540 1494 613 1524 111.
641 1483 709 1523 Ira
727 1496 873 1536 quoque
890 1487 930 1523 et
947 1483 1099 1535 odium]
1138 1483 1230 1524 Has

363 1546 467 1586 duas
503 1547 633 1587 animi
663 1548 1011 1600 perturbationes
1046 1547 1232 1588 crudeli-

359 1611 439 1651 tati
459 1618 579 1652 recte
597 1612 837 1665 subjungit:
867 1613 1062 1666 quoniam
1085 1625 1230 1653 earum

358 1674 540 1718 effectus
559 1677 738 1718 saevitiae
757 1682 857 1717 sunt
886 1678 1011 1729 longe
1041 1677 1231 1729 persimi-

358 1741 448 1780 les:
478 1741 578 1793 quid
619 1743 732 1782 enim
766 1741 899 1782 iratus
937 1740 1112 1782 crudele
1146 1753 1229 1781 non

357 1804 559 1857 admittit,
587 1806 626 1847 si
658 1805 785 1846 datur
817 1804 1025 1846 facultas?
1078 1806 1129 1845 In
1148 1805 1229 1847 hoc

358 1874 502 1908 autem
534 1868 740 1909 differunt
767 1882 791 1909 a
822 1868 1097 1920 crudelitate,
1117 1869 1228 1922 qnod

356 1933 448 1973 haec
482 1934 574 1973 aliis
604 1939 788 1985 tantum,
818 1946 904 1974 non
934 1933 1014 1974 sibi
1046 1940 1229 1984 noceat;

355 1998 422 2038 hae
444 2009 544 2038 vero
565 1998 656 2038 sine
685 1998 748 2038 sui
783 2003 997 2043 tormento
1025 2010 1120 2038 esse
1146 2010 1229 2038 non

356 2068 562 2112 possunt:
591 2074 720 2116 quum
739 2062 851 2103 enim
870 2063 1006 2103 iratus
1026 2062 1231 2102 ultionem

356 2138 525 2166 sumere
542 2139 626 2166 non
645 2132 809 2179 potest,
825 2126 974 2166 dolore
990 2125 1232 2178 conficitur,

357 2200 408 2228 ac
427 2189 614 2241 seipsum
645 2189 827 2230 cruciat.
881 2190 962 2229 Est
994 2194 1138 2229 autem
1169 2188 1232 2228 ira

356 2251 521 2292 subitus
542 2253 668 2292 animi
687 2258 843 2304 motus,
868 2265 924 2293 ex
955 2252 1115 2304 injuria
1134 2265 1232 2305 pro-

356 2315 545 2363 veniens,
560 2322 604 2356 et
620 2317 825 2357 ultionem
838 2316 1099 2357 desiderans.
1129 2316 1232 2356 Odi-

357 2391 444 2430 um,
462 2380 707 2421 inveterata
735 2380 975 2432 inimicitia,
994 2380 1049 2420 de
1068 2379 1232 2421 ultione

356 2454 524 2496 semper
543 2443 750 2496 cogitans.
780 2445 885 2485 Oliv.

410 2508 433 2558 ᾧ
454 2511 475 2547 1
499 2508 598 2548 Cum
615 2511 816 2559 adversus,
833 2510 917 2561 δῖα]
945 2509 1084 2551 Quam
1103 2506 1232 2549 facile

361 2570 415 2609 sit
432 2570 574 2623 aliquo
593 2571 712 2612 dicto
732 2572 801 2612 vel
831 2570 946 2612 facto
977 2572 1054 2611 hos
1085 2571 1129 2610 in
1158 2571 1232 2611 ho-

358 2633 544 2674 minibus
565 2634 747 2675 affectus
767 2635 964 2686 excitari,
983 2634 1233 2675 Salinatoris

359 2704 403 2736 et
450 2697 627 2738 aliorum
668 2699 865 2750 exemplo
911 2698 1231 2749 comprobatur.

358 2760 641 2801 Salinatorem
678 2762 734 2802 ob
773 2761 1055 2801 arctissimam
1093 2762 1232 2812 legem

359 2824 415 2865 de
447 2825 534 2865 sale
563 2825 786 2865 vendendo
814 2825 956 2874 latam,
991 2825 1234 2876 populoque

359 2889 598 2935 molestam,
615 2887 744 2928 fuisse
764 2887 1024 2938 damnatum,
1052 2887 1235 2927 diximus

359 2954 403 2993 in
422 2965 519 3005 cap.
538 2952 591 2992 de
625 2952 817 2991 Censura
842 2956 888 2991 et
918 2950 1236 2992 Reconciliatis.

358 3015 406 3056 Is
425 3021 577 3056 octavo
609 3021 708 3067 post
740 3013 1054 3054 damnationem
1083 3026 1193 3053 anno
1212 3027 1237 3054 a

362 3078 570 3119 Marcello
602 3085 648 3117 et
664 3077 838 3117 Valerio
871 3077 992 3117 Coss.
1020 3089 1075 3116 ex
1108 3077 1238 3129 agris,

363 3154 446 3194 quo
465 3154 510 3182 se
529 3153 608 3193 per
627 3151 834 3180 summum
850 3138 1041 3179 dolorem
1062 3151 1236 3193 recepe-

362 3212 446 3259 rat,
464 3207 508 3247 in
540 3206 690 3247 urbem
720 3211 960 3257 revocatus,
986 3211 1032 3246 et
1062 3217 1158 3246 cum
1188 3207 1238 3248 C.

364 3272 546 3313 Claudio
566 3271 742 3312 Nerone
761 3270 908 3311 consul
927 3277 1114 3323 creatus,
1142 3284 1237 3311 cum

362 3338 590 3390 imperium
621 3336 696 3377 diu
726 3340 982 3385 recusasset,
1011 3336 1184 3377 tandem
1215 3351 1240 3378 a

364 3402 527 3442 Senatu
566 3406 613 3442 et
650 3400 808 3453 populo
837 3399 1031 3451 recipere
1066 3407 1240 3443 coactus

367 3469 446 3506 est.
500 3463 755 3505 Provincias
776 3461 934 3515 sortiti,
950 3474 1045 3503 cum
1059 3462 1104 3502 in
1121 3475 1239 3505 suam

369 3533 549 3582 uterque
570 3526 934 3581 proficisceretur,
963 3538 1035 3568 eos
1056 3529 1238 3581 populus

943 286 1119 325 NOTAE
1161 286 1489 328 VARIORUM
1531 290 1596 329 IN

1300 405 1352 445 ad
1373 412 1514 456 portas
1529 418 1660 458 usque
1680 411 1929 458 prosecutus
1948 412 2028 450 est.
2073 408 2166 450 Me-

1300 470 1442 509 moriae
1476 470 1690 521 proditum
1709 477 1790 520 est,
1824 472 1996 524 plenum
2024 473 2164 514 adhue

1297 530 1360 570 ira
1396 532 1436 570 in
1471 532 1585 571 cives
1629 532 1691 573 M.
1727 533 1890 574 Livium
1921 534 1974 574 ad
2005 533 2166 574 bellum

1298 593 1659 646 proficiscentem,
1693 597 1881 636 monenti
1925 597 1982 638 Q.
2018 596 2169 647 Fabio,

1297 670 1350 697 ne
1371 658 1612 710 priusquam
1645 672 1778 711 genus
1810 661 1994 701 hostium
2022 672 2170 701 nosce-

1296 728 1379 772 ret,
1427 727 1588 761 temere
1620 734 1767 762 manus
1801 729 2064 775 consereret,
2098 735 2168 764 re·

1297 786 1532 838 spondisse,
1543 787 1616 827 ubi
1629 788 1808 839 primum
1820 787 2006 828 hostium
2019 799 2168 840 agmen

1295 850 1601 901 conspexisset,
1615 857 1909 903 pugnaturum.
1931 851 2036 891 Cum
2053 863 2169 905 quae·

1297 918 1478 963 teretur,
1511 926 1605 966 quae
1627 927 1753 954 causa
1785 920 1900 955 esset
1923 904 2170 965 festinandi,

1295 974 1384 1014 Ant
1404 988 1455 1015 ex
1485 977 1605 1016 hoste
1635 977 1849 1029 egregiam
1877 977 2074 1029 gloriam,
2105 977 2169 1023 in-

1296 1040 1403 1092 quit,
1421 1046 1494 1080 aut
1513 1052 1566 1079 ex
1602 1041 1765 1081 civibus
1795 1041 1919 1082 victis
1950 1040 2169 1093 gaudium,

1295 1103 1490 1143 meritum
1523 1110 1658 1155 certe,
1697 1104 1778 1144 etsi
1806 1116 1892 1144 non
1926 1104 2166 1155 honestum,

1295 1167 1476 1218 capiam.
1532 1168 1631 1208 Non
1665 1167 1822 1220 potuit,
1857 1180 1986 1221 quam>
2021 1174 2166 1219 gesta-

1295 1229 1369 1270 bat
1389 1231 1435 1270 in
1452 1237 1643 1283 pectore,
1656 1233 1760 1272 iram
1776 1232 2044 1273 dissimulare
2059 1231 2167 1272 Sali-

1295 1299 1434 1334 nator.
1464 1295 1572 1335 Oliv.
1643 1295 1841 1346 Adversus
1884 1293 2162 1346 Asdrubatem]

1295 1358 1379 1400 Qui
1401 1364 1578 1399 venerat
1608 1358 1650 1399 in
1681 1358 1867 1410 Italiam,
1899 1364 1949 1398 ut
1968 1369 2014 1398 se
2032 1356 2166 1397 Anni-

1294 1423 1382 1463 bali
1397 1421 1522 1464 fratri
1540 1425 1845 1477 conjungeret:
1875 1421 1991 1476 quod
2021 1422 2058 1462 si
2075 1419 2167 1461 sac-

1295 1492 1385 1525 tum
1404 1494 1533 1536 esset,
1546 1493 1688 1527 actum
1706 1485 1898 1526 fortasse-
1908 1485 1964 1526 de
1987 1483 2166 1537 imperio

1295 1550 1486 1590 Romano
1504 1549 1669 1591 fuisset.
1696 1550 1820 1590 Idem.

1347 1614 1417 1654 Sic
1433 1613 1604 1665 vincere]
1642 1614 1821 1654 Eximiae
1859 1610 2032 1652 virtutis
2067 1609 2166 1663 fuit,

1296 1684 1420 1718 tanta
1431 1684 1572 1730 strage
1587 1679 1726 1718 hostes
1744 1686 1978 1729 snperare;
2006 1687 2100 1716 nam
2121 1674 2166 1714 in

1294 1755 1347 1783 ea
1366 1743 1551 1783 victoria
1570 1755 1646 1794 par
1674 1740 1866 1781 hostibus
1898 1738 2066 1780 reddita
2084 1734 2169 1778 fuit

1294 1807 1526 1848 Cannensis
1545 1806 1707 1858 clades,
1737 1805 1897 1858 quippe
1915 1803 1989 1844 ubi
2008 1802 2167 1842 Asdru-

1288 1871 1360 1911 bal
1395 1883 1490 1911 cum
1511 1870 1736 1923 sexaginta
1769 1867 1952 1908 millibus
1980 1866 2165 1907 hostium

1292 1946 1425 1975 caesus
1442 1934 1540 1975 fuit.
1571 1934 1678 1973 Oliv.

1350 1998 1584 2038 Consulatus
1602 1996 1726 2048 enim]
1771 1995 1857 2037 Hic
1876 1994 2052 2047 Figulus
2069 2006 2166 2034 cum

1292 2062 1496 2114 Scipione
1523 2061 1681 2102 Nasica
1699 2060 1843 2101 consul
1869 2064 2056 2108 creatus,
2074 2070 2163 2099 ma-

1295 2125 1477 2177 gistratu
1523 2136 1570 2164 se
1607 2123 1811 2164 abdicare
1859 2119 2030 2163 coactus
2081 2126 2164 2170 est,

1293 2187 1407 2241 quod
1421 2188 1463 2227 in
1479 2199 1626 2228 eorum
1645 2186 1829 2228 comitiis
1846 2184 2172 2226 tabernaculum·

1295 2251 1401 2292 vitio
1434 2256 1607 2304 captum
1642 2250 1809 2298 fuisset,
1839 2256 1890 2291 nt
1923 2250 1967 2290 in
2001 2260 2096 2302 cap.
2113 2248 2168 2288 de

1293 2316 1474 2356 Servata
1492 2315 1720 2367 Religione
1737 2314 1931 2354 diximus.
1958 2311 2046 2352 Hic
2062 2322 2168 2363 ergo

1295 2384 1383 2418 tam
1403 2390 1519 2431 aegre
1551 2378 1652 2419 tulit
1687 2377 1731 2417 in
1763 2376 1856 2417 aliis
1885 2375 2069 2417 comitiis
2101 2386 2168 2415 re-

1295 2441 1474 2493 pulsam,
1495 2447 1542 2481 nt
1560 2441 1667 2481 iram
1687 2440 1955 2482 dissimulare
1973 2437 2174 2492 nequive-

1295 2504 1366 2544 rit.
1395 2505 1519 2544 Idem.

1349 2568 1428 2610 Sed
1444 2569 1661 2620 aliqtmnto,
1687 2565 1774 2620 εγω]
1801 2566 1889 2609 Qui
1909 2565 2023 2619 quod
2045 2564 2172 2605 meri·

1297 2638 1342 2673 to
1362 2633 1559 2683 dixisset,
1579 2633 1679 2685 quia
1697 2632 1908 2684 repulsam
1927 2643 2013 2671 non
2031 2641 2174 2671 mere·

1297 2696 1438 2747 batur‚
1481 2695 1545 2735 illi
1581 2700 1724 2735 tamen
1759 2695 1980 2735 honestius
2016 2692 2170 2734 fuisset

1297 2774 1382 2801 non
1397 2759 1779 2811 dixisse‚*nimirum
1800 2759 1891 2799 viro
1909 2757 2028 2810 gravi
2047 2761 2094 2797 et
2107 2767 2172 2796 sa·

1297 2824 1447 2877 pienti.
1480 2823 1586 2863 otio.

1351 2890 1417 2940 §3
1451 2890 1526 2928 Cn.
1547 2887 1727 2939 Flavius]
1757 2885 1844 2927 Hic
1880 2885 2044 2939 primus
2068 2883 2169 2936 mit,

1300 2952 1372 3004 qui
1393 2951 1447 2991 de
1466 2950 1666 2991 libertina
1692 2955 1822 3002 gente
1852 2948 1986 2990 aedilis
2014 2947 2174 2988 curulis

1298 3013 1457 3065 factus,
1476 3026 1570 3053 cum
1599 3025 1753 3065 magna
1772 3011 2065 3064 indignatione
2096 3022 2174 3051 no-

1301 3079 1495 3120 bilitatis.
1524 3079 1628 3130 Qui,
1646 3083 1694 3121 ut
1713 3090 1844 3130 supra
1861 3076 2043 3117 diximus
2061 3075 2173 3115 libro

1300 3144 1508 3195 seeundo,
1526 3155 1624 3195 cap.
1642 3146 1680 3184 1.
1702 3154 1798 3183 cum
1819 3140 1874 3181 ad
1893 3151 2053 3192 aegrum
2073 3138 2172 3180 Col-

1302 3210 1440 3261 legam
1478 3206 1698 3248 visendum
1735 3205 1938 3255 venisset,
1971 3214 2114 3255 neque
2146 3213 2174 3243 a

1302 3271 1530 3322 nobilibus,
1549 3281 1724 3323 quorum
1739 3267 1982 3320 frequentia
1999 3265 2175 3307 cubicu—
2205 3299 2211 3308 ,

1300 3338 1387 3378 lum
1403 3342 1498 3375 erat
1517 3334 1790 3385 completum,
1804 3331 1982 3372 sedendi
1994 3331 2090 3371 loco
2108 3341 2176 3370 re-

1303 3400 1536 3452 ciperetur,
1553 3396 1633 3437 sibi
1653 3396 1801 3436 sellam
1819 3395 2008 3435 curulem
2028 3391 2176 3434 afferri

1294 3462 1442 3514 jussit,
1485 3461 1528 3502 in
1577 3471 1660 3513 qua
1699 3459 1944 3501 honoratius
1987 3457 2174 3498 sederet.

1307 3525 1414 3567 Oliv.
