2288 3990
485 303 743 346 vALERu
786 301 1035 341 ΜΑΧιΜι-
1075 299 1191 337 mn.
1233 298 1273 336 1.
1313 295 1448 339 cAP.
1478 281 1530 334 8.

103 433 195 486 ejrrs
209 426 405 483 rei‚quod
412 431 564 479 pactus
573 427 706 473 esset,
717 433 795 474 pro
805 420 878 460 illo
888 429 987 459 car·

104 494 456 547 mine,daturum;
471 490 678 540 reliquum
690 499 714 526 a
724 485 809 524 suis
818 482 988 534 Tynda·

105 559 226 610 ridis,
242 567 347 610 quos
384 564 503 606 reque
536 549 773 597 laudasset,
794 549 984 599 peteret,

106 622 142 664 si
155 622 196 663 ei
215 621 445 661 videretur.
475 615 613 655 Paulo
628 617 723 665 post
734 623 826 651 esse
840 608 986 649 ferunt

110 684 350 727 nuntiatum
367 678 588 727 Simonidi,
616 682 664 716 ut
694 673 905 727 prodiret,
916 671 985 724 ju-

109 758 238 790 venes
274 745 328 785 ad
352 745 530 797 januam
569 747 685 780 stare
718 739 825 778 duos
859 747 984 789 quos-

109 811 222 862 dam,
240 810 312 864 qui
330 820 428 849 eum
448 815 708 857 magnopere
724 805 957 844 evocarent
974 815 985 850 ;

109 875 345 916 surrexisse
363 873 499 922 illum,
518 868 725 922 prodisse,
739 865 894 906 vidisse
912 875 984 903 ne-

109 939 280 980 minem.
318 936 415 976 Hoc
434 933 602 974 interim
623 929 762 982 spatio
783 927 986 968 conclave

109 1001 233 1051 illud,
264 999 336 1040 ubi
370 997 618 1049 epularetur
651 994 830 1044 Scopas,
849 989 987 1030 conci·

109 1065 237 1114 disse,
267 1075 319 1103 ea
337 1061 458 1100 ruina
487 1060 627 1110 ipsum
662 1069 758 1097 cum
787 1053 985 1106 cognatis

109 1137 356 1180 oppressum
377 1120 603 1163 interisse!
639 1120 844 1172 Sequitur
867 1117 986 1156 dein·

107 1191 180 1242 de,
212 1189 326 1244 qnod
353 1193 490 1228 artem
519 1185 736 1226 memoriae
756 1181 986 1223 invenerit.

110 1254 208 1296 Hoc
239 1253 353 1294 idem
385 1256 570 1292 testatur
603 1248 897 1292 Quintilianus
934 1246 987 1286 de

110 1318 303 1359 Institut.
325 1317 447 1357 Orat.
476 1315 551 1355 lib.
573 1325 639 1354 xl.
665 1313 738 1353 ubi
757 1313 889 1352 multa
907 1311 991 1351 alia

112 1380 264 1430 tradit,
281 1385 326 1420 et
343 1377 538 1430 inprimis
559 1375 866 1416 dissensionem
897 1385 991 1414 esse

112 1445 226 1485 inter
242 1449 454 1492 auctores,
467 1441 534 1481 cui
552 1451 721 1480 carmen
736 1439 837 1478 illud
858 1439 991 1490 scrip-

115 1512 207 1547 tum
248 1504 396 1551 fuerit,
438 1504 607 1556 Scopae,
647 1515 702 1543 an
742 1503 851 1554 aliis,
889 1514 992 1555 quos

116 1573 434 1619 commemorat,
460 1572 506 1606 et
536 1561 655 1618 cujus
684 1564 815 1606 fuerit
844 1565 992 1605 domus

115 1633 325 1682 Pharsali,
352 1643 404 1671 an
437 1631 610 1682 Scopae.
652 1629 762 1669 Item
789 1629 892 1669 dicit
910 1630 992 1669 sibi

111 1695 247 1737 videri
263 1695 501 1736 fabulosum
521 1693 574 1734 de
587 1693 858 1745 Tyndaridis.
887 1693 991 1734 Sco-

113 1771 189 1812 pas
225 1765 384 1807 autem,
418 1763 468 1799 ut
506 1757 673 1798 Plinius
712 1756 862 1807 refert,
908 1756 992 1797 fuit

110 1823 243 1871 etiam
291 1822 484 1873 sculptor
539 1832 813 1871 marmoreus,
866 1822 989 1874 cujus

109 1896 242 1937 opera
261 1897 373 1937 quae,
402 1889 447 1924 et
475 1883 544 1924 ubi
579 1883 736 1936 Romae,
757 1883 870 1924 idem
898 1884 992 1924 Pli-

109 1949 205 1990 nius
225 1949 369 1989 tradit.
410 1947 560 1988 Oliver.

166 2012 407 2064 Sinwnides]
418 2012 532 2052 Vide
550 2025 678 2064 supra
693 2025 729 2054 c.
743 2017 783 2054 7.
797 2015 897 2054 Ext.
914 2015 989 2067 §3.

169 2075 366 2127 cranone]
394 2076 552 2126 Plinio,
565 2077 748 2128 Galerio,
758 2079 992 2131 Stephano,

111 2138 340 2180 Thessaliae
356 2138 458 2179 urbs
481 2140 522 2179 in
541 2141 703 2192 campis
723 2142 994 2182 pharsalicis.

112 2203 287 2256 Ephyra
314 2202 367 2244 ab
397 2204 587 2244 Homero
617 2205 704 2246 dici
727 2205 878 2247 scribit
896 2206 992 2247 Ste-

111 2268 292 2320 phanus.

170 2329 418 2382 Triennium]
460 2333 599 2372 Locus
630 2332 703 2373 ubi
736 2333 996 2373 convivaba-

113 2396 199 2433 tur.
253 2393 544 2435 Quintilianus
564 2395 742 2448 loquens
759 2396 814 2435 de
833 2396 912 2436 hoc
931 2397 994 2436 Si·

114 2454 302 2502 monide,
321 2457 408 2496 ait:
438 2462 450 2479 ‘
472 2458 558 2497 Vix
586 2471 638 2498 eo
665 2459 791 2498 limen
822 2471 995 2512 egresso

114 2519 345 2560 triclinium
376 2521 481 2562 illud
515 2534 645 2574 super
676 2524 874 2564 convivas
903 2536 996 2564 cor-

115 2581 233 2624 ruit!
259 2584 410 2625 Cicero
430 2598 532 2626 vero
553 2587 737 2627 eundem
751 2588 891 2628 locum
911 2593 994 2627 tra·

115 2646 253 2699 duxit,
271 2648 476 2689 conclave
500 2649 665 2690 diceus.

170 2714 239 2765 §8
265 2711 512 2764 Daphidam]
541 2714 645 2754 Erat
666 2714 996 2770 Grammaticus,

116 2776 188 2830 qni
225 2776 437 2817 mendacii
479 2777 718 2818 Homerum
758 2781 995 2832 accusavit,

117 2840 230 2893 quod
261 2840 374 2881 bello
405 2841 589 2894 Trojano
625 2844 830 2884 militasse
860 2844 995 2883 Athe-

115 2904 286 2944 nienses
321 2904 582 2956 scripsisset.
641 2908 824 2948 Suidas:
869 2907 994 2959 Δαφί-

115 2968 197 3015 aas,
214 2967 467 3018 Τελμισσεὺς,
484 2971 772 3022 γραμματικὸς,
789 2973 996 3024 γεγραφὼς

114 3028 202 3083 περὶ
230 3028 415 3083 Ὀμήρου,
447 3032 511 3070 καὶ
540 3034 612 3079 τῆς
642 3034 761 3075 αὐτοῦ
790 3034 995 3085 ποιήσεως,

119 3094 177 3136 ὅτι
203 3093 407 3147 ἐψεύσατο·
442 3096 630 3147 Ἀθηναῖοι
660 3099 739 3152 γὰρ
757 3101 828 3140 οὐκ
859 3100 995 3153 ἐστρά-

117 3173 261 3200 τευσαν
279 3158 486 3202 ervum.

173 3223 393 3276 Apollinem
411 3225 591 3277 Delphis]
620 3227 732 3267 Vide
751 3240 879 3281 supra
898 3242 995 3281 cap.

122 3290 164 3328 1.
196 3288 220 3340 ς
241 3292 306 3328 19.
327 3294 372 3329 et
391 3302 486 3341 cap.
507 3295 548 3331 6.
578 3293 659 3343 §3-

172 3351 328 3403 Equum
353 3353 548 3405 invenire]
582 3355 689 3396 Haec
709 3361 802 3396 erat
832 3357 998 3397 callidi-

125 3421 272 3468 tamn
297 3419 386 3459 sive
413 3421 696 3471 responderet
726 3422 997 3463 inventurum

123 3479 241 3520 illum
287 3493 440 3535 equum
472 3495 582 3535 esse,
617 3485 706 3525 sive
740 3498 842 3536 non,
880 3486 998 3524 Deus

125 3541 295 3590 omnino
321 3543 491 3586 delusus
522 3558 615 3587 esse
645 3548 879 3599 videretur,
897 3561 996 3588 nam

231 3610 373 3662 Daph.
389 3617 427 3652 et
444 3613 537 3653 Var.
561 3616 665 3655 Clas.

914 3617 1000 3656 Vol.
1023 3617 1140 3657 Max.

1822 276 1930 330 993

1049 416 1086 455 si
1120 413 1429 467 respondisset,
1455 410 1676 469 Invenies,
1709 408 1931 448 existima-

1051 480 1124 519 bat
1143 492 1187 518 se
1208 478 1434 530 decepisse
1452 487 1622 522 numen,
1643 474 1743 527 quia
1763 485 1846 511 non
1869 473 1930 511 iu-

1049 543 1186 584 veniri
1216 543 1365 595 possit,
1397 540 1510 594 quod
1528 552 1613 580 non
1641 538 1696 577 sit
1714 536 1930 576 amissum.

1048 608 1091 647 Si
1109 618 1210 646 vero
1229 606 1411 645 dixisset
1440 617 1522 644 non
1551 604 1842 650 inventurum,
1863 599 1935 638 iti-

1048 673 1144 713 dem
1187 671 1397 711 credebat
1431 682 1557 723 posse
1594 666 1781 716 irrideri,
1818 664 1934 718 quod

1046 738 1140 789 ipse
1174 735 1376 775 videlicet
1406 734 1540 773 sciret
1583 745 1667 772 non
1705 742 1829 783 posse
1869 729 1933 767 in-

1048 801 1212 851 venire,
1233 797 1348 852 quod
1371 810 1450 837 non
1473 796 1679 836 amiserit.
1713 793 1865 834 Oliver.

1102 862 1301 914 sortium]
1334 862 1446 902 Vide
1464 873 1590 911 supra
1614 871 1709 911 cap.
1725 862 1765 898 1.
1787 860 1861 910 §L

1104 929 1256 969 Nomen
1275 930 1361 966 erat
1379 925 1485 977 equi]
1514 923 1659 964 Aliter
1677 923 1834 964 Strabo
1855 921 1931 962 lib.

1051 1005 1152 1034 xlv.
1173 992 1246 1045 qui
1275 995 1463 1030 montem
1495 985 1611 1028 hunc*
1637 1000 1721 1026 non
1751 988 1936 1039 Equum,

1050 1057 1127 1097 sed
1164 1056 1367 1096 Tlioraca
1405 1054 1566 1094 dictum
1599 1050 1732 1091 fuisse
1769 1050 1936 1090 scribit.

1049 1123 1177 1164 Unde
1197 1129 1242 1164 et
1263 1122 1538 1175 proverbium
1554 1116 1933 1170 extitisscffpvadr-

1049 1191 1183 1228 τεσθαι
1198 1186 1270 1226 τὸν
1287 1185 1462 1239 Θώρακα.
1495 1185 1670 1224 valerus.

1107 1255 1130 1304 ξ
1152 1256 1178 1291 9
1209 1249 1447 1301 Pausanias]
1475 1249 1573 1288 Hac
1594 1248 1647 1286 de
1681 1258 1812 1286 causa
1833 1245 1936 1285 dici-

1052 1321 1123 1356 tur
1151 1316 1390 1355 Pausanias
1426 1312 1634 1364 occidisse
1672 1311 1937 1362 Philippum,

1054 1378 1167 1431 quod
1198 1391 1293 1418 cum
1317 1378 1627 1428 interrogasset
1657 1373 1938 1424 Hermodem,

1055 1455 1139 1496 quo
1166 1446 1294 1495 pacto
1325 1442 1405 1482 sibi
1438 1445 1585 1492 posset
1615 1438 1845 1490 gloriosum
1866 1449 1940 1475 no-

1055 1519 1151 1547 men
1173 1516 1437 1558 comparare,
1464 1503 1733 1556 respondisse
1762 1500 1938 1551 dicitur,

1055 1571 1089 1611 si
1105 1571 1236 1610 virum
1255 1569 1555 1610 nobilissimum
1574 1567 1809 1607 occideret.
1837 1565 1937 1605 Hoc

1056 1641 1198 1675 autem
1218 1633 1418 1674 Valerius
1438 1633 1586 1682 sentit,
1605 1631 1680 1672 sed
1701 1631 1939 1672 aliter-Jus-

1054 1700 1193 1748 tinus;
1224 1699 1330 1739 dicit
1345 1698 1458 1738 enim
1473 1696 1586 1750 quod
1602 1696 1829 1746 Philippus
1842 1694 1940 1734 Ma-

1055 1763 1262 1804 cedonum
1296 1763 1389 1801 Rex
1412 1761 1505 1813 jam
1525 1764 1653 1799 aetate
1675 1752 1939 1811 provectiori

1054 1827 1187 1879 Regis
1208 1827 1341 1867 Attali
1366 1837 1570 1877 sororem,
1588 1825 1673 1874 vel,
1696 1828 1744 1863 ut
1765 1824 1941 1862 Plutar-

1053 1891 1157 1931 chus
1194 1890 1313 1941 dicit,
1347 1889 1478 1929 filiam
1511 1890 1781 1940 Cleopatram
1813 1886 1939 1938 virgi-

1053 1968 1148 1995 nem
1177 1954 1428 2007 Olympiadi
1456 1953 1712 2006 superduxit
1730 1963 1936 1999 uxorem;

1057 2019 1168 2071 quod
1183 2019 1355 2072 quidem
1374 2018 1563 2071 graviter
1577 2017 1648 2056 illa
1662 2015 1820 2065 ferens,
1840 2025 1937 2053 cum

1055 2082 1304 2123 Alexandro
1322 2081 1413 2122 filio
1424 2082 1519 2133 jam
1534 2086 1622 2120 tum
1637 2079 1797 2119 dicitur
1811 2077 1940 2116 inisse

1055 2136 1288 2187 consilium⁸
1311 2153 1464 2186 contra
1496 2145 1759 2195 Philippum.
1805 2141 1936 2181 Forte

1054 2211 1117 2250 ita
1135 2209 1307 2259 accidit,
1328 2215 1375 2249 ut
1394 2208 1569 2249 Attalus
1589 2219 1685 2247 cum
1706 2207 1940 2257 Cleopatra

1056 2275 1145 2315 filia
1174 2274 1414 2314 convivium
1451 2273 1705 2318 celebraret,
1735 2270 1791 2310 ad
1825 2268 1938 2322 quod

1057 2338 1312 2378 Pausaniam
1340 2337 1659 2376 adolescentem
1691 2333 1945 2382 invitarunt,

1059 2403 1129 2454 qui
1155 2414 1250 2441 cum
1270 2402 1369 2441 vino
1391 2401 1517 2453 paulo
1550 2399 1712 2451 largius
1731 2398 1938 2437 invitatus

1060 2471 1191 2515 esset,
1222 2478 1272 2505 eo
1304 2465 1491 2516 turpiter
1511 2463 1629 2504 abusi
1649 2467 1749 2502 sunt
1767 2472 1940 2510 omnes3

1058 2529 1309 2569 adolescens
1331 2534 1556 2581 postquam
1571 2526 1767 2578 resipuit,
1782 2530 1828 2565 et
1842 2536 1943 2565 con-

1058 2593 1296 2644 tumeliam,
1315 2605 1440 2645 quam
1458 2604 1536 2643 per
1552 2590 1827 2631 vinolentiam
1848 2600 1944 2640 pas·

1059 2669 1130 2696 sus
1166 2662 1279 2706 erat,
1313 2655 1586 2709 recognovit3
1631 2665 1747 2706 saepe
1785 2652 1840 2692 de
1878 2652 1943 2691 in-

1052 2720 1170 2773 juria
1201 2720 1255 2758 ad
1276 2720 1527 2772 Philippum
1561 2723 1820 2771 conquestus
1850 2722 1915 2756 est
1930 2730 1945 2766 ;‹

1058 2784 1129 2822 ille
1142 2782 1416 2834 jocabundus
1430 2781 1685 2822 Pausaniam
1702 2781 1941 2829 dimittere;

1057 2848 1125 2887 liic
1146 2846 1441 2886 vehementius
1470 2846 1609 2886 indies
1639 2845 1694 2884 de
1721 2857 1772 2884 ea
1799 2857 1845 2883 re
1878 2844 1942 2883 in-

1059 2920 1192 2964 stare,
1212 2925 1371 2965 cupere
1388 2917 1548 2952 tantam
1560 2911 1759 2963 injuriam
1775 2906 1956 2947 ulciscis

1058 2978 1142 3017 Sed
1177 2989 1274 3016 cum
1311 2980 1427 3015 sorte
1462 2973 1647 3027 quadam
1685 2971 1942 3012 occurrisset

1060 3040 1320 3084 Alexander,
1342 3038 1457 3089 apud
1475 3049 1571 3077 eum
1599 3039 1856 3087 conquestus
1877 3036 1943 3071 est

1061 3105 1114 3145 de
1142 3105 1221 3144 liae
1250 3103 1423 3155 injuria.
1482 3102 1561 3141 Ille
1595 3100 1754 3141 dicitur
1785 3098 1943 3137 Graece

1061 3167 1287 3207 iambicum
1321 3178 1488 3206 versum
1511 3163 1826 3217 pronuntiasse,
1846 3171 1962 3198 eum·

1062 3231 1134 3282 qui
1155 3230 1291 3282 dedit,
1326 3242 1421 3269 eum
1447 3230 1526 3282 ,qui
1559 3229 1744 3279 accepit,
1774 3224 1942 3264 seilicet

1063 3292 1278 3344 interfice,
1324 3292 1436 3346 quod
1480 3292 1610 3331 etiam
1646 3289 1809 3329 factum
1848 3291 1945 3336 est;

1062 3369 1159 3397 nam
1176 3363 1437 3408 occupatum
1458 3354 1666 3405 augustiis
1693 3351 1951 3402 Philippum>

1064 3419 1107 3458 in
1130 3420 1313 3459 transitu
1332 3417 1622 3459 obtruncavit.
1669 3415 1737 3454 De
1765 3425 1849 3466 quo
1881 3413 1941 3452 la-

1063 3484 1147 3522 tius
1167 3483 1357 3522 dicemus
1391 3483 1464 3520 lib.
1499 3490 1603 3518 vm.
1623 3489 1717 3528 cap.
1746 3479 1812 3516 14.
1855 3475 1943 3516 Sed

1065 3548 1105 3586 in
1123 3560 1173 3588 eo
1196 3546 1445 3587 miraculum
1463 3543 1557 3594 fuit,
1576 3541 1687 3595 quod
1710 3540 1851 3592 gladio
1873 3552 1943 3580 oc·

1742 3613 1764 3648 3
1797 3609 1836 3649 R
