2288 3990
374 322 515 376 1014

374 455 533 498 tribuni
547 451 897 494 administrabant
909 454 954 489 et
968 449 1237 501 exequeban-

377 526 444 559 tur
465 530 540 570 per
557 523 715 569 partes.
770 515 870 566 Ipse
890 513 1084 553 delectus
1106 512 1238 553 fiebat

373 584 415 623 in
447 581 659 633 Capitolio
689 577 986 629 augustissimo
1021 578 1129 617 loco.
1185 577 1238 616 In

375 657 528 696 campo
565 644 777 683 delectum
814 641 1002 680 habitum
1042 646 1236 694 tanquam

374 720 526 748 novum
547 713 668 747 notat
690 704 942 756 Dionysius:
973 704 1047 744 sed
1080 717 1129 744 eo
1155 703 1239 744 fae-

373 778 479 821 tum,
516 782 599 822 quo
637 768 867 808 tribunitiae
910 767 1238 807 intercessiones

374 836 624 882 vitarentur,
641 831 791 884 quibus
811 831 872 870 ibi
892 842 974 870 non
995 836 1087 870 erat
1106 832 1240 870 locus.

372 897 648 948 Eligebantur
677 907 730 934 ex
758 894 952 934 tribubus
972 899 1016 933 et
1036 893 1239 932 classibus

371 959 500 998 ducta
528 964 661 1007 sorte,
690 957 758 996 vel
777 963 824 996 ut
846 955 1056 996 aemulatio
1074 956 1240 994 tollere·

369 1029 457 1071 tur,
476 1033 536 1061 ne.
549 1022 641 1061 haec
660 1020 722 1060 illi
749 1019 988 1071 posthabita
1007 1018 1243 1069 videretur,

370 1086 440 1125 vel
458 1086 629 1137 querela
648 1084 702 1124 de
723 1095 848 1123 onere
866 1083 1064 1133 oriretur,
1080 1084 1111 1121 si
1128 1080 1238 1122 forte

370 1150 563 1189 delectus
582 1161 665 1189 non
681 1148 763 1187 iret
780 1159 856 1199 per
869 1158 1027 1187 omnes.
1081 1146 1239 1185 Praesi-

371 1212 567 1252 dentibus
594 1212 738 1264 itaque
759 1210 1027 1261 Consulibus,
1055 1209 1239 1248 sedenti-

368 1277 448 1316 bus
482 1277 676 1326 tribunis,
703 1275 838 1315 tribus
859 1279 1010 1314 vocata
1028 1275 1071 1313 in
1092 1281 1238 1314 centu-

370 1340 453 1379 rias
486 1352 581 1379 suas
617 1339 709 1389 ivit,
756 1337 951 1388 exceptis
988 1337 1239 1376 senioribus.

368 1403 434 1442 Ex
467 1402 641 1453 singulis
686 1407 777 1440 tum
813 1400 1036 1450 centuriis,
1089 1404 1134 1439 et
1161 1412 1239 1450 pro

369 1477 498 1505 censu
513 1477 564 1505 ac
579 1465 727 1510 classe,
741 1462 894 1502 milites
911 1462 1033 1502 citati
1050 1462 1240 1502 nomina·

369 1531 460 1571 tim.
515 1530 670 1583 Itaque
703 1529 861 1570 tabulae
895 1527 948 1567 ad
983 1539 1168 1578 manum,
1197 1528 1239 1566 in

368 1594 518 1646 quibus
533 1594 717 1644 nomina,
735 1600 903 1646 aetates,
918 1599 963 1633 et
983 1605 1087 1645 opes
1106 1593 1242 1644 scrip·

369 1662 427 1698 ta.
469 1657 707 1710 Aliquando
725 1658 852 1698 etiam
874 1663 987 1698 sorte
1006 1657 1142 1709 capti,
1174 1668 1239 1696 ra·

370 1733 418 1761 ro
454 1727 611 1772 tamen,
639 1733 717 1761 nec
745 1722 828 1762 nisi
864 1722 908 1761 in
941 1734 987 1761 re
1020 1721 1240 1760 tumultus.

371 1785 485 1827 Quin
517 1791 562 1825 et
587 1786 708 1826 hoste
737 1786 877 1826 vicino
913 1792 986 1825 aut
1016 1786 1241 1838 repentino

371 1849 512 1901 aliquo
550 1850 740 1901 periculo
777 1850 1037 1901 imminente,
1066 1850 1240 1890 militem

370 1911 547 1952 confuse
567 1925 616 1952 ac
637 1913 789 1965 raptim
824 1914 1050 1966 capiebant
1077 1918 1121 1953 et
1143 1913 1243 1953 edu·

370 1975 540 2028 cebant.
597 1977 880 2016 Contumaces
912 1977 977 2017 vel
1002 1977 1044 2016 in
1073 1977 1243 2017 vincula

371 2038 724 2092 conjiciebantur,
772 2041 839 2080 vel
885 2040 1036 2080 damno
1082 2039 1244 2093 affecti,

369 2102 482 2142 bona
536 2114 680 2143 eorum
735 2104 910 2156 direpta
956 2110 1002 2145 et
1052 2105 1242 2154 vendita,

370 2179 669 2222 nonnunquam
690 2170 731 2209 in
751 2171 998 2210 servitutem
1018 2171 1243 2224 rapieban-

371 2238 458 2283 tur,
475 2233 559 2274 imo
574 2233 626 2273 ad
645 2241 840 2275 mortem.
868 2235 978 2287 Lips.

425 2297 448 2348 ς
475 2299 500 2336 2
528 2297 756 2350 Armorum]
828 2299 1019 2350 Contigit
1072 2297 1127 2340 A.
1187 2300 1244 2341 U.

372 2370 594 2400 nextvnr.
623 2361 745 2409 Bello
765 2361 998 2403 Cimbrico.
1026 2363 1138 2403 Vide
1160 2363 1246 2404 An-

371 2423 489 2463 nales
508 2425 648 2476 Pighii
671 2425 713 2464 in
732 2425 883 2465 Scauri
901 2426 1138 2468 AEdilitate.

425 2486 654 2538 Armorum]
700 2489 964 2530 Exercitatio
1007 2495 1051 2531 et
1091 2492 1246 2543 praelu-

374 2549 503 2590 dium.
543 2551 663 2591 Dicit
687 2557 824 2591 autem
847 2565 871 2593 a
890 2554 944 2594 P.
964 2555 1126 2595 Rutilio
1142 2556 1249 2597 hanc

373 2625 591 2653 emanasse
619 2611 902 2668 disciplinam,
927 2622 974 2657 ut
1006 2618 1163 2659 milites
1194 2620 1249 2660 si-

373 2677 564 2716 mulacra
579 2689 730 2729 pugnae
745 2679 939 2731 quaedam
956 2681 1251 2734 instituerent,

377 2745 602 2792 antequam
635 2741 687 2780 ad
725 2754 870 2782 verum
901 2745 1118 2794 pugnandi
1155 2759 1250 2787 cum

371 2802 563 2843 hostibus
579 2810 794 2844 certamen
808 2807 1062 2848 accederent
1083 2824 1093 2850 :
1113 2811 1251 2852 disce·

376 2866 482 2907 bant
510 2873 652 2907 autem
672 2881 697 2907 a
717 2869 928 2920 magistris
965 2873 1250 2923 gladiatorum

375 2935 513 2970 artem
534 2931 697 2971 vitandi
716 2932 827 2972 ictus
864 2941 993 2988 atque
1025 2936 1255 2979 inferendi.

376 2995 559 3046 Legitur
578 2994 632 3034 de
649 2994 731 3034 hoc
751 2996 802 3034 P.
823 2996 1004 3048 Rutilio,
1022 3000 1135 3052 quod
1156 3014 1252 3042 cum

376 3055 514 3098 frater
557 3057 650 3109 ejus
703 3059 977 3101 Consulatum
1024 3064 1254 3115 impetrare

375 3133 461 3160 non
496 3121 723 3173 potuisset,
759 3122 906 3164 dolore
935 3126 1129 3177 perierit.
1187 3130 1256 3170 Ci-

376 3197 477 3225 cero
506 3185 681 3226 Tuscul.
710 3197 773 3227 tv.
822 3188 974 3241 ‘AEgre
1012 3191 1158 3231 tulisse
1198 3193 1252 3233 P.

378 3248 583 3288 Rutilium
595 3247 741 3289 fratris
755 3250 968 3301 repulsam
985 3251 1255 3306 Consulatus,

380 3314 584 3366 scriptum
605 3313 720 3365 apud
742 3314 930 3354 Lamium
958 3322 1052 3366 est;
1081 3318 1156 3358 sed
1194 3324 1256 3359 ta·

378 3390 478 3418 men
499 3378 703 3418 transisse
732 3379 900 3419 modum
922 3380 1111 3432 videtur,
1137 3383 1258 3435 quip-

379 3451 436 3492 pe
457 3442 527 3492 qui
549 3442 601 3480 ob
621 3453 716 3481 eam
735 3450 905 3481 causam
927 3454 951 3482 a
969 3443 1060 3483 vita
1074 3456 1259 3486 recesse-

381 3502 468 3545 rit.'
519 3505 630 3545 Plin.
658 3506 761 3546 Nat.
782 3505 898 3546 Hist.
919 3506 1026 3546 libro
1045 3518 1128 3548 vu.
1173 3513 1186 3535 ‘
1205 3510 1258 3550 P.

384 3566 602 3619 Rutilius‚'
621 3569 772 3621 inquit,
791 3570 803 3592 ‘
821 3569 966 3611 morbo
980 3570 1065 3611 levi
1082 3571 1258 3624 impedi-

949 331 1122 371 NOTAE
1163 330 1496 370 VARIORUM
1538 330 1604 369 IN

1301 454 1386 500 tus,
1416 449 1614 490 nuntiata
1645 447 1790 490 fratris
1811 452 1983 504 repulsa
2002 452 2046 492 in
2066 453 2179 494 Con-

1299 512 1461 551 sulatus
1495 511 1725 564 petitione,
1773 513 1890 555 illico
1935 516 2186 569 expiravitl

1306 574 1457 613 Oliver.
2204 587 2207 589 ·

1352 638 1421 676 Ex
1439 636 1547 687 ludo]
1575 637 1629 678 Id
1645 642 1728 689 est,
1745 638 1890 680 schola
1908 641 2181 691 gladiatoria.

1358 701 1406 739 C.
1420 699 1574 740 Aurelii
1591 701 1752 754 Scauri]
1778 703 1849 744 Sc.
1868 704 2074 745 Lanistae.

1356 765 1598 805 Ductoribus
1638 766 1925 819 gladiatorum]
1981 767 2035 807 In
2076 767 2183 809 urbe

1301 828 1445 880 plures
1465 827 1587 868 fuere
1611 829 1894 879 gladiatorum
1913 830 2018 882 ludi,
2044 832 2182 872 nomi-

1301 891 1424 930 nibus
1453 891 1540 931 suis
1565 892 1658 932 noti
1675 899 1717 931 et
1735 893 1910 932 discreti
1928 907 1941 933 z
1971 900 2019 933 ut
2054 894 2183 935 ludus

1302 955 1508 1004 Gallicus,
1534 955 1738 1006 Dacicus,
1769 956 1976 1007 Magnus,
1992 956 2181 997 Mamer-

1302 1018 1434 1070 tinus,
1479 1018 1737 1068 Matutinus,
1783 1018 1988 1059 AEmilius.
2044 1018 2184 1060 Hisce

1301 1080 1412 1121 ludis
1443 1088 1658 1133 praeerant
1691 1082 1883 1133 lanistas;
1913 1086 2007 1122 tota
2035 1086 2181 1124 antem

1301 1157 1468 1196 manus,
1497 1157 1592 1197 quae
1613 1146 1692 1185 sub
1713 1158 1797 1185 uno
1817 1146 1990 1196 lanista,
2021 1145 2185 1186 familia

1301 1209 1616 1262 appellabatur,
1626 1216 1671 1250 et
1686 1209 1993 1250 cumdicebant
2005 1207 2185 1250 familia

1300 1286 1505 1326 praeesse,
1533 1279 1661 1326 atque
1689 1274 1803 1314 idem
1835 1275 1998 1315 tirones
2021 1274 2066 1314 in
2085 1279 2186 1314 11118

1302 1337 1555 1388 gladiatoria
1571 1337 1851 1378 exercebant.

1356 1402 1378 1453 ξ
1407 1404 1430 1440 3
1468 1399 1657 1452 Velitum]
1701 1400 1844 1440 Prisci
1876 1399 2044 1440 velites
2081 1407 2188 1439 vere

1305 1464 1467 1518 Anippi
1485 1466 1656 1507 dicendi
1673 1471 1788 1515 sunt,
1817 1464 1899 1505 boc
1916 1470 2004 1516 est,
2031 1463 2189 1517 equiti·

1303 1530 1379 1570 bus
1403 1531 1561 1582 juncti.
1617 1530 1679 1570 Ut
1698 1529 1809 1570 enim
1831 1528 2075 1569 desultores
2095 1526 2191 1567 veri

1303 1595 1469 1647 equites
1489 1599 1628 1644 erant,
1645 1593 1718 1646 qui
1742 1593 1796 1633 de
1815 1592 1998 1645 pedibus
2019 1600 2185 1644 pugna·-

1303 1658 1422 1709 bant,
1451 1659 1515 1699 ita
1547 1658 1710 1698 Velites
1731 1656 1820 1697 veri
1848 1655 2019 1709 pedites
2049 1656 2190 1706 erant,

1305 1723 1461 1763 sublati
1484 1722 1688 1763 tamenin
1708 1732 1862 1774 equos,
1888 1726 1938 1760 ut
1967 1719 2189 1772 equitibus

1305 1789 1455 1828 eadem
1476 1788 1701 1828 celeritate
1719 1786 1937 1835 adessent,
1954 1796 2116 1837 eosque
2141 1784 2190 1824 in

1305 1865 1448 1903 pugna
1482 1853 1536 1891 de
1566 1850 1754 1904 *pedibus
1783 1849 2003 1902 juvarent.
2059 1848 2190 1890 Quod

1304 1915 1373 1955 hic
1395 1915 1590 1955 Valerius
1611 1914 1872 1954 subobscure
1887 1911 2019 1952 dicit:
2047 1911 2191 1963 equiti-

1304 1980 1372 2020 bus
1386 1993 1426 2020 se
1434 1980 1622 2031 jungere,
1641 1982 1679 2019 et
1697 1989 1836 2018 rursus
1853 1976 1979 2017 relabi
1991 1989 2009 2024 ,-
2039 1976 2191 2016 Livius

1305 2045 1521 2096 explicate
1540 2043 1713 2096 scripsit
1726 2042 1800 2084 lib.
1823 2048 1956 2083 xxvi.
1985 2040 1999 2062 ‘
2014 2040 2082 2080 Ex
2101 2051 2194 2080 om-

1305 2108 1430 2148 nibus
1465 2107 1701 2160 legionibus
1723 2105 1855 2146 electi
1884 2109 1985 2145 sunt
2003 2104 2191 2157 juvenes

1305 2173 1489 2226 maxime
1518 2172 1665 2223 vigore
1685 2183 1734 2210 ac
1752 2169 1932 2210 levitate
1960 2179 2192 2221 corporum

1306 2237 1491 2287 veloces,
1525 2238 1607 2276 &c.
1644 2247 1719 2275 eos
1756 2234 1945 2286 singulos
1980 2232 2023 2272 in
2059 2244 2194 2285 equos

1308 2313 1405 2340 suos
1444 2299 1710 2352 accipientes
1746 2297 1914 2350 equites
1947 2295 2195 2336 assuefece-

1309 2371 1427 2415 runt‚
1446 2370 1491 2404 et
1511 2364 1607 2404 vehi
1627 2368 1725 2416 post
1743 2374 1808 2414 se,
1840 2365 1886 2402 et
1901 2360 2077 2402 desilire
2095 2371 2194 2413 per-

1309 2429 1482 2480 niciter,
1531 2429 1604 2469 ubi
1651 2428 1818 2480 signum
1855 2425 2002 2467 datum
2052 2424 2199 2466 esset?

1311 2496 1534 2536 Hactenus
1567 2494 1728 2534 Livius.
1782 2492 1923 2543 Igitur
1953 2488 2121 2544 equites
2151 2501 2196 2530 ea

1311 2565 1408 2600 rant
1423 2564 1522 2598 ante
1537 2569 1737 2610 pugnam,
1753 2555 1923 2607 pedites
1941 2555 2196 2607 plerumque

1315 2622 1360 2662 in
1379 2632 1521 2674 pugna
1539 2635 1550 2661 2
1580 2632 1679 2660 nam
1700 2624 1746 2659 et
1764 2630 1818 2658 ex
1839 2617 1963 2670 equis
1982 2628 2197 2670 pugnasse

1313 2685 1511 2734 subinde,
1554 2682 1765 2734 Vegetius
1799 2679 1973 2721 indicat
2013 2680 2089 2721 lib.
2125 2689 2200 2720 111.

1315 2756 1413 2800 cap.
1432 2750 1503 2788 24.
1555 2743 1778 2792 ‘Velites‚'
1808 2744 1964 2797 inquit,
1997 2744 2201 2796 ‘juvenes

1316 2818 1439 2853 erant
1458 2811 1542 2851 levi
1563 2814 1796 2858 armatura,
1832 2818 2011 2859 corpore
2047 2807 2200 2857 alacri,

1295 2913 1298 2915 .
1319 2876 1391 2929 qui
1420 2887 1474 2915 ex
1502 2875 1622 2928 equis
1643 2871 1821 2913 missilia
1855 2870 2020 2923 optime
2039 2869 2199 2921 dirige-

1317 2939 1453 2981 bant.²
1509 2937 1783 2980 Auctoritate
1819 2934 1965 2976 forsan
2000 2934 2203 2987 Dionysii

1318 3006 1412 3045 haec
1450 3004 1627 3057 scripsit
1660 3000 1886 3054 vegetius,
1925 3000 1999 3053 qui
2037 2998 2113 3039 lib.
2143 3009 2201 3039 n.

1317 3079 1416 3120 cap.
1445 3069 1512 3107 11.
1545 3065 1717 3111 scribit,
1749 3076 1803 3104 ex
1837 3062 1955 3116 equis
1988 3073 2202 3114 pugnasse

1317 3132 1508 3182 Celeres,
1525 3130 1598 3170 ubi
1613 3140 1791 3180 campus
1813 3126 1867 3167 ad
1888 3130 2090 3179 equestre
2108 3135 2202 3165 eer-

1318 3198 1458 3234 tamen
1480 3200 1575 3235 erat
1594 3191 1856 3233 commodus.
1902 3190 1974 3230 Ita
1992 3189 2080 3229 ille.
2120 3189 2205 3229 Ce-

1317 3258 1428 3298 leres
1466 3263 1608 3298 autem
1645 3255 1860 3296 velitibus
1912 3253 2048 3294 multo
2103 3257 2203 3292 sunt

1319 3322 1596 3374 antiquiores.
1638 3317 1853 3359 Velitibus
1869 3316 2027 3357 similes
2045 3316 2203 3356 Feren-

1320 3385 1419 3424 tarii
1441 3383 1592 3434 nostri,
1613 3383 1814 3432 Dragons,
1833 3379 1914 3419 nisi
1933 3377 2049 3431 quod
2069 3379 2201 3431 paulo

1321 3447 1448 3486 etiam
1469 3446 1705 3498 digniores3
1734 3444 1896 3496 quippe
1916 3441 1988 3493 qui
2002 3439 2084 3481 soli
2104 3452 2203 3494 pro-

1320 3510 1426 3562 priis
1441 3509 1562 3563 equis
1579 3511 1932 3556 vectantur,cum
1953 3503 2014 3544 illi
2035 3503 2202 3554 alicnis,

1319 3583 1365 3615 et
1399 3580 1499 3627 post
1535 3573 1812 3625 singulorum·
1833 3569 2027 3624 equitum
2065 3574 2205 3620 terga.
