2346 3996
561 292 816 334 VALERu
860 292 1105 332 MAXIMI
1151 293 1270 334 ms.
1303 295 1385 332 v1.
1423 295 1559 334 cAP.
1596 282 1650 333 9.

190 417 476 471 Rheginorum
494 415 662 469 tyranni
673 415 939 468 Leophronis
958 414 1072 454 bello

190 486 506 535 premerentur,
525 481 760 520 Locrenses
782 479 1024 528 voluerunt,
1039 478 1073 517 si

191 547 378 587 victores
397 544 557 595 forent,
590 549 639 584 ut
659 543 728 583 die
761 542 873 583 festo
894 542 1074 582 Veneris

191 610 376 662 virgines
396 602 500 649 vsuas
519 609 841 661 prostituerent,
873 620 954 660 quo
974 612 1076 647 voto

190 673 450 724 intermisso,
480 685 576 712 cum
606 672 790 711 adversa
827 671 942 711 bella
978 683 1074 710 cum

190 737 377 779 Lucanis
398 737 648 790 gessissent,
663 737 706 776 iu
726 735 974 776 concionem
1001 747 1074 774 eos

191 802 426 856 Dionysius
445 810 588 854 vocat,
609 803 803 842 hortatur
821 814 978 841 uxores
997 799 1076 841 fili·

190 881 324 922 asque
345 881 442 908 suas
464 869 505 908 in
529 869 734 920 templum
751 867 935 907 Veneris
949 879 1075 919 qnam

193 933 359 984 possint
379 933 672 973 ornatissimas
687 932 880 983 mittant,
914 945 967 971 ex
988 932 1077 984 qui-

120 1016 123 1017 ⁷
190 997 270 1037 bus
287 1003 462 1038 centum
484 1004 600 1037 sorte
615 997 760 1037 ductae
783 1001 883 1035 voto
904 995 1076 1047 publico

192 1060 444 1114 fungantur,
478 1061 785 1113 religionisque
820 1059 959 1112 gratia
993 1071 1076 1098 uno

193 1131 312 1165 stent
331 1126 373 1170 in
393 1125 588 1178 lupanari
605 1137 766 1171 mense,
787 1124 981 1165 omnibus
1002 1136 1075 1164 au·

194 1195 282 1230 tem
304 1189 478 1242 juratis,
513 1202 566 1230 ne
586 1190 681 1242 quis
709 1190 837 1229 ullam
868 1188 1076 1229 contami-

192 1259 293 1294 net:
314 1266 411 1307 quae
432 1267 501 1294 res
523 1267 577 1294 ne
596 1254 836 1306 virginibus
857 1259 955 1293 voto
974 1253 1074 1293 civi·

193 1322 324 1358 tatem
341 1317 605 1358 solventibus
618 1317 763 1358 fraudi
779 1326 910 1367 esset,
926 1317 1078 1358 decre⁴

194 1388 285 1422 tum
305 1381 519 1433 facerent,
548 1396 602 1423 ne
620 1393 705 1436 qua
725 1383 848 1434 virgo
878 1383 1077 1434 nuberet,

194 1446 439 1499 priusquam
473 1447 558 1486 illae
590 1446 758 1486 maritis
789 1447 1078 1486 traderentur.

193 1507 389 1550 Probato
401 1511 594 1562 consilio,
609 1516 653 1550 et
675 1522 760 1563 quo
779 1509 1080 1562 superstitioni

195 1581 241 1617 et
271 1576 493 1629 pudicitiae
523 1577 734 1628 virginum
765 1575 1082 1627 consulebatur,

195 1641 393 1682 certatim
442 1651 590 1681 omnes
626 1639 811 1680 foemiuae
845 1640 1080 1690 impensius

195 1709 418 1745 exornatae
439 1705 481 1744 in
502 1704 711 1756 templum
728 1704 908 1743 Veneris
927 1715 1082 1743 conve-

193 1769 333 1819 niunt,
353 1781 459 1822 quas
480 1780 639 1819 omnes,
658 1767 857 1807 immissis
875 1767 1080 1807 militibus

194 1828 426 1884 Dionysius
447 1820 620 1884 spoliat,
635 1837 973 1884 ornamentaque
993 1843 1082 1870 ma-

193 1900 413 1935 tronarum
451 1896 494 1935 in
531 1895 724 1948 praedam
762 1907 879 1934 suam
933 1894 1081 1944 vertit,

195 1958 461 2011 quarundam
494 1959 606 1999 viros
642 1958 821 1998 ditiores
858 1957 1081 2006 interficit,

196 2021 402 2075 quasdam
424 2021 478 2062 ad
510 2022 757 2074 prodendas
787 2022 974 2063 virorum
1008 2034 1084 2074 pe·

197 2085 348 2126 eunias
369 2091 558 2140 torquet.
608 2087 715 2127 Cum
735 2086 802 2126 his
822 2087 988 2127 artibus
1007 2100 1085 2140 per

197 2162 330 2191 annos
368 2162 444 2190 sex
483 2156 725 2203 regnasset,
755 2152 1084 2204 conspiratione

197 2213 430 2254 Locrorum
452 2214 632 2255 civitate
653 2216 813 2267 pulsus,
829 2216 873 2254 in
891 2216 1085 2258 Siciliam

196 2275 331 2329 redit,
351 2276 409 2316 ibi
439 2277 670 2330 Syracusas
701 2279 861 2318 securis
889 2280 1085 2321 omnibus

198 2348 298 2395 post
333 2343 506 2395 longam
542 2344 928 2397 intercapedinem,
965 2347 1085 2398 pacis

197 2418 278 2458 per
293 2406 600 2459 conditionem,
616 2408 804 2460 recepit:
826 2409 897 2462 qui
915 2421 1011 2450 cum
1031 2411 1086 2450 ab

198 2471 368 2523 ingenio
416 2484 492 2513 suo
538 2472 764 2514 discedere
797 2487 880 2514 non
920 2482 1086 2527 posset,

198 2546 296 2574 cum
316 2535 486 2588 gravior
513 2535 809 2590 crudeliorque
830 2539 1002 2579 civitati
1022 2551 1087 2578 es-

200 2602 269 2638 set
285 2597 440 2650 indies,
472 2599 632 2640 iterata
653 2602 975 2653 conspiratione
996 2603 1088 2654 pel·

197 2662 326 2712 litur;
346 2663 419 2716 qui
441 2663 609 2704 demum
629 2665 883 2705 Corinthum
901 2678 946 2706 se
966 2678 1086 2706 rece-

198 2726 283 2779 pit,
318 2727 463 2782 ibique
483 2733 597 2769 teste
627 2729 840 2770 Cicerone
859 2731 1087 2772 Tusculan.

200 2789 365 2831 Quaest.
397 2791 474 2832 lib.
506 2803 578 2834 111.
609 2800 763 2846 aperto
791 2795 895 2835 ludo
932 2808 1087 2847 pueros

201 2852 366 2906 docuit,
405 2856 553 2909 sicque
594 2857 779 2910 imperio
819 2870 967 2899 carere
1003 2871 1087 2900 non

199 2919 359 2972 potuit.
392 2921 499 2962 oliv.
551 2921 665 2961 Vide
685 2935 828 2975 supra.

255 2985 323 3036 §⁷
351 2983 539 3036 Sequitur
569 2986 671 3026 hunc
706 2986 899 3039 Syphax]
926 2987 1092 3041 Scipio,

201 3058 297 3087 cum
319 3047 506 3099 agitaret
523 3049 664 3088 animo
686 3049 997 3103 Carthaginem
1027 3052 1091 3092 in-

200 3108 360 3150 vadere
380 3123 476 3151 cum
496 3112 708 3164 exercitu,
736 3113 1006 3165 intelligebat
1035 3117 1088 3155 ad

201 3172 428 3214 victoriam
466 3176 509 3216 in
556 3177 754 3229 Syphace
802 3178 1089 3219 Numidarum

202 3248 304 3289 rege
323 3239 552 3291 plurimum
571 3242 776 3281 momenti
803 3254 898 3282 esse
928 3243 1091 3295 reposi-

205 3304 311 3342 tum.
370 3302 526 3357 Itaque
567 3306 780 3358 optimum
822 3312 940 3346 ratus
976 3306 1090 3348 hunc

205 3374 349 3415 regem
370 3367 551 3408 amicum
568 3368 714 3410 facere
731 3382 833 3422 pop.
853 3371 978 3410 Rom.
993 3383 1089 3410 cum

206 3426 333 3466 aliter
349 3440 433 3469 non
454 3437 614 3483 posset,
644 3445 799 3483 magno
828 3434 958 3473 etiam
979 3434 1092 3486 peri-

207 3490 304 3530 culo
322 3502 411 3531 rem
432 3503 636 3545 aggresus
656 3502 735 3537 est.
778 3497 965 3537 Relictis
981 3498 1092 3537 enim

207 3554 380 3605 castris,
398 3555 492 3608 ipse
508 3569 605 3599 cum
629 3559 767 3601 Laelio
786 3561 950 3601 duabus
970 3561 1092 3613 qnin-

315 3622 522 3676 Βάρκα
549 3625 644 3668 Var.
664 3628 770 3667 Clas.

1034 3627 1121 3666 Vaz.
1143 3628 1259 3667 Max.

1875 282 2027 336 1249·

1137 416 1412 468 queremibus
1442 429 1522 468 per
1553 416 1724 457 hostilia
1752 417 1850 457 loca
1879 417 1931 456 ad
1953 429 2019 457 re-

1137 491 1231 530 gem
1253 479 1473 532 profectus
1494 487 1574 521 est.
1603 481 1734 520 Forte
1754 481 1816 520 ita
1834 480 2016 531 accidit,

1138 550 1185 581 ut
1215 554 1266 582 eo
1284 544 1376 595 ipso
1406 549 1606 595 tempore
1625 542 1861 593 Asdrubal,
1884 555 1908 582 a
1928 543 2019 583 Sci-

1138 606 1268 657 pione
1306 607 1434 658 paulo
1470 612 1570 647 ante
1606 608 1752 659 pulsus
1793 607 2022 658 Hispania,

1139 674 1306 721 septem
1328 671 1573 712 triremibus
1594 672 1647 712 ad
1668 671 1851 712 eundem
1874 683 2022 724 regem

1140 745 1260 773 suum
1281 732 1446 774 faceret
1467 748 1654 787 cursum,
1680 741 1726 776 et
1744 736 1896 776 eadem
1918 737 2028 776 hora.

1142 804 1323 851 uterque
1354 798 1597 850 Imperator
1629 808 1801 852 portum
1833 801 2022 853 ingredi-

1140 869 1226 912 tur,
1253 874 1350 902 cum
1370 875 1525 915 magno
1546 870 1689 904 tamen
1710 865 1920 918 Scipionis
1938 867 2025 906 dis-

1140 925 1332 966 crimine.
1372 927 1485 966 Nam
1503 940 1651 979 parum
1670 928 1825 981 abfuit,
1843 931 1944 983 quin
1962 930 2027 970 in·

1141 991 1430 1041 terciperetur
1466 991 1519 1031 ab
1559 992 1777 1043 hostibus3
1821 994 1896 1033 sed
1926 995 2027 1047 quia

1141 1054 1261 1106 prius
1281 1066 1404 1107 quam
1438 1055 1562 1095 Poeni
1590 1058 1796 1097 anchoras
1823 1059 2028 1098 moliren-

1141 1125 1228 1171 tur,
1250 1119 1432 1159 Romani
1465 1121 1655 1161 secundo
1688 1128 1818 1162 vento
1852 1130 2027 1175 portum

1141 1189 1393 1235 tenuerunt,
1430 1197 1514 1236 non
1550 1192 1649 1225 sunt
1681 1186 1770 1226 ausi
1803 1187 1950 1228 hostes
1985 1188 2027 1228 in

1141 1248 1263 1298 regio
1279 1252 1405 1299 portu
1423 1250 1630 1290 tumultus
1648 1257 1722 1290 aut
1741 1264 1894 1303 pugnae
1913 1253 2030 1305 quic·

1142 1323 1268 1364 quam
1289 1311 1422 1353 ciere.
1470 1313 1539 1353 Ad
1562 1326 1707 1366 regem
1724 1315 1859 1367 igitur
1879 1330 2027 1358 omnes

1143 1373 1326 1426 profecti
1346 1380 1459 1417 sunt.
1498 1377 1777 1428 Magnificum
1799 1380 1842 1420 id
1861 1381 2029 1433 Sypha·

1143 1439 1199 1489 ci,
1219 1450 1298 1479 nec
1314 1447 1407 1479 erat
1421 1441 1563 1493 aliter,
1583 1442 1734 1495 visum,
1757 1444 1937 1485 duorum
1952 1459 2028 1498 po—

1144 1504 1480 1546 tentissimorum
1518 1507 1561 1546 iu
1594 1508 1723 1548 terris
1772 1512 2028 1562 populorum

1145 1567 1277 1608 duces
1299 1581 1382 1609 uno
1404 1570 1472 1610 die
1506 1583 1623 1611 suam
1659 1585 1808 1625 pacem
1844 1576 2030 1616 amiciti·

1146 1645 1300 1685 amque
1332 1638 1530 1684 petentes
1570 1635 1624 1674 ad
1668 1649 1714 1676 se
1751 1638 1946 1688 venisse3
1982 1645 2031 1680 et

1147 1696 1349 1748 quoniam
1368 1695 1457 1736 fors
1477 1709 1548 1736 eos
1568 1699 1645 1738 sub
1667 1712 1752 1739 uno
1773 1706 1889 1741 tecto
1920 1715 2031 1754 esse,

1145 1764 1275 1813 atque
1306 1761 1359 1800 ad
1393 1762 1566 1802 eosdem
1601 1770 1780 1815 penates
1809 1767 2032 1819 voluisset,

1147 1825 1403 1865 contrahere
1425 1826 1477 1866 ad
1498 1827 1754 1880 colloquium
1772 1829 2030 1871 dirimenda·

1147 1902 1239 1930 rum
1275 1891 1541 1932 simultatum
1579 1906 1711 1933 causa
1742 1901 1808 1934 est
1839 1902 2034 1947 conatus,

1146 1953 1348 2006 Scipione
1381 1955 1612 2009 abnuente,
1629 1964 1703 1998 aut
1723 1959 1925 2011 privatim
1952 1961 2034 2001 sibi

1147 2029 1243 2057 cum
1265 2019 1401 2059 Poeno
1434 2020 1578 2060 odium
1613 2033 1724 2074 esse,
1756 2024 1867 2076 quod
1902 2024 2035 2065 cono-

1150 2082 1320 2134 quendo
1367 2083 1530 2136 finiret,
1576 2092 1650 2126 aut
1690 2087 1743 2127 de
1777 2089 1945 2141 republ.
1985 2102 2032 2130 se

1149 2147 1378 2199 quicquam
1398 2161 1494 2188 cum
1513 2149 1638 2191 hoste
1658 2150 1822 2202 injussu
1850 2153 2033 2193 Senatus

1150 2222 1277 2262 agere.
1299 2223 1440 2262 posse.
1496 2213 1608 2253 Illud
1643 2226 1908 2268 magnopere
1941 2223 2034 2257 ten-

1151 2279 1272 2315 tante
1293 2288 1410 2328 rege,
1443 2289 1497 2316 ne
1519 2278 1630 2317 alter
1649 2279 1865 2331 hospitum
1887 2281 2034 2320 exclu-

1151 2350 1219 2377 sus
1241 2351 1387 2379 mensa
1408 2340 1646 2392 videretur,
1666 2342 1719 2381 ad
1739 2343 1910 2383 easdem
1930 2357 2033 2396 epu-

1149 2401 1213 2439 las
1241 2403 1389 2441 venire
1407 2414 1503 2442 cum
1525 2402 1763 2444 Asdrubale
1780 2406 1927 2458 Scipio
1947 2419 2033 2446 non

1150 2467 1387 2517 recusavit,
1422 2473 1722 2521 coenatumque
1758 2469 1883 2509 simul
1917 2470 2032 2523 apud

1151 2541 1294 2581 regem
1317 2537 1398 2581 est,
1424 2537 1467 2571 et
1493 2532 1645 2572 eodem
1668 2533 1782 2573 lecto
1803 2534 1950 2586 Scipio
1971 2540 2036 2574 at-

1151 2608 1232 2648 que
1252 2594 1485 2645 Asdrubal,
1500 2597 1598 2648 quia
1610 2597 1674 2637 ita
1686 2598 1775 2648 regi
1794 2598 1912 2637 cordi
1928 2602 2037 2650 erat,

1151 2659 1460 2700 accubuerunt.
1488 2661 1610 2700 Tunc
1621 2662 1767 2714 Scipio
1784 2674 1930 2715 regem
1947 2663 2032 2705 elo-

1153 2723 1329 2775 quentia
1345 2735 1422 2762 sua
1439 2724 1572 2765 traxit
1592 2724 1633 2763 in
1654 2724 1884 2765 amicitiam
1902 2738 2035 2777 popu-

1153 2787 1180 2825 li
1202 2787 1409 2836 Romani;
1438 2787 1513 2827 sed
1538 2790 1664 2839 paulo
1686 2795 1800 2840 post,
1827 2789 2034 2829 sollicita-

1155 2858 1222 2891 tus
1256 2863 1279 2890 a
1310 2852 1730 2904 Carthaginiensibus
1759 2865 1837 2905 per
1864 2854 2035 2904 nuptia·

1153 2930 1246 2957 rum
1267 2919 1535 2958 occasionem
1559 2910 1872 2959 formosissimae
1899 2918 2036 2958 foemi-

1153 2994 1220 3022 nae
1242 2981 1494 3022 Asdrubalis
1513 2981 1629 3034 filiae,
1648 2982 1812 3023 defecit
1838 2995 1863 3022 a
1883 2983 2036 3023 Roma-

1155 3046 1237 3096 nis,
1269 3053 1313 3085 et
1346 3046 1762 3097 Carthaginiensium
1784 3058 1901 3086 arma
1919 3058 2036 3085 secu-

1154 3115 1242 3159 tus,
1260 3109 1382 3149 brevi
1413 3115 1607 3162 tempore
1630 3123 1654 3149 a
1675 3109 1807 3149 Laelio
1837 3115 1882 3148 et
1905 3108 2035 3146 Masi-

1153 3175 1267 3214 nissa
1286 3181 1441 3227 captus
1462 3175 1515 3214 ad
1537 3175 1780 3228 Scipionem
1807 3181 2033 3213 catenatus

1153 3238 1309 3278 ductus
1346 3243 1430 3287 est,
1469 3251 1593 3291 quem
1631 3239 1795 3290 Scipio,
1850 3237 2032 3276 devictis

1155 3302 1600 3354 Carthaginiensibus,
1637 3307 1790 3354 postea
1833 3299 1958 3339 duxit
1989 3299 2032 3338 in

1153 3366 1430 3418 triumphum.
1486 3366 1614 3405 Unde
1646 3363 1870 3406 ,luvenalis
1897 3363 1938 3401 in
1957 3362 2034 3402 Sa·

1154 3435 1248 3480 tyra
1269 3441 1334 3469 vt.
1355 3430 1490 3469 dicit:
1518 3430 1530 3450 ‘
1546 3428 1663 3467 Tolle
1696 3433 1831 3476 tuum,
1863 3437 2033 3478 precor,

1157 3493 1424 3544 Annibalem,
1441 3493 1690 3543 victumque
1711 3491 1953 3542 Syphacem
1980 3490 2034 3529 In

1154 3560 1324 3609 castris,
1344 3565 1389 3598 et
1408 3569 1503 3599 cum
1537 3560 1631 3596 tota
1662 3554 1924 3606 Carthagine
1956 3554 2036 3594 mi·

1828 3622 1924 3671 43<
