<?xml version="1.0" encoding="UTF-8"?>
<!DOCTYPE html PUBLIC "-//W3C//DTD XHTML 1.0 Transitional//EN"
    "http://www.w3.org/TR/xhtml1/DTD/xhtml1-transitional.dtd">
<html xmlns="http://www.w3.org/1999/xhtml" xml:lang="en" lang="en">
 <head>
  <title>
</title>
<meta http-equiv="Content-Type" content="text/html;charset=utf-8" />
  <meta name='ocr-system' content='tesseract 3.04.00' />
  <meta name='ocr-capabilities' content='ocr_page ocr_carea ocr_par ocr_line ocrx_word'/>
</head>
<body>
  <div class='ocr_page' id='page_1' title='image "./factorumdictorum03valeuoft_0395.png"; bbox 0 0 2346 3996; ppageno 0'>
   <div class='ocr_carea' id='block_1_1' title="bbox 594 280 1733 338">
    <p class='ocr_par' dir='ltr' id='par_1_1' title="bbox 594 280 1733 338">
     <span class='ocr_line' id='line_1_1' title="bbox 594 280 1733 338; baseline -0.004 -2"><span class='ocrx_word' id='word_1_1' title='bbox 594 295 856 338; x_wconf 71' lang='lat' dir='ltr'><strong>VAnuRn</strong></span> <span class='ocrx_word' id='word_1_2' title='bbox 899 293 1142 333; x_wconf 73' lang='lat' dir='ltr'>MAX1MI</span> <span class='ocrx_word' id='word_1_3' title='bbox 1189 294 1306 334; x_wconf 77' lang='lat' dir='ltr'><strong>ms.</strong></span> <span class='ocrx_word' id='word_1_4' title='bbox 1346 293 1479 334; x_wconf 83' lang='lat' dir='ltr'><strong>vm.</strong></span> <span class='ocrx_word' id='word_1_5' title='bbox 1521 280 1733 334; x_wconf 80' lang='grc' dir='ltr'><strong>οΛΡ.7.</strong></span> 
     </span>
    </p>
   </div>
   <div class='ocr_carea' id='block_1_2' title="bbox 242 412 1142 3600">
    <p class='ocr_par' dir='ltr' id='par_1_2' title="bbox 251 412 1138 780">
     <span class='ocr_line' id='line_1_2' title="bbox 311 412 1131 468; baseline -0.013 -5"><span class='ocrx_word' id='word_1_6' title='bbox 311 423 359 463; x_wconf 86' lang='lat' dir='ltr'><strong>In</strong></span> <span class='ocrx_word' id='word_1_7' title='bbox 381 419 540 461; x_wconf 75' lang='lat' dir='ltr'><strong>Italiam</strong></span> <span class='ocrx_word' id='word_1_8' title='bbox 570 413 878 468; x_wconf 67' lang='lat' dir='ltr'><strong>transgressum]</strong></span> <span class='ocrx_word' id='word_1_9' title='bbox 910 412 1131 454; x_wconf 63' lang='lat' dir='ltr'><strong>Laertius:</strong></span> 
     </span>
     <span class='ocr_line' id='line_1_3' title="bbox 255 477 1135 530; baseline -0.015 -1"><span class='ocrx_word' id='word_1_10' title='bbox 255 488 396 529; x_wconf 81' lang='lat' dir='ltr'><strong>Cicer.</strong></span> <span class='ocrx_word' id='word_1_11' title='bbox 417 486 470 525; x_wconf 92' lang='lat' dir='ltr'><strong>de</strong></span> <span class='ocrx_word' id='word_1_12' title='bbox 489 485 643 524; x_wconf 74' lang='lat' dir='ltr'><strong>Senec.</strong></span> <span class='ocrx_word' id='word_1_13' title='bbox 701 481 823 521; x_wconf 89' lang='lat' dir='ltr'>Idem</span> <span class='ocrx_word' id='word_1_14' title='bbox 859 479 914 518; x_wconf 87' lang='lat' dir='ltr'><strong>de</strong></span> <span class='ocrx_word' id='word_1_15' title='bbox 944 477 1135 530; x_wconf 84' lang='lat' dir='ltr'><strong>Republ.</strong></span> 
     </span>
     <span class='ocr_line' id='line_1_4' title="bbox 254 539 1135 594; baseline -0.014 -4"><span class='ocrx_word' id='word_1_16' title='bbox 254 549 341 590; x_wconf 91' lang='lat' dir='ltr'><strong>Sed</strong></span> <span class='ocrx_word' id='word_1_17' title='bbox 361 547 531 589; x_wconf 83' lang='lat' dir='ltr'>audisse</span> <span class='ocrx_word' id='word_1_18' title='bbox 555 550 599 585; x_wconf 89' lang='lat' dir='ltr'><strong>te</strong></span> <span class='ocrx_word' id='word_1_19' title='bbox 618 543 765 594; x_wconf 81' lang='lat' dir='ltr'><strong>credo,</strong></span> <span class='ocrx_word' id='word_1_20' title='bbox 784 547 872 582; x_wconf 90' lang='lat' dir='ltr'><strong>tum</strong></span> <span class='ocrx_word' id='word_1_21' title='bbox 902 552 1004 581; x_wconf 78' lang='lat' dir='ltr'><strong>vero</strong></span> <span class='ocrx_word' id='word_1_22' title='bbox 1034 539 1135 579; x_wconf 87' lang='lat' dir='ltr'><strong>Pla-</strong></span> 
     </span>
     <span class='ocr_line' id='line_1_5' title="bbox 255 602 1138 662; baseline -0.012 -10"><span class='ocrx_word' id='word_1_23' title='bbox 255 619 416 662; x_wconf 81' lang='lat' dir='ltr'><strong>tonem,</strong></span> <span class='ocrx_word' id='word_1_24' title='bbox 451 609 630 649; x_wconf 88' lang='lat' dir='ltr'><strong>Socrate</strong></span> <span class='ocrx_word' id='word_1_25' title='bbox 662 611 848 654; x_wconf 87' lang='lat' dir='ltr'><strong>mortuo,</strong></span> <span class='ocrx_word' id='word_1_26' title='bbox 881 604 1062 656; x_wconf 85' lang='lat' dir='ltr'><strong>primum</strong></span> <span class='ocrx_word' id='word_1_27' title='bbox 1093 602 1138 641; x_wconf 90' lang='lat' dir='ltr'><strong>in</strong></span> 
     </span>
     <span class='ocr_line' id='line_1_6' title="bbox 251 666 1136 727; baseline -0.011 -11"><span class='ocrx_word' id='word_1_28' title='bbox 251 675 483 727; x_wconf 84' lang='lat' dir='ltr'><strong>AEgyptnm</strong></span> <span class='ocrx_word' id='word_1_29' title='bbox 525 669 717 711; x_wconf 87' lang='lat' dir='ltr'><strong>discendi</strong></span> <span class='ocrx_word' id='word_1_30' title='bbox 761 681 908 721; x_wconf 85' lang='lat' dir='ltr'><strong>causa,</strong></span> <span class='ocrx_word' id='word_1_31' title='bbox 956 672 1056 720; x_wconf 84' lang='lat' dir='ltr'><strong>post</strong></span> <span class='ocrx_word' id='word_1_32' title='bbox 1092 666 1136 706; x_wconf 88' lang='lat' dir='ltr'><strong>iu</strong></span> 
     </span>
     <span class='ocr_line' id='line_1_7' title="bbox 253 734 884 780; baseline -0.01 -2"><span class='ocrx_word' id='word_1_33' title='bbox 253 737 424 780; x_wconf 73' lang='lat' dir='ltr'><strong>Italiam</strong></span> <span class='ocrx_word' id='word_1_34' title='bbox 445 734 731 776; x_wconf 79' lang='lat' dir='ltr'><strong>contendisse.</strong></span> <span class='ocrx_word' id='word_1_35' title='bbox 755 734 884 774; x_wconf 79' lang='lat' dir='ltr'><strong>Coler.</strong></span> 
     </span>
    </p>

    <p class='ocr_par' dir='ltr' id='par_1_3' title="bbox 251 794 1141 1621">
     <span class='ocr_line' id='line_1_8' title="bbox 305 794 1139 851; baseline -0.008 -11"><span class='ocrx_word' id='word_1_36' title='bbox 305 800 343 840; x_wconf 80' lang='lat' dir='ltr'><strong><em>A</em></strong></span> <span class='ocrx_word' id='word_1_37' title='bbox 366 799 529 851; x_wconf 82' lang='lat' dir='ltr'><strong>Timceo‚</strong></span> <span class='ocrx_word' id='word_1_38' title='bbox 547 801 585 838; x_wconf 82' lang='lat' dir='ltr'><strong>et</strong></span> <span class='ocrx_word' id='word_1_39' title='bbox 605 797 769 849; x_wconf 75' lang='lat' dir='ltr'><strong>Arione,</strong></span> <span class='ocrx_word' id='word_1_40' title='bbox 798 799 838 836; x_wconf 82' lang='lat' dir='ltr'><strong>et</strong></span> <span class='ocrx_word' id='word_1_41' title='bbox 867 796 979 835; x_wconf 81' lang='lat' dir='ltr'><strong>Coeto</strong></span> <span class='ocrx_word' id='word_1_42' title='bbox 998 794 1139 834; x_wconf 74' lang='lat' dir='ltr'><strong>Locris</strong></span> 
     </span>
     <span class='ocr_line' id='line_1_9' title="bbox 252 859 1140 918; baseline -0.009 -12"><span class='ocrx_word' id='word_1_43' title='bbox 252 864 499 918; x_wconf 60' lang='lat' dir='ltr'><strong>Pythagorea</strong></span> <span class='ocrx_word' id='word_1_44' title='bbox 529 867 727 916; x_wconf 81' lang='lat' dir='ltr'><strong>praecepta</strong></span> <span class='ocrx_word' id='word_1_45' title='bbox 763 860 974 913; x_wconf 80' lang='lat' dir='ltr'><strong>acciperet]</strong></span> <span class='ocrx_word' id='word_1_46' title='bbox 1008 859 1140 900; x_wconf 82' lang='lat' dir='ltr'><strong>Theo-</strong></span> 
     </span>
     <span class='ocr_line' id='line_1_10' title="bbox 253 924 1138 978; baseline -0.006 -10"><span class='ocrx_word' id='word_1_47' title='bbox 253 927 382 968; x_wconf 88' lang='lat' dir='ltr'><strong>dorus</strong></span> <span class='ocrx_word' id='word_1_48' title='bbox 426 928 638 968; x_wconf 84' lang='lat' dir='ltr'><strong>Cauterus</strong></span> <span class='ocrx_word' id='word_1_49' title='bbox 681 937 759 977; x_wconf 87' lang='lat' dir='ltr'><strong>per</strong></span> <span class='ocrx_word' id='word_1_50' title='bbox 799 924 1026 978; x_wconf 87' lang='lat' dir='ltr'><strong>epistolam</strong></span> <span class='ocrx_word' id='word_1_51' title='bbox 1069 935 1138 963; x_wconf 90' lang='lat' dir='ltr'><strong>me</strong></span> 
     </span>
     <span class='ocr_line' id='line_1_11' title="bbox 253 986 1141 1042; baseline -0.007 -10"><span class='ocrx_word' id='word_1_52' title='bbox 253 991 432 1042; x_wconf 89' lang='lat' dir='ltr'><strong>monuit,</strong></span> <span class='ocrx_word' id='word_1_53' title='bbox 451 990 694 1042; x_wconf 79' lang='lat' dir='ltr'>repperisse</span> <span class='ocrx_word' id='word_1_54' title='bbox 715 1002 761 1030; x_wconf 86' lang='lat' dir='ltr'><strong>se</strong></span> <span class='ocrx_word' id='word_1_55' title='bbox 781 989 824 1029; x_wconf 90' lang='lat' dir='ltr'><strong>in</strong></span> <span class='ocrx_word' id='word_1_56' title='bbox 854 987 995 1028; x_wconf 82' lang='lat' dir='ltr'><strong>veteri</strong></span> <span class='ocrx_word' id='word_1_57' title='bbox 1014 986 1141 1040; x_wconf 87' lang='lat' dir='ltr'><strong>libro,</strong></span> 
     </span>
     <span class='ocr_line' id='line_1_12' title="bbox 253 1054 1138 1106; baseline -0.006 -10"><span class='ocrx_word' id='word_1_58' title='bbox 253 1055 406 1096; x_wconf 73' lang='lat' dir='ltr'><strong>Arione</strong></span> <span class='ocrx_word' id='word_1_59' title='bbox 437 1059 476 1095; x_wconf 84' lang='lat' dir='ltr'><strong>et</strong></span> <span class='ocrx_word' id='word_1_60' title='bbox 511 1055 735 1094; x_wconf 73' lang='lat' dir='ltr'><strong>Ethecrate.</strong></span> <span class='ocrx_word' id='word_1_61' title='bbox 793 1054 861 1094; x_wconf 83' lang='lat' dir='ltr'><strong>Ex</strong></span> <span class='ocrx_word' id='word_1_62' title='bbox 890 1065 974 1106; x_wconf 90' lang='lat' dir='ltr'><strong>quo</strong></span> <span class='ocrx_word' id='word_1_63' title='bbox 1007 1064 1138 1104; x_wconf 87' lang='lat' dir='ltr'><strong>appo-</strong></span> 
     </span>
     <span class='ocr_line' id='line_1_13' title="bbox 257 1118 1141 1172; baseline -0.005 -11"><span class='ocrx_word' id='word_1_64' title='bbox 257 1120 340 1161; x_wconf 82' lang='lat' dir='ltr'><strong>site</strong></span> <span class='ocrx_word' id='word_1_65' title='bbox 365 1118 485 1172; x_wconf 87' lang='lat' dir='ltr'><strong>facit,</strong></span> <span class='ocrx_word' id='word_1_66' title='bbox 507 1119 736 1159; x_wconf 80' lang='lat' dir='ltr'><strong><em>Echecrate.</em></strong></span> <span class='ocrx_word' id='word_1_67' title='bbox 793 1118 907 1159; x_wconf 88' lang='lat' dir='ltr'><strong>Nam</strong></span> <span class='ocrx_word' id='word_1_68' title='bbox 930 1118 1034 1158; x_wconf 77' lang='lat' dir='ltr'><strong>Coeti</strong></span> <span class='ocrx_word' id='word_1_69' title='bbox 1054 1118 1141 1170; x_wconf 83' lang='lat' dir='ltr'><strong>Py-</strong></span> 
     </span>
     <span class='ocr_line' id='line_1_14' title="bbox 252 1181 1138 1237; baseline -0.006 -11"><span class='ocrx_word' id='word_1_70' title='bbox 252 1183 460 1237; x_wconf 78' lang='lat' dir='ltr'><strong>thagoraei</strong></span> <span class='ocrx_word' id='word_1_71' title='bbox 506 1184 670 1225; x_wconf 89' lang='lat' dir='ltr'><strong>mentio</strong></span> <span class='ocrx_word' id='word_1_72' title='bbox 711 1193 940 1236; x_wconf 83' lang='lat' dir='ltr'><strong>nusquam,</strong></span> <span class='ocrx_word' id='word_1_73' title='bbox 974 1194 1056 1223; x_wconf 87' lang='lat' dir='ltr'><strong>nec</strong></span> <span class='ocrx_word' id='word_1_74' title='bbox 1093 1181 1138 1222; x_wconf 88' lang='lat' dir='ltr'><strong>in</strong></span> 
     </span>
     <span class='ocr_line' id='line_1_15' title="bbox 251 1240 1141 1300; baseline -0.004 -10"><span class='ocrx_word' id='word_1_75' title='bbox 251 1246 481 1291; x_wconf 85' lang='lat' dir='ltr'><strong>Jamblichi</strong></span> <span class='ocrx_word' id='word_1_76' title='bbox 515 1240 688 1300; x_wconf 76' lang='lat' dir='ltr'><strong>quideui</strong></span> <span class='ocrx_word' id='word_1_77' title='bbox 710 1248 934 1300; x_wconf 88' lang='lat' dir='ltr'><strong>Catalogo.</strong></span> <span class='ocrx_word' id='word_1_78' title='bbox 994 1245 1056 1286; x_wconf 88' lang='lat' dir='ltr'><strong>At</strong></span> <span class='ocrx_word' id='word_1_79' title='bbox 1083 1247 1141 1286; x_wconf 87' lang='lat' dir='ltr'><strong>E-</strong></span> 
     </span>
     <span class='ocr_line' id='line_1_16' title="bbox 251 1310 1140 1352; baseline -0.001 -1"><span class='ocrx_word' id='word_1_80' title='bbox 251 1311 444 1352; x_wconf 64' lang='lat' dir='ltr'><strong>claeon-atis</strong></span> <span class='ocrx_word' id='word_1_81' title='bbox 479 1310 610 1352; x_wconf 87' lang='lat' dir='ltr'><strong>etiam</strong></span> <span class='ocrx_word' id='word_1_82' title='bbox 654 1312 811 1352; x_wconf 90' lang='lat' dir='ltr'><strong>Cicero</strong></span> <span class='ocrx_word' id='word_1_83' title='bbox 847 1310 1045 1352; x_wconf 82' lang='lat' dir='ltr'><strong>meminit</strong></span> <span class='ocrx_word' id='word_1_84' title='bbox 1085 1310 1140 1350; x_wconf 91' lang='lat' dir='ltr'><strong>de</strong></span> 
     </span>
     <span class='ocr_line' id='line_1_17' title="bbox 252 1374 1141 1429; baseline -0.002 -13"><span class='ocrx_word' id='word_1_85' title='bbox 252 1375 429 1418; x_wconf 77' lang='lat' dir='ltr'>Finibus</span> <span class='ocrx_word' id='word_1_86' title='bbox 461 1375 536 1416; x_wconf 92' lang='lat' dir='ltr'><strong>lib.</strong></span> <span class='ocrx_word' id='word_1_87' title='bbox 573 1388 612 1418; x_wconf 94' lang='lat' dir='ltr'><strong>v.</strong></span> <span class='ocrx_word' id='word_1_88' title='bbox 649 1375 724 1416; x_wconf 88' lang='lat' dir='ltr'><strong>ubi</strong></span> <span class='ocrx_word' id='word_1_89' title='bbox 763 1387 888 1429; x_wconf 82' lang='lat' dir='ltr'><strong>paene</strong></span> <span class='ocrx_word' id='word_1_90' title='bbox 925 1375 1020 1415; x_wconf 84' lang='lat' dir='ltr'><strong>haec</strong></span> <span class='ocrx_word' id='word_1_91' title='bbox 1050 1374 1141 1427; x_wconf 89' lang='lat' dir='ltr'><strong>ipsa</strong></span> 
     </span>
     <span class='ocr_line' id='line_1_18' title="bbox 253 1438 1140 1492; baseline -0.005 -11"><span class='ocrx_word' id='word_1_92' title='bbox 253 1440 512 1481; x_wconf 86' lang='lat' dir='ltr'><strong>Valeriana:</strong></span> <span class='ocrx_word' id='word_1_93' title='bbox 543 1439 557 1464; x_wconf 88' lang='lat'>‘</span> <span class='ocrx_word' id='word_1_94' title='bbox 575 1441 664 1482; x_wconf 89' lang='lat' dir='ltr'><strong>Cur</strong></span> <span class='ocrx_word' id='word_1_95' title='bbox 690 1439 743 1480; x_wconf 87' lang='lat' dir='ltr'><strong>ad</strong></span> <span class='ocrx_word' id='word_1_96' title='bbox 775 1439 962 1492; x_wconf 90' lang='lat' dir='ltr'><strong>reliquos</strong></span> <span class='ocrx_word' id='word_1_97' title='bbox 981 1438 1140 1491; x_wconf 88' lang='lat' dir='ltr'><strong>Pytha-</strong></span> 
     </span>
     <span class='ocr_line' id='line_1_19' title="bbox 253 1501 1139 1557; baseline -0.003 -12"><span class='ocrx_word' id='word_1_98' title='bbox 253 1517 437 1557; x_wconf 83' lang='lat' dir='ltr'><strong>goraeos‚</strong></span> <span class='ocrx_word' id='word_1_99' title='bbox 456 1504 756 1555; x_wconf 87' lang='lat' dir='ltr'><strong>Echecratem‚</strong></span> <span class='ocrx_word' id='word_1_100' title='bbox 768 1503 993 1555; x_wconf 83' lang='lat' dir='ltr'><strong>Timaeum,</strong></span> <span class='ocrx_word' id='word_1_101' title='bbox 1015 1501 1139 1543; x_wconf 90' lang='lat' dir='ltr'><strong>Ario-</strong></span> 
     </span>
     <span class='ocr_line' id='line_1_20' title="bbox 253 1567 868 1621; baseline 0.002 -13"><span class='ocrx_word' id='word_1_102' title='bbox 253 1579 368 1615; x_wconf 86' lang='lat' dir='ltr'><strong>nem,</strong></span> <span class='ocrx_word' id='word_1_103' title='bbox 388 1569 669 1621; x_wconf 84' lang='lat' dir='ltr'><strong>Locros‚’&amp;c.</strong></span> <span class='ocrx_word' id='word_1_104' title='bbox 697 1567 868 1620; x_wconf 81' lang='lat' dir='ltr'><strong><em>Lipsius.</em></strong></span> 
     </span>
    </p>

    <p class='ocr_par' dir='ltr' id='par_1_4' title="bbox 253 1625 1139 1748">
     <span class='ocr_line' id='line_1_21' title="bbox 310 1625 1139 1682; baseline -0.006 -10"><span class='ocrx_word' id='word_1_105' title='bbox 310 1632 558 1682; x_wconf 75' lang='lat' dir='ltr'><strong>Octogesimo</strong></span> <span class='ocrx_word' id='word_1_106' title='bbox 590 1630 711 1682; x_wconf 77' lang='lat' dir='ltr'><strong>anno]</strong></span> <span class='ocrx_word' id='word_1_107' title='bbox 755 1628 923 1680; x_wconf 75' lang='grc' dir='ltr'>Ἔζησεν</span> <span class='ocrx_word' id='word_1_108' title='bbox 958 1627 1030 1677; x_wconf 81' lang='grc' dir='ltr'><strong>ἔτη</strong></span> <span class='ocrx_word' id='word_1_109' title='bbox 1061 1625 1139 1680; x_wconf 55' lang='grc' dir='ltr'><strong>πθζ,</strong></span> 
     </span>
     <span class='ocr_line' id='line_1_22' title="bbox 253 1693 777 1748; baseline -0.002 -13"><span class='ocrx_word' id='word_1_110' title='bbox 253 1694 393 1748; x_wconf 87' lang='lat' dir='ltr'><strong>iuquit</strong></span> <span class='ocrx_word' id='word_1_111' title='bbox 410 1693 580 1735; x_wconf 87' lang='lat' dir='ltr'><strong>Suidas.</strong></span> <span class='ocrx_word' id='word_1_112' title='bbox 610 1694 777 1734; x_wconf 77' lang='lat' dir='ltr'><strong>Cor-rud.</strong></span> 
     </span>
    </p>

    <p class='ocr_par' dir='ltr' id='par_1_5' title="bbox 242 1753 1142 2192">
     <span class='ocr_line' id='line_1_23' title="bbox 306 1753 1141 1809; baseline -0.004 -11"><span class='ocrx_word' id='word_1_113' title='bbox 306 1757 389 1803; x_wconf 66' lang='lat' dir='ltr'><strong>Sub</strong></span> <span class='ocrx_word' id='word_1_114' title='bbox 405 1757 534 1809; x_wconf 77' lang='lat' dir='ltr'><strong>capite</strong></span> <span class='ocrx_word' id='word_1_115' title='bbox 548 1755 762 1808; x_wconf 73' lang='lat' dir='ltr'><strong>Sophronis</strong></span> <span class='ocrx_word' id='word_1_116' title='bbox 773 1767 950 1796; x_wconf 80' lang='lat' dir='ltr'><strong>numeros</strong></span> <span class='ocrx_word' id='word_1_117' title='bbox 963 1753 1141 1795; x_wconf 77' lang='lat' dir='ltr'><strong><em>habuisse</em></strong></span> 
     </span>
     <span class='ocr_line' id='line_1_24' title="bbox 242 1811 1141 1874; baseline -0.004 -10"><span class='ocrx_word' id='word_1_118' title='bbox 242 1821 400 1874; x_wconf 82' lang='lat' dir='ltr'><strong>fertur]</strong></span> <span class='ocrx_word' id='word_1_119' title='bbox 435 1811 684 1874; x_wconf 80' lang='lat' dir='ltr'><strong>Ita&#39;vulgo.</strong></span> <span class='ocrx_word' id='word_1_120' title='bbox 753 1821 890 1872; x_wconf 87' lang='lat' dir='ltr'><strong><em>Lege,</em></strong></span> <span class='ocrx_word' id='word_1_121' title='bbox 923 1821 1141 1872; x_wconf 73' lang='lat' dir='ltr'><strong>Sophronis</strong></span> 
     </span>
     <span class='ocr_line' id='line_1_25' title="bbox 251 1883 1138 1939; baseline -0.005 -12"><span class='ocrx_word' id='word_1_122' title='bbox 251 1887 402 1937; x_wconf 75' lang='lat' dir='ltr'><strong>mimos,</strong></span> <span class='ocrx_word' id='word_1_123' title='bbox 414 1883 771 1939; x_wconf 84' lang='lat' dir='ltr'>quemadmodum</span> <span class='ocrx_word' id='word_1_124' title='bbox 790 1885 916 1924; x_wconf 89' lang='lat' dir='ltr'><strong>estin</strong></span> <span class='ocrx_word' id='word_1_125' title='bbox 934 1883 1138 1924; x_wconf 67' lang='lat' dir='ltr'><strong>Ati-ebat.</strong></span> 
     </span>
     <span class='ocr_line' id='line_1_26' title="bbox 253 1947 1140 2002; baseline -0.002 -12"><span class='ocrx_word' id='word_1_126' title='bbox 253 1949 467 1992; x_wconf 85' lang='lat' dir='ltr'><strong>Wiuchel.</strong></span> <span class='ocrx_word' id='word_1_127' title='bbox 487 1949 684 2002; x_wconf 85' lang='lat' dir='ltr'><strong>aliisque.</strong></span> <span class='ocrx_word' id='word_1_128' title='bbox 741 1947 844 1989; x_wconf 84' lang='lat' dir='ltr'><strong>Fuit</strong></span> <span class='ocrx_word' id='word_1_129' title='bbox 862 1948 972 1988; x_wconf 87' lang='lat' dir='ltr'><strong>enim</strong></span> <span class='ocrx_word' id='word_1_130' title='bbox 990 1949 1140 1988; x_wconf 91' lang='lat' dir='ltr'><strong>mimo-</strong></span> 
     </span>
     <span class='ocr_line' id='line_1_27' title="bbox 253 2012 1142 2066; baseline -0.003 -12"><span class='ocrx_word' id='word_1_131' title='bbox 253 2013 438 2066; x_wconf 83' lang='lat' dir='ltr'><strong>graphus</strong></span> <span class='ocrx_word' id='word_1_132' title='bbox 453 2013 664 2065; x_wconf 88' lang='lat' dir='ltr'>Sophron,</span> <span class='ocrx_word' id='word_1_133' title='bbox 678 2013 795 2052; x_wconf 86' lang='lat' dir='ltr'><strong>velut</strong></span> <span class='ocrx_word' id='word_1_134' title='bbox 809 2017 1025 2052; x_wconf 83' lang='lat' dir='ltr'><strong>testantur</strong></span> <span class='ocrx_word' id='word_1_135' title='bbox 1039 2012 1142 2052; x_wconf 89' lang='lat' dir='ltr'><strong>Dio-</strong></span> 
     </span>
     <span class='ocr_line' id='line_1_28' title="bbox 253 2074 1140 2129; baseline -0.002 -11"><span class='ocrx_word' id='word_1_136' title='bbox 253 2088 384 2129; x_wconf 81' lang='lat' dir='ltr'><strong>genes</strong></span> <span class='ocrx_word' id='word_1_137' title='bbox 413 2075 610 2117; x_wconf 66' lang='lat' dir='ltr'><strong>Laertius</strong></span> <span class='ocrx_word' id='word_1_138' title='bbox 646 2075 691 2116; x_wconf 90' lang='lat' dir='ltr'><strong>in</strong></span> <span class='ocrx_word' id='word_1_139' title='bbox 722 2075 825 2116; x_wconf 90' lang='lat' dir='ltr'><strong>Vita</strong></span> <span class='ocrx_word' id='word_1_140' title='bbox 856 2074 1067 2127; x_wconf 84' lang='lat' dir='ltr'><strong>Platonis,</strong></span> <span class='ocrx_word' id='word_1_141' title='bbox 1093 2080 1140 2116; x_wconf 91' lang='lat' dir='ltr'><strong>et</strong></span> 
     </span>
     <span class='ocr_line' id='line_1_29' title="bbox 252 2142 575 2192; baseline -0.009 -9"><span class='ocrx_word' id='word_1_142' title='bbox 252 2143 421 2184; x_wconf 86' lang='lat' dir='ltr'><strong>Suidas.</strong></span> <span class='ocrx_word' id='word_1_143' title='bbox 450 2142 575 2192; x_wconf 75' lang='lat' dir='ltr'><strong>Pigh.</strong></span> 
     </span>
    </p>

    <p class='ocr_par' dir='ltr' id='par_1_6' title="bbox 254 2204 1137 2311">
     <span class='ocr_line' id='line_1_30' title="bbox 307 2204 1137 2258; baseline 0 -13"><span class='ocrx_word' id='word_1_144' title='bbox 307 2207 376 2258; x_wconf 75' lang='lat'><strong>§4</strong></span> <span class='ocrx_word' id='word_1_145' title='bbox 421 2205 694 2256; x_wconf 71' lang='lat' dir='ltr'><strong>Democritus]</strong></span> <span class='ocrx_word' id='word_1_146' title='bbox 738 2204 853 2246; x_wconf 86' lang='lat' dir='ltr'><strong><em>Vide</em></strong></span> <span class='ocrx_word' id='word_1_147' title='bbox 893 2204 1137 2257; x_wconf 81' lang='lat' dir='ltr'><strong><em>Diogenem</em></strong></span> 
     </span>
     <span class='ocr_line' id='line_1_31' title="bbox 254 2269 936 2311; baseline -0.001 0"><span class='ocrx_word' id='word_1_148' title='bbox 254 2269 476 2311; x_wconf 65' lang='lat' dir='ltr'><strong>Laertium</strong></span> <span class='ocrx_word' id='word_1_149' title='bbox 497 2269 540 2309; x_wconf 88' lang='lat' dir='ltr'><strong>iu</strong></span> <span class='ocrx_word' id='word_1_150' title='bbox 558 2269 662 2309; x_wconf 89' lang='lat' dir='ltr'><strong>Vita</strong></span> <span class='ocrx_word' id='word_1_151' title='bbox 681 2269 936 2310; x_wconf 85' lang='lat' dir='ltr'><strong>Democriti.</strong></span> 
     </span>
    </p>

    <p class='ocr_par' dir='ltr' id='par_1_7' title="bbox 255 2332 1139 2516">
     <span class='ocr_line' id='line_1_32' title="bbox 311 2332 1139 2385; baseline -0.001 -11"><span class='ocrx_word' id='word_1_152' title='bbox 311 2335 435 2374; x_wconf 78' lang='lat' dir='ltr'><strong>Pater</strong></span> <span class='ocrx_word' id='word_1_153' title='bbox 468 2332 570 2385; x_wconf 73' lang='lat' dir='ltr'><strong>ejus]</strong></span> <span class='ocrx_word' id='word_1_154' title='bbox 613 2333 834 2374; x_wconf 83' lang='lat' dir='ltr'><strong>Videlicet</strong></span> <span class='ocrx_word' id='word_1_155' title='bbox 863 2332 1139 2385; x_wconf 84' lang='lat' dir='ltr'><strong>Hegesistra-</strong></span> 
     </span>
     <span class='ocr_line' id='line_1_33' title="bbox 255 2395 1138 2451; baseline -0.001 -13"><span class='ocrx_word' id='word_1_156' title='bbox 255 2403 338 2448; x_wconf 86' lang='lat' dir='ltr'><strong>tus,</strong></span> <span class='ocrx_word' id='word_1_157' title='bbox 356 2402 432 2439; x_wconf 88' lang='lat' dir='ltr'><strong>aut</strong></span> <span class='ocrx_word' id='word_1_158' title='bbox 449 2395 778 2451; x_wconf 87' lang='lat' dir='ltr'><strong>Athenocritus,</strong></span> <span class='ocrx_word' id='word_1_159' title='bbox 807 2402 882 2438; x_wconf 90' lang='lat' dir='ltr'><strong>ant</strong></span> <span class='ocrx_word' id='word_1_160' title='bbox 910 2397 1138 2450; x_wconf 85' lang='lat' dir='ltr'><strong>Damasip-</strong></span> 
     </span>
     <span class='ocr_line' id='line_1_34' title="bbox 258 2475 352 2516; baseline 0 -13"><span class='ocrx_word' id='word_1_161' title='bbox 258 2475 352 2516; x_wconf 88' lang='lat' dir='ltr'><strong>pus.</strong></span> 
     </span>
    </p>

    <p class='ocr_par' dir='ltr' id='par_1_8' title="bbox 251 2525 1141 3600">
     <span class='ocr_line' id='line_1_35' title="bbox 308 2525 1138 2580; baseline 0 -13"><span class='ocrx_word' id='word_1_162' title='bbox 308 2526 485 2580; x_wconf 78' lang='lat' dir='ltr'><strong>Patriae]</strong></span> <span class='ocrx_word' id='word_1_163' title='bbox 514 2526 710 2567; x_wconf 79' lang='lat' dir='ltr'><strong>Partitus</strong></span> <span class='ocrx_word' id='word_1_164' title='bbox 738 2531 807 2568; x_wconf 86' lang='lat' dir='ltr'><strong>est</strong></span> <span class='ocrx_word' id='word_1_165' title='bbox 824 2525 1029 2567; x_wconf 90' lang='lat' dir='ltr'><strong>fratribus</strong></span> <span class='ocrx_word' id='word_1_166' title='bbox 1052 2526 1138 2567; x_wconf 90' lang='lat' dir='ltr'><strong>suis</strong></span> 
     </span>
     <span class='ocr_line' id='line_1_36' title="bbox 253 2590 1140 2644; baseline -0.001 -13"><span class='ocrx_word' id='word_1_167' title='bbox 253 2590 554 2642; x_wconf 83' lang='lat' dir='ltr'><strong>substantiam,</strong></span> <span class='ocrx_word' id='word_1_168' title='bbox 570 2591 698 2644; x_wconf 88' lang='lat' dir='ltr'><strong>juxta</strong></span> <span class='ocrx_word' id='word_1_169' title='bbox 729 2591 852 2642; x_wconf 88' lang='lat' dir='ltr'><strong>alios,</strong></span> <span class='ocrx_word' id='word_1_170' title='bbox 882 2591 967 2643; x_wconf 90' lang='lat' dir='ltr'><strong>vel,</strong></span> <span class='ocrx_word' id='word_1_171' title='bbox 985 2597 1033 2632; x_wconf 87' lang='lat' dir='ltr'><strong>ut</strong></span> <span class='ocrx_word' id='word_1_172' title='bbox 1054 2596 1140 2631; x_wconf 85' lang='lat' dir='ltr'><strong>tra-</strong></span> 
     </span>
     <span class='ocr_line' id='line_1_37' title="bbox 254 2654 1141 2709; baseline 0.001 -14"><span class='ocrx_word' id='word_1_173' title='bbox 254 2654 321 2696; x_wconf 90' lang='lat' dir='ltr'><strong>dit</strong></span> <span class='ocrx_word' id='word_1_174' title='bbox 335 2655 552 2706; x_wconf 87' lang='lat' dir='ltr'><strong>Valerius,</strong></span> <span class='ocrx_word' id='word_1_175' title='bbox 580 2656 732 2708; x_wconf 85' lang='lat' dir='ltr'><strong>patriae</strong></span> <span class='ocrx_word' id='word_1_176' title='bbox 764 2655 957 2707; x_wconf 91' lang='lat' dir='ltr'><strong>donavit,</strong></span> <span class='ocrx_word' id='word_1_177' title='bbox 984 2656 1141 2709; x_wconf 82' lang='lat' dir='ltr'><strong>exigua</strong></span> 
     </span>
     <span class='ocr_line' id='line_1_38' title="bbox 254 2719 1139 2773; baseline 0.001 -14"><span class='ocrx_word' id='word_1_178' title='bbox 254 2731 333 2772; x_wconf 87' lang='lat' dir='ltr'><strong>pro</strong></span> <span class='ocrx_word' id='word_1_179' title='bbox 349 2731 394 2759; x_wconf 88' lang='lat' dir='ltr'><strong>se</strong></span> <span class='ocrx_word' id='word_1_180' title='bbox 416 2724 538 2772; x_wconf 89' lang='lat' dir='ltr'><strong>parte</strong></span> <span class='ocrx_word' id='word_1_181' title='bbox 559 2725 743 2771; x_wconf 85' lang='lat' dir='ltr'><strong>retenta,</strong></span> <span class='ocrx_word' id='word_1_182' title='bbox 768 2732 853 2773; x_wconf 88' lang='lat' dir='ltr'><strong>qua</strong></span> <span class='ocrx_word' id='word_1_183' title='bbox 872 2719 936 2760; x_wconf 91' lang='lat' dir='ltr'><strong>illi</strong></span> <span class='ocrx_word' id='word_1_184' title='bbox 956 2733 1139 2772; x_wconf 74' lang='lat' dir='ltr'><strong>peregre</strong></span> 
     </span>
     <span class='ocr_line' id='line_1_39' title="bbox 251 2781 1141 2836; baseline 0.002 -13"><span class='ocrx_word' id='word_1_185' title='bbox 251 2781 542 2835; x_wconf 83' lang='lat' dir='ltr'><strong>proficiscenti</strong></span> <span class='ocrx_word' id='word_1_186' title='bbox 578 2795 685 2836; x_wconf 88' lang='lat' dir='ltr'><strong>opus</strong></span> <span class='ocrx_word' id='word_1_187' title='bbox 721 2789 831 2825; x_wconf 84' lang='lat' dir='ltr'><strong>erat.</strong></span> <span class='ocrx_word' id='word_1_188' title='bbox 897 2782 1023 2824; x_wconf 90' lang='lat' dir='ltr'><strong>Adeo</strong></span> <span class='ocrx_word' id='word_1_189' title='bbox 1053 2790 1141 2826; x_wconf 91' lang='lat' dir='ltr'><strong>stu-</strong></span> 
     </span>
     <span class='ocr_line' id='line_1_40' title="bbox 254 2845 1139 2898; baseline 0.001 -11"><span class='ocrx_word' id='word_1_190' title='bbox 254 2845 418 2887; x_wconf 88' lang='lat' dir='ltr'><strong>diosum</strong></span> <span class='ocrx_word' id='word_1_191' title='bbox 447 2845 581 2888; x_wconf 88' lang='lat' dir='ltr'><strong>fuisse</strong></span> <span class='ocrx_word' id='word_1_192' title='bbox 613 2847 748 2888; x_wconf 87' lang='lat' dir='ltr'><strong>tradit</strong></span> <span class='ocrx_word' id='word_1_193' title='bbox 779 2847 990 2898; x_wconf 72' lang='lat' dir='ltr'><strong>Laertius,</strong></span> <span class='ocrx_word' id='word_1_194' title='bbox 1019 2853 1066 2888; x_wconf 90' lang='lat' dir='ltr'><strong>ut</strong></span> <span class='ocrx_word' id='word_1_195' title='bbox 1085 2861 1139 2889; x_wconf 89' lang='lat' dir='ltr'><strong>ex</strong></span> 
     </span>
     <span class='ocr_line' id='line_1_41' title="bbox 252 2910 1141 2965; baseline 0.003 -15"><span class='ocrx_word' id='word_1_196' title='bbox 252 2910 394 2951; x_wconf 88' lang='lat' dir='ltr'><strong>vicino</strong></span> <span class='ocrx_word' id='word_1_197' title='bbox 413 2910 584 2951; x_wconf 83' lang='lat' dir='ltr'><strong>hortulo</strong></span> <span class='ocrx_word' id='word_1_198' title='bbox 603 2911 683 2952; x_wconf 90' lang='lat' dir='ltr'><strong>sibi</strong></span> <span class='ocrx_word' id='word_1_199' title='bbox 702 2912 901 2952; x_wconf 84' lang='lat' dir='ltr'><strong>cellulam</strong></span> <span class='ocrx_word' id='word_1_200' title='bbox 919 2911 1141 2965; x_wconf 81' lang='lat' dir='ltr'><strong>seligeret,</strong></span> 
     </span>
     <span class='ocr_line' id='line_1_42' title="bbox 251 2973 1139 3027; baseline 0.002 -13"><span class='ocrx_word' id='word_1_201' title='bbox 251 2973 399 3027; x_wconf 84' lang='lat' dir='ltr'><strong>ibique</strong></span> <span class='ocrx_word' id='word_1_202' title='bbox 436 2974 626 3027; x_wconf 83' lang='lat' dir='ltr'><strong>seipsum</strong></span> <span class='ocrx_word' id='word_1_203' title='bbox 660 2975 926 3016; x_wconf 84' lang='lat' dir='ltr'><strong>includeret:</strong></span> <span class='ocrx_word' id='word_1_204' title='bbox 958 2981 1005 3016; x_wconf 92' lang='lat' dir='ltr'><strong>et</strong></span> <span class='ocrx_word' id='word_1_205' title='bbox 1043 2988 1139 3016; x_wconf 91' lang='lat' dir='ltr'><strong>cum</strong></span> 
     </span>
     <span class='ocr_line' id='line_1_43' title="bbox 253 3037 1138 3091; baseline 0.002 -14"><span class='ocrx_word' id='word_1_206' title='bbox 253 3037 483 3091; x_wconf 83' lang='lat' dir='ltr'><strong>aliquando</strong></span> <span class='ocrx_word' id='word_1_207' title='bbox 510 3039 644 3091; x_wconf 88' lang='lat' dir='ltr'><strong>ipsius</strong></span> <span class='ocrx_word' id='word_1_208' title='bbox 664 3043 792 3091; x_wconf 87' lang='lat' dir='ltr'><strong>pater</strong></span> <span class='ocrx_word' id='word_1_209' title='bbox 807 3038 963 3079; x_wconf 90' lang='lat' dir='ltr'><strong>bovem</strong></span> <span class='ocrx_word' id='word_1_210' title='bbox 982 3038 1037 3079; x_wconf 87' lang='lat' dir='ltr'><strong>ad</strong></span> <span class='ocrx_word' id='word_1_211' title='bbox 1061 3039 1138 3079; x_wconf 89' lang='lat' dir='ltr'><strong>im·</strong></span> 
     </span>
     <span class='ocr_line' id='line_1_44' title="bbox 252 3100 1140 3154; baseline 0.001 -13"><span class='ocrx_word' id='word_1_212' title='bbox 252 3100 498 3142; x_wconf 87' lang='lat' dir='ltr'><strong>molandum</strong></span> <span class='ocrx_word' id='word_1_213' title='bbox 543 3100 810 3152; x_wconf 84' lang='lat' dir='ltr'><strong>adduxisset,</strong></span> <span class='ocrx_word' id='word_1_214' title='bbox 853 3101 1000 3154; x_wconf 87' lang='lat' dir='ltr'><strong>ibique</strong></span> <span class='ocrx_word' id='word_1_215' title='bbox 1047 3102 1140 3142; x_wconf 89' lang='lat' dir='ltr'><strong>alli-</strong></span> 
     </span>
     <span class='ocr_line' id='line_1_45' title="bbox 255 3164 1138 3216; baseline 0.002 -12"><span class='ocrx_word' id='word_1_216' title='bbox 255 3169 416 3216; x_wconf 84' lang='lat' dir='ltr'><strong>gasset,</strong></span> <span class='ocrx_word' id='word_1_217' title='bbox 447 3164 612 3205; x_wconf 87' lang='lat' dir='ltr'><strong>tamdiu</strong></span> <span class='ocrx_word' id='word_1_218' title='bbox 631 3165 714 3205; x_wconf 90' lang='lat' dir='ltr'><strong>hoc</strong></span> <span class='ocrx_word' id='word_1_219' title='bbox 734 3165 786 3205; x_wconf 83' lang='lat' dir='ltr'><strong>ab</strong></span> <span class='ocrx_word' id='word_1_220' title='bbox 806 3165 880 3205; x_wconf 89' lang='lat' dir='ltr'><strong>illo</strong></span> <span class='ocrx_word' id='word_1_221' title='bbox 903 3177 989 3206; x_wconf 91' lang='lat' dir='ltr'><strong>non</strong></span> <span class='ocrx_word' id='word_1_222' title='bbox 1007 3164 1138 3206; x_wconf 87' lang='lat' dir='ltr'><strong>fuisse</strong></span> 
     </span>
     <span class='ocr_line' id='line_1_46' title="bbox 256 3227 1140 3281; baseline 0 -13"><span class='ocrx_word' id='word_1_223' title='bbox 256 3227 488 3280; x_wconf 85' lang='lat' dir='ltr'><strong>cognitum,</strong></span> <span class='ocrx_word' id='word_1_224' title='bbox 525 3228 667 3281; x_wconf 87' lang='lat' dir='ltr'><strong>quoad</strong></span> <span class='ocrx_word' id='word_1_225' title='bbox 694 3229 808 3269; x_wconf 91' lang='lat' dir='ltr'><strong>hunc</strong></span> <span class='ocrx_word' id='word_1_226' title='bbox 838 3228 909 3269; x_wconf 89' lang='lat' dir='ltr'><strong>ille</strong></span> <span class='ocrx_word' id='word_1_227' title='bbox 938 3228 1140 3270; x_wconf 88' lang='lat' dir='ltr'><strong>sacrificii</strong></span> 
     </span>
     <span class='ocr_line' id='line_1_47' title="bbox 256 3286 1137 3346; baseline 0.002 -14"><span class='ocrx_word' id='word_1_228' title='bbox 256 3291 434 3333; x_wconf 87' lang='lat' dir='ltr'><strong>obtentu</strong></span> <span class='ocrx_word' id='word_1_229' title='bbox 472 3293 697 3346; x_wconf 87' lang='lat' dir='ltr'><strong>excitavit,</strong></span> <span class='ocrx_word' id='word_1_230' title='bbox 732 3299 777 3334; x_wconf 91' lang='lat' dir='ltr'><strong>et</strong></span> <span class='ocrx_word' id='word_1_231' title='bbox 811 3286 915 3334; x_wconf 35' lang='lat' dir='ltr'><strong>bovi*</strong></span> <span class='ocrx_word' id='word_1_232' title='bbox 932 3293 1137 3334; x_wconf 88' lang='lat' dir='ltr'><strong>admovit.</strong></span> 
     </span>
     <span class='ocr_line' id='line_1_48' title="bbox 255 3356 1137 3410; baseline 0 -13"><span class='ocrx_word' id='word_1_233' title='bbox 255 3356 437 3397; x_wconf 76' lang='lat' dir='ltr'><strong>Constat</strong></span> <span class='ocrx_word' id='word_1_234' title='bbox 462 3369 560 3397; x_wconf 89' lang='lat' dir='ltr'><strong>eum</strong></span> <span class='ocrx_word' id='word_1_235' title='bbox 595 3357 824 3410; x_wconf 89' lang='lat' dir='ltr'><strong>aliquando</strong></span> <span class='ocrx_word' id='word_1_236' title='bbox 843 3356 1034 3398; x_wconf 86' lang='lat' dir='ltr'><strong>Athenas</strong></span> <span class='ocrx_word' id='word_1_237' title='bbox 1067 3369 1137 3397; x_wconf 90' lang='lat' dir='ltr'><strong>ve·</strong></span> 
     </span>
     <span class='ocr_line' id='line_1_49' title="bbox 258 3419 1138 3474; baseline 0.005 -16"><span class='ocrx_word' id='word_1_238' title='bbox 258 3419 391 3470; x_wconf 87' lang='lat' dir='ltr'><strong>nisse,</strong></span> <span class='ocrx_word' id='word_1_239' title='bbox 409 3425 454 3459; x_wconf 90' lang='lat' dir='ltr'><strong>et</strong></span> <span class='ocrx_word' id='word_1_240' title='bbox 483 3420 537 3459; x_wconf 84' lang='lat' dir='ltr'><strong>ob</strong></span> <span class='ocrx_word' id='word_1_241' title='bbox 568 3425 866 3473; x_wconf 86' lang='lat' dir='ltr'><strong>contemptum</strong></span> <span class='ocrx_word' id='word_1_242' title='bbox 898 3421 1046 3473; x_wconf 89' lang='lat' dir='ltr'><strong>gloriae</strong></span> <span class='ocrx_word' id='word_1_243' title='bbox 1066 3434 1138 3474; x_wconf 86' lang='lat' dir='ltr'><strong>ag-</strong></span> 
     </span>
     <span class='ocr_line' id='line_1_50' title="bbox 256 3481 1137 3538; baseline 0.005 -17"><span class='ocrx_word' id='word_1_244' title='bbox 256 3481 373 3523; x_wconf 88' lang='lat' dir='ltr'><strong>nosci</strong></span> <span class='ocrx_word' id='word_1_245' title='bbox 402 3482 600 3534; x_wconf 81' lang='lat' dir='ltr'><strong>noluisse,</strong></span> <span class='ocrx_word' id='word_1_246' title='bbox 633 3489 679 3524; x_wconf 89' lang='lat' dir='ltr'><strong>et</strong></span> <span class='ocrx_word' id='word_1_247' title='bbox 708 3497 838 3537; x_wconf 92' lang='lat' dir='ltr'><strong>quum</strong></span> <span class='ocrx_word' id='word_1_248' title='bbox 865 3485 1137 3538; x_wconf 86' lang='lat' dir='ltr'><strong>cognovisset</strong></span> 
     </span>
     <span class='ocr_line' id='line_1_51' title="bbox 257 3544 1134 3600; baseline 0.003 -15"><span class='ocrx_word' id='word_1_249' title='bbox 257 3545 349 3598; x_wconf 83' lang='lat' dir='ltr'><strong>ipse</strong></span> <span class='ocrx_word' id='word_1_250' title='bbox 367 3544 606 3598; x_wconf 87' lang='lat' dir='ltr'><strong>Socratem,</strong></span> <span class='ocrx_word' id='word_1_251' title='bbox 636 3546 690 3588; x_wconf 86' lang='lat' dir='ltr'><strong>ab</strong></span> <span class='ocrx_word' id='word_1_252' title='bbox 720 3559 771 3588; x_wconf 88' lang='lat' dir='ltr'><strong>eo</strong></span> <span class='ocrx_word' id='word_1_253' title='bbox 803 3548 1044 3600; x_wconf 87' lang='lat' dir='ltr'><strong>ignoratum</strong></span> <span class='ocrx_word' id='word_1_254' title='bbox 1069 3548 1134 3589; x_wconf 88' lang='lat' dir='ltr'><strong>fu-</strong></span> 
     </span>
    </p>
   </div>
   <div class='ocr_carea' id='block_1_3' title="bbox 1890 278 2082 331">
    <p class='ocr_par' dir='ltr' id='par_1_9' title="bbox 1890 278 2082 331">
     <span class='ocr_line' id='line_1_52' title="bbox 1890 278 2082 331; baseline 0 0"><span class='ocrx_word' id='word_1_255' title='bbox 1890 320 1893 322; x_wconf 80' lang='lat'><strong>.</strong></span> <span class='ocrx_word' id='word_1_256' title='bbox 1940 278 2082 331; x_wconf 74' lang='lat'>1295</span> 
     </span>
    </p>
   </div>
   <div class='ocr_carea' id='block_1_4' title="bbox 1197 412 2126 3603">
    <p class='ocr_par' dir='ltr' id='par_1_10' title="bbox 1197 412 2095 2634">
     <span class='ocr_line' id='line_1_53' title="bbox 1197 412 2085 467; baseline 0.001 -15"><span class='ocrx_word' id='word_1_257' title='bbox 1197 413 1295 453; x_wconf 83' lang='lat' dir='ltr'><strong>isse.</strong></span> <span class='ocrx_word' id='word_1_258' title='bbox 1351 415 1583 455; x_wconf 83' lang='lat' dir='ltr'><strong>Laboravit</strong></span> <span class='ocrx_word' id='word_1_259' title='bbox 1604 414 1672 455; x_wconf 82' lang='lat' dir='ltr'><strong>hic</strong></span> <span class='ocrx_word' id='word_1_260' title='bbox 1693 412 1921 467; x_wconf 87' lang='lat' dir='ltr'><strong>plurimum</strong></span> <span class='ocrx_word' id='word_1_261' title='bbox 1934 412 1977 453; x_wconf 88' lang='lat' dir='ltr'><strong>in</strong></span> <span class='ocrx_word' id='word_1_262' title='bbox 1995 414 2085 453; x_wconf 86' lang='lat' dir='ltr'><strong>sola</strong></span> 
     </span>
     <span class='ocr_line' id='line_1_54' title="bbox 1198 477 2085 535; baseline -0.002 -18"><span class='ocrx_word' id='word_1_263' title='bbox 1198 488 1340 519; x_wconf 85' lang='lat' dir='ltr'><strong>rerum</strong></span> <span class='ocrx_word' id='word_1_264' title='bbox 1367 486 1523 520; x_wconf 87' lang='lat' dir='ltr'><strong>natura</strong></span> <span class='ocrx_word' id='word_1_265' title='bbox 1554 477 1886 535; x_wconf 76' lang='lat' dir='ltr'><strong>contemplanda</strong></span> <span class='ocrx_word' id='word_1_266' title='bbox 1905 478 1972 528; x_wconf 91' lang='lat' dir='ltr'><strong>(ut</strong></span> <span class='ocrx_word' id='word_1_267' title='bbox 1993 477 2085 529; x_wconf 89' lang='lat' dir='ltr'><strong>qui-</strong></span> 
     </span>
     <span class='ocr_line' id='line_1_55' title="bbox 1198 539 2086 596; baseline -0.002 -15"><span class='ocrx_word' id='word_1_268' title='bbox 1198 541 1296 582; x_wconf 89' lang='lat' dir='ltr'><strong>dam</strong></span> <span class='ocrx_word' id='word_1_269' title='bbox 1317 541 1482 593; x_wconf 89' lang='lat' dir='ltr'><strong>ferunt)</strong></span> <span class='ocrx_word' id='word_1_270' title='bbox 1502 560 1513 594; x_wconf 91' lang='lat'>;</span> <span class='ocrx_word' id='word_1_271' title='bbox 1549 549 1593 583; x_wconf 92' lang='lat' dir='ltr'><strong>et</strong></span> <span class='ocrx_word' id='word_1_272' title='bbox 1614 553 1867 596; x_wconf 88' lang='lat' dir='ltr'><strong>quocunque</strong></span> <span class='ocrx_word' id='word_1_273' title='bbox 1899 539 2086 579; x_wconf 86' lang='lat' dir='ltr'><strong>fortunae</strong></span> 
     </span>
     <span class='ocr_line' id='line_1_56' title="bbox 1199 603 2087 657; baseline -0.005 -11"><span class='ocrx_word' id='word_1_274' title='bbox 1199 618 1300 646; x_wconf 84' lang='lat' dir='ltr'><strong>casu</strong></span> <span class='ocrx_word' id='word_1_275' title='bbox 1319 607 1671 657; x_wconf 85' lang='lat' dir='ltr'><strong>mutabiliumque</strong></span> <span class='ocrx_word' id='word_1_276' title='bbox 1699 617 1840 646; x_wconf 82' lang='lat' dir='ltr'><strong>rerum</strong></span> <span class='ocrx_word' id='word_1_277' title='bbox 1862 603 2024 654; x_wconf 87' lang='lat' dir='ltr'><strong>audito,</strong></span> <span class='ocrx_word' id='word_1_278' title='bbox 2044 603 2087 642; x_wconf 89' lang='lat' dir='ltr'><strong>in</strong></span> 
     </span>
     <span class='ocr_line' id='line_1_57' title="bbox 1199 667 2088 710; baseline -0.002 -2"><span class='ocrx_word' id='word_1_279' title='bbox 1199 668 1328 708; x_wconf 86' lang='lat' dir='ltr'><strong>risum</strong></span> <span class='ocrx_word' id='word_1_280' title='bbox 1377 669 1639 710; x_wconf 80' lang='lat' dir='ltr'><strong>solvebatur.</strong></span> <span class='ocrx_word' id='word_1_281' title='bbox 1696 668 1825 709; x_wconf 89' lang='lat' dir='ltr'><strong>Unde</strong></span> <span class='ocrx_word' id='word_1_282' title='bbox 1863 667 2088 709; x_wconf 71' lang='lat' dir='ltr'><strong>,Iuvenalis</strong></span> 
     </span>
     <span class='ocr_line' id='line_1_58' title="bbox 1200 730 2091 785; baseline -0.003 -12"><span class='ocrx_word' id='word_1_283' title='bbox 1200 733 1291 773; x_wconf 88' lang='lat' dir='ltr'><strong>Sat.</strong></span> <span class='ocrx_word' id='word_1_284' title='bbox 1321 733 1333 755; x_wconf 93' lang='lat'>‘</span> <span class='ocrx_word' id='word_1_285' title='bbox 1351 732 1573 785; x_wconf 86' lang='lat' dir='ltr'><strong>Perpetuo</strong></span> <span class='ocrx_word' id='word_1_286' title='bbox 1608 733 1694 773; x_wconf 85' lang='lat' dir='ltr'><strong>risu</strong></span> <span class='ocrx_word' id='word_1_287' title='bbox 1730 733 1972 784; x_wconf 87' lang='lat' dir='ltr'><strong>pulmonem</strong></span> <span class='ocrx_word' id='word_1_288' title='bbox 2002 730 2091 783; x_wconf 86' lang='lat' dir='ltr'><strong>agi·</strong></span> 
     </span>
     <span class='ocr_line' id='line_1_59' title="bbox 1200 793 2090 841; baseline -0.003 -5"><span class='ocrx_word' id='word_1_289' title='bbox 1200 801 1295 836; x_wconf 85' lang='lat' dir='ltr'><strong>tare</strong></span> <span class='ocrx_word' id='word_1_290' title='bbox 1316 795 1484 836; x_wconf 90' lang='lat' dir='ltr'><strong>solebat</strong></span> <span class='ocrx_word' id='word_1_291' title='bbox 1505 794 1812 841; x_wconf 60' lang='lat' dir='ltr'><strong>Democritus?</strong></span> <span class='ocrx_word' id='word_1_292' title='bbox 1866 794 1996 834; x_wconf 89' lang='lat' dir='ltr'><strong>Hunc</strong></span> <span class='ocrx_word' id='word_1_293' title='bbox 2014 793 2090 834; x_wconf 84' lang='lat' dir='ltr'><strong>ali-</strong></span> 
     </span>
     <span class='ocr_line' id='line_1_60' title="bbox 1200 857 2088 912; baseline -0.001 -13"><span class='ocrx_word' id='word_1_294' title='bbox 1200 858 1370 912; x_wconf 91' lang='lat' dir='ltr'><strong>quando</strong></span> <span class='ocrx_word' id='word_1_295' title='bbox 1415 859 1623 899; x_wconf 87' lang='lat' dir='ltr'><strong>insanisse</strong></span> <span class='ocrx_word' id='word_1_296' title='bbox 1671 859 1951 899; x_wconf 87' lang='lat' dir='ltr'><strong>crediderunt</strong></span> <span class='ocrx_word' id='word_1_297' title='bbox 1991 857 2088 910; x_wconf 82' lang='lat' dir='ltr'><strong>ejus</strong></span> 
     </span>
     <span class='ocr_line' id='line_1_61' title="bbox 1201 921 2087 975; baseline -0.003 -11"><span class='ocrx_word' id='word_1_298' title='bbox 1201 923 1346 974; x_wconf 88' lang='lat' dir='ltr'><strong>cives;</strong></span> <span class='ocrx_word' id='word_1_299' title='bbox 1377 923 1489 964; x_wconf 90' lang='lat' dir='ltr'><strong>unde</strong></span> <span class='ocrx_word' id='word_1_300' title='bbox 1519 923 1573 963; x_wconf 89' lang='lat' dir='ltr'><strong>ad</strong></span> <span class='ocrx_word' id='word_1_301' title='bbox 1604 923 1695 975; x_wconf 90' lang='lat' dir='ltr'><strong>ejus</strong></span> <span class='ocrx_word' id='word_1_302' title='bbox 1716 923 1983 964; x_wconf 88' lang='lat' dir='ltr'><strong>curationem</strong></span> <span class='ocrx_word' id='word_1_303' title='bbox 2013 921 2087 962; x_wconf 82' lang='lat' dir='ltr'><strong>ad-</strong></span> 
     </span>
     <span class='ocr_line' id='line_1_62' title="bbox 1201 986 2088 1040; baseline -0.002 -12"><span class='ocrx_word' id='word_1_304' title='bbox 1201 987 1383 1029; x_wconf 86' lang='lat' dir='ltr'><strong>hibuere</strong></span> <span class='ocrx_word' id='word_1_305' title='bbox 1407 987 1752 1040; x_wconf 80' lang='lat' dir='ltr'><strong>Hippocratem,</strong></span> <span class='ocrx_word' id='word_1_306' title='bbox 1788 987 1876 1039; x_wconf 89' lang='lat' dir='ltr'><strong>qui,</strong></span> <span class='ocrx_word' id='word_1_307' title='bbox 1915 986 2088 1038; x_wconf 82' lang='lat' dir='ltr'><strong>cognita</strong></span> 
     </span>
     <span class='ocr_line' id='line_1_63' title="bbox 1202 1051 2091 1105; baseline -0.003 -12"><span class='ocrx_word' id='word_1_308' title='bbox 1202 1052 1283 1094; x_wconf 83' lang='lat' dir='ltr'><strong>viri</strong></span> <span class='ocrx_word' id='word_1_309' title='bbox 1304 1052 1534 1105; x_wconf 84' lang='lat' dir='ltr'><strong>sapientia,</strong></span> <span class='ocrx_word' id='word_1_310' title='bbox 1554 1053 1670 1093; x_wconf 90' lang='lat' dir='ltr'><strong>cives</strong></span> <span class='ocrx_word' id='word_1_311' title='bbox 1695 1051 1830 1103; x_wconf 83' lang='lat' dir='ltr'><strong>magis</strong></span> <span class='ocrx_word' id='word_1_312' title='bbox 1850 1064 1975 1104; x_wconf 86' lang='lat' dir='ltr'><strong>quam</strong></span> <span class='ocrx_word' id='word_1_313' title='bbox 1997 1051 2091 1090; x_wconf 87' lang='lat' dir='ltr'><strong>De-</strong></span> 
     </span>
     <span class='ocr_line' id='line_1_64' title="bbox 1201 1116 2089 1168; baseline -0.002 -11"><span class='ocrx_word' id='word_1_314' title='bbox 1201 1117 1429 1157; x_wconf 86' lang='lat' dir='ltr'><strong>mocritum</strong></span> <span class='ocrx_word' id='word_1_315' title='bbox 1466 1116 1653 1157; x_wconf 83' lang='lat' dir='ltr'><strong>insanire</strong></span> <span class='ocrx_word' id='word_1_316' title='bbox 1684 1116 1920 1168; x_wconf 87' lang='lat' dir='ltr'><strong>judicavit,</strong></span> <span class='ocrx_word' id='word_1_317' title='bbox 1949 1127 1974 1156; x_wconf 86' lang='lat' dir='ltr'><strong>a</strong></span> <span class='ocrx_word' id='word_1_318' title='bbox 2002 1127 2089 1168; x_wconf 88' lang='lat' dir='ltr'><strong>quo</strong></span> 
     </span>
     <span class='ocr_line' id='line_1_65' title="bbox 1203 1179 2090 1234; baseline -0.002 -12"><span class='ocrx_word' id='word_1_319' title='bbox 1203 1183 1338 1222; x_wconf 82' lang='lat' dir='ltr'><strong>multa</strong></span> <span class='ocrx_word' id='word_1_320' title='bbox 1352 1194 1397 1222; x_wconf 93' lang='lat' dir='ltr'><strong>se</strong></span> <span class='ocrx_word' id='word_1_321' title='bbox 1413 1181 1613 1222; x_wconf 89' lang='lat' dir='ltr'><strong>didicisse</strong></span> <span class='ocrx_word' id='word_1_322' title='bbox 1627 1180 1930 1234; x_wconf 85' lang='lat' dir='ltr'><strong>profitebatur.</strong></span> <span class='ocrx_word' id='word_1_323' title='bbox 1959 1179 2090 1231; x_wconf 88' lang='lat' dir='ltr'><strong>Nam,</strong></span> 
     </span>
     <span class='ocr_line' id='line_1_66' title="bbox 1203 1244 2095 1296; baseline -0.002 -10"><span class='ocrx_word' id='word_1_324' title='bbox 1203 1251 1252 1286; x_wconf 89' lang='lat' dir='ltr'><strong>ut</strong></span> <span class='ocrx_word' id='word_1_325' title='bbox 1271 1244 1409 1288; x_wconf 84' lang='lat' dir='ltr'><strong>refert</strong></span> <span class='ocrx_word' id='word_1_326' title='bbox 1427 1245 1626 1286; x_wconf 72' lang='lat' dir='ltr'><strong>Laertius</strong></span> <span class='ocrx_word' id='word_1_327' title='bbox 1655 1246 1700 1286; x_wconf 89' lang='lat' dir='ltr'><strong>in</strong></span> <span class='ocrx_word' id='word_1_328' title='bbox 1728 1245 1819 1286; x_wconf 86' lang='lat' dir='ltr'><strong>vita</strong></span> <span class='ocrx_word' id='word_1_329' title='bbox 1839 1245 2095 1296; x_wconf 89' lang='lat' dir='ltr'><strong>Democriti,</strong></span> 
     </span>
     <span class='ocr_line' id='line_1_67' title="bbox 1203 1309 2092 1364; baseline -0.002 -13"><span class='ocrx_word' id='word_1_330' title='bbox 1203 1323 1334 1364; x_wconf 88' lang='lat' dir='ltr'><strong>quum</strong></span> <span class='ocrx_word' id='word_1_331' title='bbox 1353 1310 1407 1351; x_wconf 90' lang='lat' dir='ltr'><strong>ad</strong></span> <span class='ocrx_word' id='word_1_332' title='bbox 1439 1323 1537 1352; x_wconf 88' lang='lat' dir='ltr'><strong>eum</strong></span> <span class='ocrx_word' id='word_1_333' title='bbox 1569 1310 1758 1350; x_wconf 90' lang='lat' dir='ltr'><strong>venisset</strong></span> <span class='ocrx_word' id='word_1_334' title='bbox 1779 1309 2092 1362; x_wconf 85' lang='lat' dir='ltr'><strong>Hippocrates,</strong></span> 
     </span>
     <span class='ocr_line' id='line_1_68' title="bbox 1203 1372 2091 1425; baseline -0.003 -10"><span class='ocrx_word' id='word_1_335' title='bbox 1203 1375 1432 1415; x_wconf 83' lang='lat' dir='ltr'><strong>maximnm</strong></span> <span class='ocrx_word' id='word_1_336' title='bbox 1454 1374 1691 1425; x_wconf 76' lang='lat' dir='ltr'><strong>diligentiae</strong></span> <span class='ocrx_word' id='word_1_337' title='bbox 1725 1386 1814 1414; x_wconf 84' lang='lat' dir='ltr'><strong>suae</strong></span> <span class='ocrx_word' id='word_1_338' title='bbox 1845 1378 1890 1414; x_wconf 89' lang='lat' dir='ltr'><strong>et</strong></span> <span class='ocrx_word' id='word_1_339' title='bbox 1923 1372 2091 1413; x_wconf 90' lang='lat' dir='ltr'><strong>callidi-</strong></span> 
     </span>
     <span class='ocr_line' id='line_1_69' title="bbox 1205 1437 2091 1490; baseline -0.003 -10"><span class='ocrx_word' id='word_1_340' title='bbox 1205 1439 1309 1480; x_wconf 88' lang='lat' dir='ltr'><strong>tatis</strong></span> <span class='ocrx_word' id='word_1_341' title='bbox 1337 1438 1629 1480; x_wconf 84' lang='lat' dir='ltr'><strong>testimonium</strong></span> <span class='ocrx_word' id='word_1_342' title='bbox 1662 1438 1788 1479; x_wconf 87' lang='lat' dir='ltr'><strong>dedit</strong></span> <span class='ocrx_word' id='word_1_343' title='bbox 1809 1437 2091 1490; x_wconf 84' lang='lat' dir='ltr'><strong>Hippocrati,</strong></span> 
     </span>
     <span class='ocr_line' id='line_1_70' title="bbox 1204 1501 2090 1557; baseline -0.005 -13"><span class='ocrx_word' id='word_1_344' title='bbox 1204 1503 1275 1557; x_wconf 91' lang='lat' dir='ltr'><strong>qni</strong></span> <span class='ocrx_word' id='word_1_345' title='bbox 1299 1503 1486 1556; x_wconf 88' lang='lat' dir='ltr'><strong>puellam</strong></span> <span class='ocrx_word' id='word_1_346' title='bbox 1507 1502 1794 1555; x_wconf 86' lang='lat' dir='ltr'><strong>Hippocratis</strong></span> <span class='ocrx_word' id='word_1_347' title='bbox 1810 1501 2027 1553; x_wconf 90' lang='lat' dir='ltr'><strong>comitem,</strong></span> <span class='ocrx_word' id='word_1_348' title='bbox 2045 1506 2090 1541; x_wconf 89' lang='lat' dir='ltr'><strong>et</strong></span> 
     </span>
     <span class='ocr_line' id='line_1_71' title="bbox 1202 1565 2091 1620; baseline -0.003 -12"><span class='ocrx_word' id='word_1_349' title='bbox 1202 1567 1429 1620; x_wconf 82' lang='lat' dir='ltr'><strong>integram,</strong></span> <span class='ocrx_word' id='word_1_350' title='bbox 1448 1573 1493 1608; x_wconf 92' lang='lat' dir='ltr'><strong>et</strong></span> <span class='ocrx_word' id='word_1_351' title='bbox 1511 1567 1703 1608; x_wconf 89' lang='lat' dir='ltr'><strong>vitiatam</strong></span> <span class='ocrx_word' id='word_1_352' title='bbox 1723 1565 1942 1619; x_wconf 81' lang='lat' dir='ltr'><strong>coguovit.</strong></span> <span class='ocrx_word' id='word_1_353' title='bbox 1977 1565 2091 1606; x_wconf 89' lang='lat' dir='ltr'><strong>Nam</strong></span> 
     </span>
     <span class='ocr_line' id='line_1_72' title="bbox 1203 1629 2090 1685; baseline -0.005 -12"><span class='ocrx_word' id='word_1_354' title='bbox 1203 1632 1342 1685; x_wconf 88' lang='lat' dir='ltr'><strong>primo</strong></span> <span class='ocrx_word' id='word_1_355' title='bbox 1360 1632 1431 1673; x_wconf 90' lang='lat' dir='ltr'><strong>die</strong></span> <span class='ocrx_word' id='word_1_356' title='bbox 1454 1631 1516 1672; x_wconf 88' lang='lat' dir='ltr'><strong>sic</strong></span> <span class='ocrx_word' id='word_1_357' title='bbox 1535 1632 1650 1672; x_wconf 87' lang='lat' dir='ltr'><strong>illam</strong></span> <span class='ocrx_word' id='word_1_358' title='bbox 1670 1631 1899 1671; x_wconf 87' lang='lat' dir='ltr'><strong>salutavit:</strong></span> <span class='ocrx_word' id='word_1_359' title='bbox 1934 1630 1945 1651; x_wconf 93' lang='lat'>‘</span> <span class='ocrx_word' id='word_1_360' title='bbox 1963 1629 2090 1670; x_wconf 87' lang='lat' dir='ltr'><strong>Salve</strong></span> 
     </span>
     <span class='ocr_line' id='line_1_73' title="bbox 1203 1695 2093 1749; baseline -0.004 -12"><span class='ocrx_word' id='word_1_361' title='bbox 1203 1695 1354 1749; x_wconf 67' lang='lat' dir='ltr'><strong>virgo!</strong></span> <span class='ocrx_word' id='word_1_362' title='bbox 1410 1697 1631 1738; x_wconf 89' lang='lat' dir='ltr'><strong>Postridie</strong></span> <span class='ocrx_word' id='word_1_363' title='bbox 1662 1708 1794 1737; x_wconf 84' lang='lat' dir='ltr'><strong>vero:</strong></span> <span class='ocrx_word' id='word_1_364' title='bbox 1826 1695 1981 1735; x_wconf 86' lang='lat' dir='ltr'><strong>‘Salve</strong></span> <span class='ocrx_word' id='word_1_365' title='bbox 2001 1706 2093 1734; x_wconf 90' lang='lat' dir='ltr'><strong>mu·</strong></span> 
     </span>
     <span class='ocr_line' id='line_1_74' title="bbox 1201 1757 2093 1812; baseline -0.006 -10"><span class='ocrx_word' id='word_1_366' title='bbox 1201 1760 1314 1802; x_wconf 87' lang='lat' dir='ltr'><strong>lier.’</strong></span> <span class='ocrx_word' id='word_1_367' title='bbox 1368 1761 1528 1802; x_wconf 87' lang='lat' dir='ltr'><strong>Fuerat</strong></span> <span class='ocrx_word' id='word_1_368' title='bbox 1547 1761 1660 1801; x_wconf 88' lang='lat' dir='ltr'><strong>enim</strong></span> <span class='ocrx_word' id='word_1_369' title='bbox 1689 1759 1832 1812; x_wconf 86' lang='lat' dir='ltr'><strong>puella</strong></span> <span class='ocrx_word' id='word_1_370' title='bbox 1851 1763 1981 1799; x_wconf 91' lang='lat' dir='ltr'><strong>nocte</strong></span> <span class='ocrx_word' id='word_1_371' title='bbox 2000 1757 2093 1810; x_wconf 82' lang='lat' dir='ltr'><strong>ipsa</strong></span> 
     </span>
     <span class='ocr_line' id='line_1_75' title="bbox 1203 1823 2095 1877; baseline -0.004 -12"><span class='ocrx_word' id='word_1_372' title='bbox 1203 1825 1371 1866; x_wconf 81' lang='lat' dir='ltr'><strong>vitiata.</strong></span> <span class='ocrx_word' id='word_1_373' title='bbox 1426 1825 1537 1865; x_wconf 90' lang='lat' dir='ltr'><strong>Sunt</strong></span> <span class='ocrx_word' id='word_1_374' title='bbox 1566 1825 1697 1866; x_wconf 88' lang='lat' dir='ltr'><strong>etiam</strong></span> <span class='ocrx_word' id='word_1_375' title='bbox 1719 1823 1789 1877; x_wconf 92' lang='lat' dir='ltr'><strong>qui</strong></span> <span class='ocrx_word' id='word_1_376' title='bbox 1810 1823 1958 1863; x_wconf 87' lang='lat' dir='ltr'><strong>dicant</strong></span> <span class='ocrx_word' id='word_1_377' title='bbox 1978 1824 2095 1875; x_wconf 86' lang='lat' dir='ltr'><strong>seip-</strong></span> 
     </span>
     <span class='ocr_line' id='line_1_76' title="bbox 1203 1888 2092 1940; baseline -0.004 -10"><span class='ocrx_word' id='word_1_378' title='bbox 1203 1901 1295 1930; x_wconf 84' lang='lat' dir='ltr'><strong>sum</strong></span> <span class='ocrx_word' id='word_1_379' title='bbox 1332 1901 1588 1940; x_wconf 87' lang='lat' dir='ltr'><strong>occaecasse,</strong></span> <span class='ocrx_word' id='word_1_380' title='bbox 1622 1888 1676 1928; x_wconf 90' lang='lat' dir='ltr'><strong>ad</strong></span> <span class='ocrx_word' id='word_1_381' title='bbox 1715 1893 1879 1928; x_wconf 80' lang='lat' dir='ltr'><strong>naturae</strong></span> <span class='ocrx_word' id='word_1_382' title='bbox 1917 1891 2092 1926; x_wconf 85' lang='lat' dir='ltr'><strong>secreta</strong></span> 
     </span>
     <span class='ocr_line' id='line_1_77' title="bbox 1203 1943 2089 2003; baseline -0.005 -10"><span class='ocrx_word' id='word_1_383' title='bbox 1203 1943 1371 1993; x_wconf 72' lang='lat' dir='ltr'><strong>cautius</strong></span> <span class='ocrx_word' id='word_1_384' title='bbox 1391 1951 1598 1993; x_wconf 84' lang='lat' dir='ltr'><strong>rimanda.</strong></span> <span class='ocrx_word' id='word_1_385' title='bbox 1655 1951 1790 2003; x_wconf 89' lang='lat' dir='ltr'><strong>Cujus</strong></span> <span class='ocrx_word' id='word_1_386' title='bbox 1807 1950 1868 1990; x_wconf 90' lang='lat' dir='ltr'><strong>rei</strong></span> <span class='ocrx_word' id='word_1_387' title='bbox 1888 1955 2089 1991; x_wconf 84' lang='lat' dir='ltr'><strong>auctores</strong></span> 
     </span>
     <span class='ocr_line' id='line_1_78' title="bbox 1203 2014 2090 2058; baseline -0.005 0"><span class='ocrx_word' id='word_1_388' title='bbox 1203 2022 1304 2058; x_wconf 88' lang='lat' dir='ltr'><strong>sunt</strong></span> <span class='ocrx_word' id='word_1_389' title='bbox 1332 2016 1487 2056; x_wconf 88' lang='lat' dir='ltr'><strong>Cicero</strong></span> <span class='ocrx_word' id='word_1_390' title='bbox 1518 2016 1644 2057; x_wconf 90' lang='lat' dir='ltr'><strong>Tusc.</strong></span> <span class='ocrx_word' id='word_1_391' title='bbox 1678 2017 1850 2058; x_wconf 81' lang='lat' dir='ltr'><strong>Quaest.</strong></span> <span class='ocrx_word' id='word_1_392' title='bbox 1883 2014 1958 2055; x_wconf 85' lang='lat' dir='ltr'><strong>lib.</strong></span> <span class='ocrx_word' id='word_1_393' title='bbox 1977 2025 2022 2054; x_wconf 90' lang='lat' dir='ltr'><strong>v.</strong></span> <span class='ocrx_word' id='word_1_394' title='bbox 2043 2018 2090 2054; x_wconf 82' lang='lat' dir='ltr'><strong>et</strong></span> 
     </span>
     <span class='ocr_line' id='line_1_79' title="bbox 1203 2078 2090 2121; baseline 0 -2"><span class='ocrx_word' id='word_1_395' title='bbox 1203 2078 1341 2120; x_wconf 91' lang='lat' dir='ltr'><strong>Aulus</strong></span> <span class='ocrx_word' id='word_1_396' title='bbox 1361 2079 1530 2121; x_wconf 85' lang='lat' dir='ltr'><strong>Gellius</strong></span> <span class='ocrx_word' id='word_1_397' title='bbox 1551 2082 1683 2121; x_wconf 89' lang='lat' dir='ltr'><strong>Noct.</strong></span> <span class='ocrx_word' id='word_1_398' title='bbox 1709 2078 1806 2119; x_wconf 88' lang='lat' dir='ltr'><strong>Att.</strong></span> <span class='ocrx_word' id='word_1_399' title='bbox 1827 2078 1902 2120; x_wconf 89' lang='lat' dir='ltr'><strong>lib.</strong></span> <span class='ocrx_word' id='word_1_400' title='bbox 1923 2090 1971 2119; x_wconf 88' lang='lat' dir='ltr'><strong>x.</strong></span> <span class='ocrx_word' id='word_1_401' title='bbox 2017 2079 2090 2119; x_wconf 89' lang='lat' dir='ltr'><strong>De</strong></span> 
     </span>
     <span class='ocr_line' id='line_1_80' title="bbox 1204 2142 2091 2195; baseline 0.001 -13"><span class='ocrx_word' id='word_1_402' title='bbox 1204 2142 1328 2195; x_wconf 88' lang='lat' dir='ltr'><strong>cujus</strong></span> <span class='ocrx_word' id='word_1_403' title='bbox 1349 2150 1487 2184; x_wconf 89' lang='lat' dir='ltr'><strong>morte</strong></span> <span class='ocrx_word' id='word_1_404' title='bbox 1505 2143 1633 2184; x_wconf 86' lang='lat' dir='ltr'><strong>variae</strong></span> <span class='ocrx_word' id='word_1_405' title='bbox 1654 2148 1755 2183; x_wconf 87' lang='lat' dir='ltr'><strong>sunt</strong></span> <span class='ocrx_word' id='word_1_406' title='bbox 1778 2142 2022 2194; x_wconf 86' lang='lat' dir='ltr'><strong>sententiae,</strong></span> <span class='ocrx_word' id='word_1_407' title='bbox 2042 2148 2091 2183; x_wconf 84' lang='lat' dir='ltr'><strong>ut</strong></span> 
     </span>
     <span class='ocr_line' id='line_1_81' title="bbox 1202 2205 2088 2248; baseline 0.001 -2"><span class='ocrx_word' id='word_1_408' title='bbox 1202 2205 1405 2246; x_wconf 72' lang='lat' dir='ltr'><strong>Laertius</strong></span> <span class='ocrx_word' id='word_1_409' title='bbox 1439 2206 1585 2248; x_wconf 86' lang='lat' dir='ltr'><strong>tradit.</strong></span> <span class='ocrx_word' id='word_1_410' title='bbox 1640 2206 1783 2247; x_wconf 88' lang='lat' dir='ltr'><strong>Periit</strong></span> <span class='ocrx_word' id='word_1_411' title='bbox 1815 2212 1956 2246; x_wconf 86' lang='lat' dir='ltr'><strong>autem</strong></span> <span class='ocrx_word' id='word_1_412' title='bbox 1989 2218 2088 2247; x_wconf 90' lang='lat' dir='ltr'><strong>cen-</strong></span> 
     </span>
     <span class='ocr_line' id='line_1_82' title="bbox 1203 2269 2090 2311; baseline 0.001 -1"><span class='ocrx_word' id='word_1_413' title='bbox 1203 2271 1358 2311; x_wconf 90' lang='lat' dir='ltr'><strong>tesimo</strong></span> <span class='ocrx_word' id='word_1_414' title='bbox 1395 2275 1440 2311; x_wconf 89' lang='lat' dir='ltr'><strong>et</strong></span> <span class='ocrx_word' id='word_1_415' title='bbox 1486 2283 1598 2310; x_wconf 87' lang='lat' dir='ltr'><strong>nono</strong></span> <span class='ocrx_word' id='word_1_416' title='bbox 1638 2283 1726 2310; x_wconf 85' lang='lat' dir='ltr'><strong>suae</strong></span> <span class='ocrx_word' id='word_1_417' title='bbox 1774 2269 1918 2310; x_wconf 81' lang='lat' dir='ltr'><strong>aetatis</strong></span> <span class='ocrx_word' id='word_1_418' title='bbox 1966 2282 2090 2311; x_wconf 87' lang='lat' dir='ltr'><strong>auno.</strong></span> 
     </span>
     <span class='ocr_line' id='line_1_83' title="bbox 1202 2333 2088 2385; baseline 0 -11"><span class='ocrx_word' id='word_1_419' title='bbox 1202 2334 1290 2375; x_wconf 88' lang='lat' dir='ltr'><strong>Hic</strong></span> <span class='ocrx_word' id='word_1_420' title='bbox 1309 2334 1452 2376; x_wconf 82' lang='lat' dir='ltr'><strong>omnia</strong></span> <span class='ocrx_word' id='word_1_421' title='bbox 1485 2335 1636 2375; x_wconf 88' lang='lat' dir='ltr'><strong>atomis</strong></span> <span class='ocrx_word' id='word_1_422' title='bbox 1666 2339 1865 2375; x_wconf 85' lang='lat' dir='ltr'><strong>constare</strong></span> <span class='ocrx_word' id='word_1_423' title='bbox 1899 2333 2088 2385; x_wconf 89' lang='lat' dir='ltr'><strong>dicebat,</strong></span> 
     </span>
     <span class='ocr_line' id='line_1_84' title="bbox 1202 2398 2089 2452; baseline -0.002 -12"><span class='ocrx_word' id='word_1_424' title='bbox 1202 2405 1249 2441; x_wconf 91' lang='lat' dir='ltr'><strong>et</strong></span> <span class='ocrx_word' id='word_1_425' title='bbox 1269 2399 1414 2452; x_wconf 89' lang='lat' dir='ltr'><strong>plures</strong></span> <span class='ocrx_word' id='word_1_426' title='bbox 1445 2411 1538 2440; x_wconf 87' lang='lat' dir='ltr'><strong>esse</strong></span> <span class='ocrx_word' id='word_1_427' title='bbox 1571 2399 1764 2450; x_wconf 88' lang='lat' dir='ltr'><strong>mundos,</strong></span> <span class='ocrx_word' id='word_1_428' title='bbox 1799 2405 1844 2438; x_wconf 93' lang='lat' dir='ltr'><strong>et</strong></span> <span class='ocrx_word' id='word_1_429' title='bbox 1873 2398 2089 2451; x_wconf 87' lang='lat' dir='ltr'><strong>corrupti-</strong></span> 
     </span>
     <span class='ocr_line' id='line_1_85' title="bbox 1201 2463 2090 2516; baseline 0 -11"><span class='ocrx_word' id='word_1_430' title='bbox 1201 2464 1327 2505; x_wconf 80' lang='lat' dir='ltr'><strong>biles.</strong></span> <span class='ocrx_word' id='word_1_431' title='bbox 1382 2464 1524 2505; x_wconf 87' lang='lat' dir='ltr'><strong>Multa</strong></span> <span class='ocrx_word' id='word_1_432' title='bbox 1559 2464 1773 2505; x_wconf 88' lang='lat' dir='ltr'><strong>volumina</strong></span> <span class='ocrx_word' id='word_1_433' title='bbox 1811 2463 2000 2516; x_wconf 88' lang='lat' dir='ltr'><strong>reliquit,</strong></span> <span class='ocrx_word' id='word_1_434' title='bbox 2039 2469 2090 2505; x_wconf 90' lang='lat' dir='ltr'><strong>ut</strong></span> 
     </span>
     <span class='ocr_line' id='line_1_86' title="bbox 1203 2527 2088 2580; baseline 0.001 -11"><span class='ocrx_word' id='word_1_435' title='bbox 1203 2533 1358 2570; x_wconf 84' lang='lat' dir='ltr'><strong>auctor</strong></span> <span class='ocrx_word' id='word_1_436' title='bbox 1403 2534 1471 2570; x_wconf 91' lang='lat' dir='ltr'><strong>est</strong></span> <span class='ocrx_word' id='word_1_437' title='bbox 1514 2527 1714 2569; x_wconf 76' lang='lat' dir='ltr'><strong>Lae&#39;rtius</strong></span> <span class='ocrx_word' id='word_1_438' title='bbox 1759 2527 1803 2568; x_wconf 89' lang='lat' dir='ltr'><strong>iu</strong></span> <span class='ocrx_word' id='word_1_439' title='bbox 1851 2528 1942 2580; x_wconf 84' lang='lat' dir='ltr'><strong>ejus</strong></span> <span class='ocrx_word' id='word_1_440' title='bbox 1981 2527 2088 2571; x_wconf 83' lang='lat' dir='ltr'><strong>vita.</strong></span> 
     </span>
     <span class='ocr_line' id='line_1_87' title="bbox 1206 2593 1355 2634; baseline 0.007 -1"><span class='ocrx_word' id='word_1_441' title='bbox 1206 2593 1355 2634; x_wconf 76' lang='lat' dir='ltr'><strong>Olicer.</strong></span> 
     </span>
    </p>

    <p class='ocr_par' dir='ltr' id='par_1_11' title="bbox 1201 2656 2089 2966">
     <span class='ocr_line' id='line_1_88' title="bbox 1257 2656 2089 2711; baseline 0.001 -13"><span class='ocrx_word' id='word_1_442' title='bbox 1257 2659 1321 2711; x_wconf 73' lang='lat'><strong>§5</strong></span> <span class='ocrx_word' id='word_1_443' title='bbox 1353 2658 1574 2699; x_wconf 78' lang='lat' dir='ltr'><strong>Carneades</strong></span> <span class='ocrx_word' id='word_1_444' title='bbox 1605 2657 1836 2709; x_wconf 72' lang='lat' dir='ltr'><strong>laboriosus]</strong></span> <span class='ocrx_word' id='word_1_445' title='bbox 1874 2656 1958 2699; x_wconf 89' lang='lat' dir='ltr'><strong>Hic</strong></span> <span class='ocrx_word' id='word_1_446' title='bbox 1987 2658 2089 2699; x_wconf 87' lang='lat' dir='ltr'><strong>Phi-</strong></span> 
     </span>
     <span class='ocr_line' id='line_1_89' title="bbox 1202 2721 2088 2774; baseline 0.002 -13"><span class='ocrx_word' id='word_1_447' title='bbox 1202 2721 1404 2774; x_wconf 87' lang='lat' dir='ltr'><strong>losophus</strong></span> <span class='ocrx_word' id='word_1_448' title='bbox 1426 2723 1658 2774; x_wconf 82' lang='lat' dir='ltr'><strong>Cyrenaens</strong></span> <span class='ocrx_word' id='word_1_449' title='bbox 1691 2721 1789 2774; x_wconf 85' lang='lat' dir='ltr'><strong>fuit,</strong></span> <span class='ocrx_word' id='word_1_450' title='bbox 1808 2721 2020 2773; x_wconf 87' lang='lat' dir='ltr'><strong>Epicomi,</strong></span> <span class='ocrx_word' id='word_1_451' title='bbox 2039 2727 2088 2763; x_wconf 83' lang='lat' dir='ltr'><strong>ut</strong></span> 
     </span>
     <span class='ocr_line' id='line_1_90' title="bbox 1202 2783 2086 2838; baseline 0 -14"><span class='ocrx_word' id='word_1_452' title='bbox 1202 2784 1378 2838; x_wconf 88' lang='lat' dir='ltr'><strong>quidam</strong></span> <span class='ocrx_word' id='word_1_453' title='bbox 1412 2783 1573 2835; x_wconf 83' lang='lat' dir='ltr'><strong>ferunt,</strong></span> <span class='ocrx_word' id='word_1_454' title='bbox 1603 2785 1708 2831; x_wconf 89' lang='lat' dir='ltr'><strong>sive,</strong></span> <span class='ocrx_word' id='word_1_455' title='bbox 1730 2790 1779 2825; x_wconf 92' lang='lat' dir='ltr'><strong>nt</strong></span> <span class='ocrx_word' id='word_1_456' title='bbox 1815 2784 1887 2825; x_wconf 88' lang='lat' dir='ltr'><strong>alii</strong></span> <span class='ocrx_word' id='word_1_457' title='bbox 1919 2784 2086 2837; x_wconf 87' lang='lat' dir='ltr'><strong>dicunt,</strong></span> 
     </span>
     <span class='ocr_line' id='line_1_91' title="bbox 1201 2848 2085 2902; baseline 0 -14"><span class='ocrx_word' id='word_1_458' title='bbox 1201 2848 1444 2890; x_wconf 87' lang='lat' dir='ltr'><strong>Philocomi</strong></span> <span class='ocrx_word' id='word_1_459' title='bbox 1464 2848 1590 2896; x_wconf 86' lang='lat' dir='ltr'><strong>filius,</strong></span> <span class='ocrx_word' id='word_1_460' title='bbox 1623 2848 1865 2890; x_wconf 87' lang='lat' dir='ltr'><strong>Stoicorum</strong></span> <span class='ocrx_word' id='word_1_461' title='bbox 1885 2853 1931 2889; x_wconf 90' lang='lat' dir='ltr'><strong>et</strong></span> <span class='ocrx_word' id='word_1_462' title='bbox 1951 2849 2085 2902; x_wconf 83' lang='lat' dir='ltr'><strong>Chry-</strong></span> 
     </span>
     <span class='ocr_line' id='line_1_92' title="bbox 1203 2913 1741 2966; baseline 0.002 -13"><span class='ocrx_word' id='word_1_463' title='bbox 1203 2913 1316 2966; x_wconf 87' lang='lat' dir='ltr'><strong>sippi</strong></span> <span class='ocrx_word' id='word_1_464' title='bbox 1333 2913 1584 2966; x_wconf 83' lang='lat' dir='ltr'><strong>discipulus.</strong></span> <span class='ocrx_word' id='word_1_465' title='bbox 1614 2913 1741 2954; x_wconf 83' lang='lat' dir='ltr'><strong>Idem.</strong></span> 
     </span>
    </p>

    <p class='ocr_par' dir='ltr' id='par_1_12' title="bbox 1201 2976 2088 3272">
     <span class='ocr_line' id='line_1_93' title="bbox 1257 2976 2088 3030; baseline 0 -13"><span class='ocrx_word' id='word_1_466' title='bbox 1257 2978 1506 3030; x_wconf 66' lang='lat' dir='ltr'><strong>Nonaginta]</strong></span> <span class='ocrx_word' id='word_1_467' title='bbox 1518 2979 1717 3019; x_wconf 91' lang='lat' dir='ltr'><strong>Mortuus</strong></span> <span class='ocrx_word' id='word_1_468' title='bbox 1734 2983 1800 3019; x_wconf 87' lang='lat' dir='ltr'><strong>est</strong></span> <span class='ocrx_word' id='word_1_469' title='bbox 1814 2976 2088 3030; x_wconf 87' lang='lat' dir='ltr'><strong>nonagesimo</strong></span> 
     </span>
     <span class='ocr_line' id='line_1_94' title="bbox 1201 3040 2084 3091; baseline -0.001 -10"><span class='ocrx_word' id='word_1_470' title='bbox 1201 3053 1288 3082; x_wconf 80' lang='lat' dir='ltr'><strong>suae</strong></span> <span class='ocrx_word' id='word_1_471' title='bbox 1309 3042 1450 3083; x_wconf 85' lang='lat' dir='ltr'><strong>aetatis</strong></span> <span class='ocrx_word' id='word_1_472' title='bbox 1480 3054 1606 3091; x_wconf 88' lang='lat' dir='ltr'><strong>anno,</strong></span> <span class='ocrx_word' id='word_1_473' title='bbox 1636 3047 1688 3082; x_wconf 90' lang='lat' dir='ltr'><strong>ut</strong></span> <span class='ocrx_word' id='word_1_474' title='bbox 1699 3042 1900 3082; x_wconf 88' lang='lat' dir='ltr'><strong>Valerius</strong></span> <span class='ocrx_word' id='word_1_475' title='bbox 1918 3040 2084 3091; x_wconf 81' lang='lat' dir='ltr'><strong>refert3</strong></span> 
     </span>
     <span class='ocr_line' id='line_1_95' title="bbox 1202 3103 2083 3157; baseline -0.002 -13"><span class='ocrx_word' id='word_1_476' title='bbox 1202 3104 1402 3146; x_wconf 70' lang='lat' dir='ltr'><strong>Laertius</strong></span> <span class='ocrx_word' id='word_1_477' title='bbox 1448 3117 1552 3146; x_wconf 88' lang='lat' dir='ltr'><strong>vero</strong></span> <span class='ocrx_word' id='word_1_478' title='bbox 1598 3104 1862 3157; x_wconf 85' lang='lat' dir='ltr'><strong>octogesimo</strong></span> <span class='ocrx_word' id='word_1_479' title='bbox 1917 3103 2083 3155; x_wconf 90' lang='lat' dir='ltr'><strong>quinto,</strong></span> 
     </span>
     <span class='ocr_line' id='line_1_96' title="bbox 1202 3165 2085 3221; baseline -0.003 -14"><span class='ocrx_word' id='word_1_480' title='bbox 1202 3166 1461 3221; x_wconf 87' lang='lat' dir='ltr'><strong>Olympiade</strong></span> <span class='ocrx_word' id='word_1_481' title='bbox 1480 3168 1718 3209; x_wconf 86' lang='lat' dir='ltr'><strong>centesima</strong></span> <span class='ocrx_word' id='word_1_482' title='bbox 1735 3165 2002 3218; x_wconf 84' lang='lat' dir='ltr'><strong>sexagesima</strong></span> <span class='ocrx_word' id='word_1_483' title='bbox 2019 3177 2085 3205; x_wconf 87' lang='lat' dir='ltr'><strong>se-</strong></span> 
     </span>
     <span class='ocr_line' id='line_1_97' title="bbox 1201 3230 1513 3272; baseline 0.003 -1"><span class='ocrx_word' id='word_1_484' title='bbox 1201 3230 1358 3271; x_wconf 86' lang='lat' dir='ltr'><strong>cunda.</strong></span> <span class='ocrx_word' id='word_1_485' title='bbox 1388 3232 1513 3272; x_wconf 87' lang='lat' dir='ltr'><strong>Idem.</strong></span> 
     </span>
    </p>

    <p class='ocr_par' dir='ltr' id='par_1_13' title="bbox 1197 3292 2126 3603">
     <span class='ocr_line' id='line_1_98' title="bbox 1252 3292 2081 3347; baseline -0.002 -12"><span class='ocrx_word' id='word_1_486' title='bbox 1252 3294 1496 3347; x_wconf 80' lang='lat' dir='ltr'><strong>Addixerat]</strong></span> <span class='ocrx_word' id='word_1_487' title='bbox 1524 3293 1813 3343; x_wconf 83' lang='lat' dir='ltr'><strong>Astrinxerat,</strong></span> <span class='ocrx_word' id='word_1_488' title='bbox 1839 3292 2081 3333; x_wconf 86' lang='lat' dir='ltr'><strong>destinave-</strong></span> 
     </span>
     <span class='ocr_line' id='line_1_99' title="bbox 1200 3355 2081 3409; baseline -0.002 -12"><span class='ocrx_word' id='word_1_489' title='bbox 1200 3363 1284 3399; x_wconf 87' lang='lat' dir='ltr'><strong>rat.</strong></span> <span class='ocrx_word' id='word_1_490' title='bbox 1343 3359 1454 3399; x_wconf 87' lang='lat' dir='ltr'><strong>Nam</strong></span> <span class='ocrx_word' id='word_1_491' title='bbox 1469 3359 1646 3398; x_wconf 81' lang='lat' dir='ltr'><strong>addicere</strong></span> <span class='ocrx_word' id='word_1_492' title='bbox 1665 3356 1776 3409; x_wconf 85' lang='lat' dir='ltr'><strong>apud</strong></span> <span class='ocrx_word' id='word_1_493' title='bbox 1796 3355 1933 3397; x_wconf 86' lang='lat' dir='ltr'><strong>Jctos</strong></span> <span class='ocrx_word' id='word_1_494' title='bbox 1954 3355 2081 3407; x_wconf 87' lang='lat' dir='ltr'><strong>signi-</strong></span> 
     </span>
     <span class='ocr_line' id='line_1_100' title="bbox 1198 3419 2085 3474; baseline -0.005 -12"><span class='ocrx_word' id='word_1_495' title='bbox 1198 3420 1301 3462; x_wconf 86' lang='lat' dir='ltr'><strong>ficat</strong></span> <span class='ocrx_word' id='word_1_496' title='bbox 1318 3433 1395 3474; x_wconf 87' lang='lat' dir='ltr'><strong>per</strong></span> <span class='ocrx_word' id='word_1_497' title='bbox 1409 3421 1687 3463; x_wconf 85' lang='lat' dir='ltr'><strong>licitationem</strong></span> <span class='ocrx_word' id='word_1_498' title='bbox 1701 3419 1862 3471; x_wconf 86' lang='lat' dir='ltr'><strong>aliquid</strong></span> <span class='ocrx_word' id='word_1_499' title='bbox 1880 3419 2085 3471; x_wconf 90' lang='lat' dir='ltr'><strong>vendere,</strong></span> 
     </span>
     <span class='ocr_line' id='line_1_101' title="bbox 1197 3481 2078 3537; baseline -0.002 -12"><span class='ocrx_word' id='word_1_500' title='bbox 1197 3484 1279 3526; x_wconf 90' lang='lat' dir='ltr'><strong>hoc</strong></span> <span class='ocrx_word' id='word_1_501' title='bbox 1298 3492 1378 3537; x_wconf 90' lang='lat' dir='ltr'><strong>est,</strong></span> <span class='ocrx_word' id='word_1_502' title='bbox 1399 3486 1441 3525; x_wconf 92' lang='lat' dir='ltr'><strong>in</strong></span> <span class='ocrx_word' id='word_1_503' title='bbox 1461 3483 1710 3526; x_wconf 86' lang='lat' dir='ltr'><strong>venditione</strong></span> <span class='ocrx_word' id='word_1_504' title='bbox 1730 3482 1916 3535; x_wconf 87' lang='lat' dir='ltr'><strong>publica.</strong></span> <span class='ocrx_word' id='word_1_505' title='bbox 1949 3481 2078 3523; x_wconf 89' lang='lat' dir='ltr'><strong>Unde</strong></span> 
     </span>
     <span class='ocr_line' id='line_1_102' title="bbox 1197 3547 2126 3603; baseline -0.003 -13"><span class='ocrx_word' id='word_1_506' title='bbox 1197 3549 1346 3590; x_wconf 76' lang='lat' dir='ltr'><strong>addicti</strong></span> <span class='ocrx_word' id='word_1_507' title='bbox 1365 3549 1478 3603; x_wconf 87' lang='lat' dir='ltr'><strong>apud</strong></span> <span class='ocrx_word' id='word_1_508' title='bbox 1506 3554 1678 3590; x_wconf 87' lang='lat' dir='ltr'><strong>veteres</strong></span> <span class='ocrx_word' id='word_1_509' title='bbox 1707 3547 1979 3600; x_wconf 85' lang='lat' dir='ltr'><strong>dicebantur,</strong></span> <span class='ocrx_word' id='word_1_510' title='bbox 2007 3547 2079 3601; x_wconf 91' lang='lat' dir='ltr'><strong>qui</strong></span> <span class='ocrx_word' id='word_1_511' title='bbox 2117 3595 2126 3603; x_wconf 30' lang='lat'><em>⁴</em></span> 
     </span>
    </p>
   </div>
  </div>
 </body>
</html>
