2288 3990
476 300 735 341 VALERII
780 297 1016 337 ΜΑΧιΜι
1065 300 1185 338 [ΑΒ.
1225 301 1267 338 1.
1305 301 1439 340 cAl’.
1466 289 1517 341 6.

107 428 238 481 juxta
254 434 419 467 amnem
437 420 624 472 Ilissum,
657 418 925 470 ingeniorum
946 422 992 457 et

107 487 366 535 eruditionis
380 484 490 534 fonti,
507 496 632 537 quam
650 482 701 522 ab
718 481 840 521 Attio
855 486 865 503 ‘
878 481 991 522 Qua-

106 549 354 595 driurbam’
370 549 629 601 appellatam
650 545 803 586 scribit
820 545 990 595 Festus,

112 616 332 666 clariores,
361 625 485 666 quam
506 617 554 652 ut
572 611 761 650 debeant
792 606 989 647 indicari.

107 677 310 730 *Euripidi
360 674 551 716 Ἑλλάδος
593 674 754 726 Ἑλλὰς,
807 673 990 714 Graeciae

113 739 306 791 Graia,
323 739 519 785 Diodoro
537 737 665 778 κοινὸν
682 738 838 779 πάντων
855 735 991 788 ἀνθρώ-

111 818 196 845 w
221 802 503 861 vagosum-*limum
532 803 814 845 Demostheni
847 801 992 840 oculus

113 870 318 919 Graeciae,
355 866 536 908 Aristidi
579 867 802 919 sapientiae
839 865 994 916 Pryta-

110 945 240 974 neum
276 932 450 972 dicitur.
516 931 587 970 De
623 941 706 982 qua
737 929 856 969 Urbe
894 926 993 966 vide

111 995 309 1036 Athenas
321 993 488 1034 Atticas
505 993 702 1033 Meursii.
737 991 883 1039 Ἀθηνᾶ
902 990 992 1029 sive

113 1058 314 1099 Minerva
339 1057 391 1096 iis
415 1068 571 1096 nomen
592 1056 726 1107 dedit,
749 1056 894 1104 Ἀθηνᾶ
920 1068 993 1095 au-

111 1128 200 1164 tem
216 1120 351 1161 refert
365 1119 647 1160 Hebraeorum
659 1119 830 1159 Adonai.
861 1120 993 1172 Thys.

103 1216 105 1218 -
163 1182 303 1236 Magi]
332 1183 598 1224 Dicebantur
621 1183 733 1235 apud
763 1182 907 1234 Syrios
929 1195 994 1223 sa-

102 1250 298 1302 pientes,
338 1249 406 1290 vel
440 1260 543 1301 quos
579 1249 760 1289 Romani
796 1247 1010 1300 Augures·

112 1313 351 1364 appellant.
407 1316 517 1353 wan
549 1313 666 1366 Syris
698 1312 993 1363 indagatorem

114 1376 306 1417 denotat.
386 1378 550 1419 Tarich
607 1376 994 1416 Musulmannicum

115 1442 269 1544 μδ·
347 1461 489 1506 vocat,
528 1454 571 1494 id
618 1458 699 1505 est,
740 1453 993 1515 sapientem.

113 1527 238 1598 Dicit
299 1561 412 1602 enim
506 1538 660 1639 2⁶⁴}ss
752 1547 992 1618 ‘guni-soi?

115 1643 312 1685 Ghamb
327 1622 593 1702 Sapientem,
623 1645 694 1685 ubi
714 1644 826 1686 forte
846 1646 991 1697 legen—

113 1737 230 1791 dum,
276 1741 507 1814 “mi—5⁴0
557 1739 742 1790 ΜαΙια-ςῠ,
769 1740 832 1780 ita
861 1745 907 1779 ut
935 1740 993 1780 sit

113 1817 270 1871 Magus
291 1818 402 1860 idem
421 1820 537 1873 quod
560 1821 747 1871 sapiens.

164 1883 356 1935 Leonida]
394 1885 506 1925 Nam
527 1884 740 1924 Leonidas
758 1884 991 1935 Spartano-

113 1957 206 1986 rum
224 1959 301 1986 rex
320 1959 416 1988 cum
427 1946 640 1987 ‘trecentis
655 1946 861 1986 militibus
876 1944 990 1996 apud

110 2009 435 2062 Thermopylas,
463 2010 608 2050 Persis
635 2009 678 2049 in
698 2009 916 2050 Graeciam
936 2020 991 2048 ex

102 2070 220 2112 Asia
249 2073 587 2122 transeuntibus,
621 2073 828 2123 occurrit,
859 2078 905 2112 et
931 2072 993 2111 ita

100 2146 208 2175 vcnm
242 2135 400 2175 Xerxis
437 2137 632 2177 exercitu
676 2136 897 2188 pugnavit,
943 2139 992 2174 ut

111 2197 249 2250 ipsum
284 2210 430 2251 regem
463 2199 693 2250 aliquoties
726 2211 751 2238 a
782 2198 885 2238 sede
917 2210 991 2238 sua

113 2266 433 2313 consternatum
459 2262 502 2302 in
521 2261 666 2313 fugam
686 2267 962 2302 converteret
979 2275 991 2310 ;

60 2366 64 2370 ⁴
115 2323 190 2364 sed
203 2324 473 2365 multitudine
489 2325 671 2366 militum
685 2324 878 2376 oppressi
894 2331 995 2364 sunt

114 2386 328 2440 Spartani.
400 2387 511 2428 Haec
555 2388 751 2428 Historia
788 2399 863 2428 suo
898 2387 995 2426 loco

114 2453 283 2504 plenius
318 2453 578 2507 tractabitur
609 2453 684 2493 lib.
717 2464 790 2493 111.
827 2464 922 2504 cap.
956 2455 995 2492 2.

118 2515 270 2557 Olim.

165 2581 192 2632 ς
211 2583 238 2621 2
265 2579 522 2631 Miaaevero]
551 2581 622 2620 De
651 2591 734 2633 quo
761 2578 911 2620 Poetae
933 2576 994 2617 fa-

99 2642 253 2685 butan
285 2649 400 2696 sunt,
425 2643 631 2696 quicquid
666 2642 862 2685 manibus
895 2642 994 2683 atti-

117 2705 251 2758 gisset
294 2705 338 2745 in
383 2717 531 2746 aurum
578 2717 844 2746 conversum.
903 2707 992 2748 Cic.

100 2768 275 2810 .‘Midae
294 2769 358 2809 illi
386 2768 592 2820 Phrygio,
621 2781 718 2808 cum
737 2781 844 2821 puer
865 2776 993 2818 esset,

101 2831 358 2884 dormienti,
371 2831 560 2873 formica».
581 2834 625 2873 in
644 2845 691 2873 os
713 2845 844 2886 grana
858 2833 994 2873 tritici

117 2901 452 2948 congesserunt:
483 2897 738 2937 ditissimum
768 2896 862 2937 fore
883 2909 993 2949 prae·

114 2956 305 2998 dicatum
326 2965 418 2998 est:
439 2958 553 3010 quod
574 2959 749 3000 evenit!
803 2960 904 2999 Fuit
923 2972 994 2999 au-

117 3026 204 3061 tem
223 3019 292 3061 hic
309 3021 463 3061 Gordii
483 3021 611 3072 filius,
634 3022 836 3075 Phrygiae
856 3024 995 3075 Maj07·

115 3083 175 3124 ris
188 3095 282 3134 rex,
297 3084 369 3137 qui
384 3083 601 3136 Ancyram
617 3086 767 3127 urbem
786 3087 996 3140 condidit,

115 3146 240 3198 eujus
251 3146 416 3187 Plinius
427 3153 472 3187 et
481 3147 741 3189 Ptolemaeus
750 3151 995 3192 meminere.

118 3207 252 3260 anits
282 3207 459 3249 infinitae
493 3222 596 3262 opes
634 3211 678 3250 in
719 3213 993 3264 proverbium

119 3268 280 3317 abiere.
338 3271 478 3312 Notus
497 3285 551 3312 ex
585 3274 734 3325 Surda,
762 3275 994 3327 Stephano,

106 3329 414 3385 ,Aristophanis
427 3336 680 3387 interprete,
693 3337 723 3379 J
726 3338 883 3388 ustino,
894 3338 996 3378 Ovi·

121 3393 209 3447 dio,
225 3397 294 3436 cui
313 3402 358 3436 et
382 3397 394 3419 ‘
412 3390 719 3450 Berecynthius
742 3400 907 3441 Heros'
933 3400 995 3440 di-

122 3455 246 3497 citnr.
303 3459 346 3499 Is
377 3460 430 3499 ab
457 3460 631 3513 Orpheo
649 3465 782 3504 sacris
800 3464 995 3505 initiatus

123 3517 293 3562 Jmtino
311 3521 482 3564 dicitur.

1829 290 1936 343 963

1114 418 1259 470 Midoe]
1286 418 1521 460 Notissima
1542 422 1610 458 est
1626 419 1740 470 apud
1763 420 1940 460 Graecos

1055 481 1232 521 historia
1249 482 1303 522 de
1317 483 1460 523 Sileno
1474 495 1499 521 a
1515 481 1638 521 Mida
1649 487 1794 534 satyro
1810 496 1942 534 quon-

1057 545 1155 584 dam
1175 551 1329 597 capto:
1363 547 1436 599 qui
1468 545 1661 585 miranda
1679 546 1872 598 quaedam
1895 555 1941 588 et

1058 609 1253 649 omnibus
1287 609 1435 662 ignota
1453 610 1573 650 illum
1593 609 1804 651 docuerit.
1859 612 1941 651 Os-

1056 671 1318 712 tendebatur
1356 674 1400 712 in
1440 673 1632 725 Phrygia
1669 685 1751 712 non
1792 676 1945 725 procul

1047 734 1244 774 ¹Celaenis
1287 734 1382 775 fons
1424 736 1614 788 quidam,
1662 736 1946 788 Xenophonti

1057 797 1173 837 visus
1207 803 1252 838 et
1285 805 1483 839 narratus
1514 800 1557 838 in
1588 799 1725 851 primo
1750 800 1943 846 Ἀναβάσ.

1057 860 1129 900 ubi
1147 866 1324 912 captum
1339 862 1547 914 Silenum,
1564 875 1692 915 quum
1710 865 1803 904 loco
1821 878 1942 918 aquae

1058 924 1199 964 viuum
1235 930 1351 965 esset
1385 924 1590 976 infusum,
1616 924 1733 966 fama
1770 927 1943 979 publica

1057 987 1261 1038 tenebat3
1290 988 1474 1040 plurima
1501 995 1645 1029 autem
1664 990 1779 1041 apud
1807 990 1942 1030 Midae

1058 1063 1197 1103 aures,
1214 1057 1262 1090 ut
1282 1051 1344 1092 ait
1363 1051 1516 1092 doctor
1537 1050 1658 1103 Afer,
1676 1052 1943 1106 philosopha-

1058 1121 1147 1154 tum
1164 1126 1258 1155 esse
1276 1114 1390 1155 hunc
1410 1115 1614 1165 Silenum,
1636 1128 1715 1166 pro
1732 1123 1851 1156 certo
1872 1119 1944 1157 lia-

1057 1176 1212 1228 bitum,
1239 1180 1365 1231 quale
1395 1179 1502 1218 illud
1535 1178 1651 1230 apud
1672 1180 1736 1219 M.
1756 1181 1942 1220 Tullium

1057 1243 1100 1282 in
1133 1242 1268 1294 primo
1287 1243 1624 1283 Tusculanarum
1641 1256 1652 1283 ε
1681 1243 1694 1265 ‘
1711 1244 1870 1285 Fertur
1889 1245 1943 1284 de

1058 1305 1204 1345 Sileno
1234 1305 1393 1345 fabella
1426 1305 1653 1358 quaedam:
1686 1307 1759 1360 qui
1795 1320 1890 1347 cum
1920 1321 1946 1347 a

1062 1369 1182 1409 Mida
1214 1364 1378 1421 captus'
1403 1376 1533 1420 esset,
1567 1370 1648 1410 hoc
1683 1372 1723 1410 ei
1757 1373 1946 1414 muueris

1059 1444 1138 1483 pro
1169 1445 1246 1472 sua
1278 1429 1474 1472 missione
1508 1433 1681 1473 dedisse
1712 1435 1944 1475 scribitur:

1059 1495 1256 1536 docuisse
1288 1508 1450 1547 regem,
1484 1498 1586 1536 Non
1609 1507 1742 1537 NAscr
1763 1509 1945 1538 ΗοΜιΝΙ

1056 1569 1210 1598 LONGE
1248 1570 1468 1600 οΡΤΙΜυΜ
1508 1571 1641 1601 ESSE:
1684 1573 1945 1604 PROXIMUM

1056 1634 1213 1664 Auri-:M
1245 1635 1376 1668 QUAM
1407 1636 1603 1666 PRIMUM
1634 1626 1791 1665 mom?
1854 1627 1943 1666 Sed

1056 1694 1101 1728 et
1123 1688 1176 1729 de
1198 1690 1325 1730 rebus
1338 1690 1541 1742 Physicis
1562 1702 1722 1730 arcana
1742 1691 1941 1743 quae‘dam

1056 1766 1081 1792 a
1110 1753 1253 1793 Sileno
1285 1754 1451 1793 Midam
1481 1755 1765 1804 κατηχηθῆναι,
1794 1762 1944 1795 auctor

1010 1844 1015 1848 -
1053 1817 1354 1870 Theopompus
1364 1817 1512 1868 Chius,
1527 1825 1572 1858 et
1586 1830 1639 1858 ex
1655 1831 1706 1858 eo
1721 1819 1790 1859 alii
1806 1820 1943 1860 multi.

1055 1881 1109 1921 In
1126 1882 1189 1921 his
1209 1882 1381 1934 Strabo,
1407 1884 1712 1931 Tertullianus,
1735 1883 1941 1935 AElianus,

1054 1950 1102 1984 et
1126 1945 1431 1986 Philostratus.
1489 1946 1648 1999 Itaque
1667 1947 1942 1988 doctissimus

1054 2009 1240 2049 omnium
1259 2008 1493 2050 Poetarum
1514 2010 1741 2063 Virgilius,
1769 2023 1943 2051 carmen

1057 2072 1111 2111 de
1147 2073 1374 2125 principiis
1412 2078 1458 2113 et
1492 2074 1672 2114 conditu
1709 2087 1852 2115 rerum
1896 2082 1944 2114 et

1055 2137 1356 2177 vetustissimis
1386 2138 1516 2177 rebus
1554 2138 1648 2177 aliis
1685 2138 1944 2190 scripturus,

1054 2199 1199 2240 Sileno
1219 2200 1375 2251 potius,
1404 2211 1530 2252 quam
1550 2200 1622 2240 alii
1643 2201 1718 2240 ulli
1735 2199 1790 2240 de
1814 2200 1945 2240 tantis

1056 2263 1184 2302 rebus
1223 2263 1462 2303 disserendi
1512 2263 1672 2315 parteis
1708 2264 1909 2304 attribuit
1928 2279 1939 2304 ε

1056 2326 1165 2378 quod
1182 2327 1256 2378 qui
1273 2331 1435 2366 temere.
1451 2339 1476 2366 a
1491 2327 1826 2378 prudentissimo
1842 2334 1942 2367 vate

1057 2395 1214 2440 putant
1233 2389 1411 2440 factum,
1440 2390 1632 2442 imperiti
1663 2396 1778 2442 sunt,
1812 2397 1941 2443 atque

1055 2453 1205 2504 inepti.
1266 2453 1433 2494 Midam
1454 2465 1556 2494 vero
1575 2453 1704 2493 etiam
1727 2453 1864 2505 ipsum
1886 2454 1941 2495 de

1054 2519 1306 2570 Satyrorum
1328 2531 1485 2571 genere
1507 2519 1652 2569 fuisse,
1671 2521 1940 2561 Philostrato

1056 2581 1232 2634 aliisque
1245 2583 1418 2634 placet:
1437 2584 1585 2635 plures
1600 2584 1736 2624 virum
1757 2583 1941 2630 faciunt3

1055 2645 1259 2698 Phrygizc
1280 2659 1442 2698 regem,
1456 2659 1510 2687 ex
1529 2647 1752 2688 Herodoto
1769 2653 1815 2689 et
1832 2648 1940 2688 Ροδ-

1057 2709 1110 2749 tis
1130 2710 1412 2750 notissimum.
1445 2710 1615 2752 Casaub.

1110 2771 1312 2824 Phrygio]
1352 2772 1468 2814 Asiae
1488 2774 1673 2814 Minoris
1691 2774 1824 2827 regio,
1843 2788 1939 2827 quae

1056 2835 1170 2887 apud
1203 2836 1456 2876 Strabonem
1495 2843 1540 2878 et
1577 2838 1864 2878 Ptolemaeum
1895 2839 1939 2877 in

1055 2899 1265 2950 majorem
1296 2904 1341 2938 et
1359 2899 1572 2954 minorem
1590 2900 1827 2941 dividitur:
1860 2903 1937 2940 mi-

1054 2973 1203 3001 norem
1222 2962 1352 3002 etiam
1370 2962 1771 3015 Hellespontiacam
1789 2966 1939 3016 ,appel-

1053 3025 1162 3065 lavit
1180 3026 1353 3066 Strabo.
1410 3028 1477 3066 Ex
1496 3028 1656 3068 notitia
1675 3040 1842 3080 quoque
1862 3028 1939 3067 im-

1055 3089 1163 3140 perii
1185 3089 1422 3130 Orientalis
1441 3091 1580 3143 liquet
1597 3090 1812 3142 Phrygias
1834 3090 1937 3130 duas

1058 3149 1206 3202 fuisse,
1260 3152 1539 3192 Pacatianam
1585 3160 1631 3194 et
1685 3154 1937 3194 Salutarem.

1057 3214 1211 3253 Plures
1230 3216 1411 3266 populos
1432 3216 1533 3256 olim
1563 3217 1794 3268 Phrygiam
1827 3227 1939 3255 com-

1056 3278 1350 3330 prehendisse,
1404 3290 1458 3318 ex
1505 3280 1740 3320 Claudiano
1786 3279 1939 3330 liquet,

1056 3352 1152 3379 cum
1191 3340 1324 3381 dicit:
1367 3342 1380 3364 ‘
1402 3342 1576 3382 Finibus
1611 3341 1790 3393 obliquis
1826 3341 1936 3394 Lydi

1057 3404 1302 3456 Pisidaeque
1334 3404 1519 3455 feroces,
1555 3406 1818 3446 Continuant
1849 3406 1937 3447 Au-

1058 3467 1189 3506 strale
1231 3468 1344 3506 latus
1364 3481 1375 3507 ς
1438 3480 1541 3518 gens
1579 3479 1662 3507 una
1697 3467 1817 3508 fuere
1855 3470 1938 3509 Tot

1059 3529 1270 3580 quondam
1301 3529 1462 3581 populi,
1493 3530 1682 3581 priscum
1704 3542 1935 3582 cognomen
